[{"id": "980269686", "price": 0.12961, "amount": 108.0, "side": "sell", "timestamp": 1765842066156}, {"id": "980269687", "price": 0.12962, "amount": 118.0, "side": "buy", "timestamp": 1765842066372}, {"id": "980269688", "price": 0.12961, "amount": 1707.0, "side": "sell", "timestamp": 1765842066956}, {"id": "980269689", "price": 0.12961, "amount": 974.0, "side": "sell", "timestamp": 1765842067084}, {"id": "980269690", "price": 0.1296, "amount": 1.0, "side": "sell", "timestamp": 1765842067090}, {"id": "980269691", "price": 0.1296, "amount": 24800.0, "side": "sell", "timestamp": 1765842067517}, {"id": "980269692", "price": 0.12961, "amount": 43.0, "side": "buy", "timestamp": 1765842067746}, {"id": "980269693", "price": 0.12961, "amount": 2266.0, "side": "buy", "timestamp": 1765842067949}, {"id": "980269694", "price": 0.12962, "amount": 74921.0, "side": "buy", "timestamp": 1765842068051}, {"id": "980269695", "price": 0.12963, "amount": 5035.0, "side": "buy", "timestamp": 1765842068265}, {"id": "980269696", "price": 0.12964, "amount": 5037.0, "side": "buy", "timestamp": 1765842068279}, {"id": "980269697", "price": 0.12965, "amount": 25820.0, "side": "buy", "timestamp": 1765842068380}, {"id": "980269698", "price": 0.12966, "amount": 62.0, "side": "buy", "timestamp": 1765842068703}, {"id": "980269699", "price": 0.12965, "amount": 2545.0, "side": "sell", "timestamp": 1765842069106}, {"id": "980269700", "price": 0.12966, "amount": 2053.0, "side": "buy", "timestamp": 1765842069182}, {"id": "980269701", "price": 0.12965, "amount": 271.0, "side": "sell", "timestamp": 1765842069221}, {"id": "980269702", "price": 0.12966, "amount": 2313.0, "side": "buy", "timestamp": 1765842069580}, {"id": "980269703", "price": 0.12965, "amount": 4414.0, "side": "sell", "timestamp": 1765842070525}, {"id": "980269704", "price": 0.12964, "amount": 2739.0, "side": "sell", "timestamp": 1765842070531}, {"id": "980269705", "price": 0.12963, "amount": 79149.0, "side": "sell", "timestamp": 1765842070532}, {"id": "980269706", "price": 0.12963, "amount": 79.0, "side": "buy", "timestamp": 1765842070682}, {"id": "980269707", "price": 0.12964, "amount": 1500.0, "side": "buy", "timestamp": 1765842070916}, {"id": "980269708", "price": 0.12964, "amount": 28184.0, "side": "buy", "timestamp": 1765842071210}, {"id": "980269709", "price": 0.12965, "amount": 16258.0, "side": "buy", "timestamp": 1765842071210}, {"id": "980269710", "price": 0.12964, "amount": 50.0, "side": "buy", "timestamp": 1765842071315}, {"id": "980269711", "price": 0.12964, "amount": 3384.0, "side": "buy", "timestamp": 1765842071583}, {"id": "980269712", "price": 0.12963, "amount": 108.0, "side": "sell", "timestamp": 1765842072037}, {"id": "980269713", "price": 0.12964, "amount": 881.0, "side": "buy", "timestamp": 1765842072618}, {"id": "980269714", "price": 0.12964, "amount": 100.0, "side": "buy", "timestamp": 1765842072998}, {"id": "980269715", "price": 0.12964, "amount": 11468.0, "side": "buy", "timestamp": 1765842073383}, {"id": "980269716", "price": 0.12964, "amount": 3868.0, "side": "buy", "timestamp": 1765842073493}, {"id": "980269717", "price": 0.12965, "amount": 271.0, "side": "buy", "timestamp": 1765842073496}, {"id": "980269718", "price": 0.12966, "amount": 1837.0, "side": "buy", "timestamp": 1765842073974}, {"id": "980269719", "price": 0.12966, "amount": 12892.0, "side": "buy", "timestamp": 1765842074165}, {"id": "980269720", "price": 0.12965, "amount": 134.0, "side": "sell", "timestamp": 1765842074453}, {"id": "980269721", "price": 0.12966, "amount": 534.0, "side": "buy", "timestamp": 1765842074745}, {"id": "980269722", "price": 0.12966, "amount": 660.0, "side": "buy", "timestamp": 1765842074971}, {"id": "980269723", "price": 0.12965, "amount": 108.0, "side": "sell", "timestamp": 1765842075087}, {"id": "980269724", "price": 0.12965, "amount": 41.0, "side": "sell", "timestamp": 1765842076756}, {"id": "980269725", "price": 0.12965, "amount": 108.0, "side": "sell", "timestamp": 1765842078137}, {"id": "980269726", "price": 0.12966, "amount": 325.0, "side": "buy", "timestamp": 1765842080203}, {"id": "980269727", "price": 0.12965, "amount": 108.0, "side": "sell", "timestamp": 1765842081177}, {"id": "980269728", "price": 0.12966, "amount": 61.0, "side": "buy", "timestamp": 1765842081503}, {"id": "980269729", "price": 0.12966, "amount": 370.0, "side": "buy", "timestamp": 1765842081614}, {"id": "980269730", "price": 0.12965, "amount": 19949.0, "side": "sell", "timestamp": 1765842083025}, {"id": "980269731", "price": 0.12964, "amount": 6072.0, "side": "sell", "timestamp": 1765842083671}, {"id": "980269732", "price": 0.12963, "amount": 108.0, "side": "sell", "timestamp": 1765842084197}, {"id": "980269733", "price": 0.12964, "amount": 689.0, "side": "buy", "timestamp": 1765842084293}, {"id": "980269734", "price": 0.12963, "amount": 88.0, "side": "sell", "timestamp": 1765842086301}, {"id": "980269735", "price": 0.12964, "amount": 2521.0, "side": "buy", "timestamp": 1765842086373}, {"id": "980269856", "price": 0.12969, "amount": 2186.0, "side": "buy", "timestamp": 1765842128569}, {"id": "980269857", "price": 0.12968, "amount": 108.0, "side": "sell", "timestamp": 1765842129115}, {"id": "980269858", "price": 0.12969, "amount": 61.0, "side": "buy", "timestamp": 1765842130121}, {"id": "980269859", "price": 0.12969, "amount": 165108.0, "side": "buy", "timestamp": 1765842130345}, {"id": "980269860", "price": 0.1297, "amount": 151048.0, "side": "buy", "timestamp": 1765842130345}, {"id": "980269861", "price": 0.12971, "amount": 208840.0, "side": "buy", "timestamp": 1765842130345}, {"id": "980269862", "price": 0.12972, "amount": 168672.0, "side": "buy", "timestamp": 1765842130345}, {"id": "980269863", "price": 0.12971, "amount": 28401.0, "side": "sell", "timestamp": 1765842130349}, {"id": "980269864", "price": 0.1297, "amount": 8033.0, "side": "sell", "timestamp": 1765842130351}, {"id": "980269865", "price": 0.12969, "amount": 1862.0, "side": "sell", "timestamp": 1765842130410}, {"id": "980269866", "price": 0.12968, "amount": 399977.0, "side": "sell", "timestamp": 1765842130487}, {"id": "980269867", "price": 0.12967, "amount": 103424.0, "side": "sell", "timestamp": 1765842130502}, {"id": "980269868", "price": 0.12966, "amount": 363654.0, "side": "sell", "timestamp": 1765842130502}, {"id": "980269869", "price": 0.12965, "amount": 4428.0, "side": "sell", "timestamp": 1765842130673}, {"id": "980269870", "price": 0.12964, "amount": 28388.0, "side": "sell", "timestamp": 1765842130673}, {"id": "980269871", "price": 0.12965, "amount": 46610.0, "side": "buy", "timestamp": 1765842130998}, {"id": "980269872", "price": 0.12966, "amount": 325.0, "side": "buy", "timestamp": 1765842131018}, {"id": "980269873", "price": 0.12966, "amount": 350.0, "side": "sell", "timestamp": 1765842131112}, {"id": "980269874", "price": 0.12967, "amount": 63.0, "side": "buy", "timestamp": 1765842131311}, {"id": "980269875", "price": 0.12966, "amount": 719.0, "side": "sell", "timestamp": 1765842131446}, {"id": "980269876", "price": 0.12965, "amount": 339.0, "side": "sell", "timestamp": 1765842131561}, {"id": "980269877", "price": 0.12965, "amount": 108.0, "side": "sell", "timestamp": 1765842132160}, {"id": "980269878", "price": 0.12966, "amount": 121.0, "side": "buy", "timestamp": 1765842132282}, {"id": "980269879", "price": 0.12965, "amount": 157.0, "side": "sell", "timestamp": 1765842132368}, {"id": "980269880", "price": 0.12964, "amount": 198.0, "side": "sell", "timestamp": 1765842132373}, {"id": "980269881", "price": 0.12965, "amount": 423220.0, "side": "buy", "timestamp": 1765842132385}, {"id": "980269882", "price": 0.12965, "amount": 5000.0, "side": "sell", "timestamp": 1765842133104}, {"id": "980269883", "price": 0.12966, "amount": 205.0, "side": "buy", "timestamp": 1765842133236}, {"id": "980269884", "price": 0.12965, "amount": 108.0, "side": "sell", "timestamp": 1765842135199}, {"id": "980269885", "price": 0.12966, "amount": 116.0, "side": "buy", "timestamp": 1765842135607}, {"id": "980269886", "price": 0.12966, "amount": 24227.0, "side": "buy", "timestamp": 1765842135744}, {"id": "980269887", "price": 0.12966, "amount": 69.0, "side": "buy", "timestamp": 1765842136156}, {"id": "980269888", "price": 0.12965, "amount": 389.0, "side": "sell", "timestamp": 1765842137489}, {"id": "980269889", "price": 0.12965, "amount": 108.0, "side": "sell", "timestamp": 1765842138030}, {"id": "980269890", "price": 0.12966, "amount": 202.0, "side": "buy", "timestamp": 1765842138168}, {"id": "980269891", "price": 0.12965, "amount": 739622.0, "side": "sell", "timestamp": 1765842138404}, {"id": "980269892", "price": 0.12964, "amount": 280.0, "side": "sell", "timestamp": 1765842138425}, {"id": "980269893", "price": 0.12963, "amount": 2314.0, "side": "sell", "timestamp": 1765842138817}, {"id": "980269894", "price": 0.12963, "amount": 3010.0, "side": "sell", "timestamp": 1765842139639}, {"id": "980269895", "price": 0.12963, "amount": 104.0, "side": "buy", "timestamp": 1765842139953}, {"id": "980269896", "price": 0.12962, "amount": 5864.0, "side": "sell", "timestamp": 1765842140117}, {"id": "980269897", "price": 0.12962, "amount": 3506.0, "side": "buy", "timestamp": 1765842140170}, {"id": "980269898", "price": 0.12961, "amount": 108.0, "side": "sell", "timestamp": 1765842141086}, {"id": "980269899", "price": 0.12962, "amount": 53920.0, "side": "buy", "timestamp": 1765842141458}, {"id": "980269900", "price": 0.12963, "amount": 318.0, "side": "buy", "timestamp": 1765842141465}, {"id": "980269901", "price": 0.12964, "amount": 10573.0, "side": "buy", "timestamp": 1765842141574}, {"id": "980269902", "price": 0.12965, "amount": 4182.0, "side": "buy", "timestamp": 1765842141578}, {"id": "980269903", "price": 0.12966, "amount": 17222.0, "side": "buy", "timestamp": 1765842141732}, {"id": "980269904", "price": 0.12967, "amount": 962.0, "side": "buy", "timestamp": 1765842141744}, {"id": "980269905", "price": 0.12967, "amount": 36036.0, "side": "sell", "timestamp": 1765842141836}, {"id": "980269984", "price": 0.12956, "amount": 108.0, "side": "sell", "timestamp": 1765842180049}, {"id": "980269985", "price": 0.12957, "amount": 177.0, "side": "buy", "timestamp": 1765842180301}, {"id": "980269986", "price": 0.12956, "amount": 108.0, "side": "sell", "timestamp": 1765842180301}, {"id": "980269987", "price": 0.12957, "amount": 3873.0, "side": "buy", "timestamp": 1765842180601}, {"id": "980269988", "price": 0.12957, "amount": 476.0, "side": "buy", "timestamp": 1765842180903}, {"id": "980269989", "price": 0.12957, "amount": 96.0, "side": "buy", "timestamp": 1765842181042}, {"id": "980269990", "price": 0.12957, "amount": 74.0, "side": "buy", "timestamp": 1765842181342}, {"id": "980269991", "price": 0.12956, "amount": 108.0, "side": "sell", "timestamp": 1765842183079}, {"id": "980269992", "price": 0.12957, "amount": 20162.0, "side": "buy", "timestamp": 1765842183476}, {"id": "980269993", "price": 0.12958, "amount": 4452.0, "side": "buy", "timestamp": 1765842183497}, {"id": "980269994", "price": 0.12957, "amount": 3858.0, "side": "sell", "timestamp": 1765842183896}, {"id": "980269995", "price": 0.12958, "amount": 67.0, "side": "buy", "timestamp": 1765842184422}, {"id": "980269996", "price": 0.12958, "amount": 130.0, "side": "buy", "timestamp": 1765842184769}, {"id": "980269997", "price": 0.12958, "amount": 39.0, "side": "buy", "timestamp": 1765842185043}, {"id": "980269998", "price": 0.12958, "amount": 58.0, "side": "buy", "timestamp": 1765842185190}, {"id": "980269999", "price": 0.12958, "amount": 138.0, "side": "buy", "timestamp": 1765842185415}, {"id": "980270000", "price": 0.12958, "amount": 237.0, "side": "buy", "timestamp": 1765842185520}, {"id": "980270001", "price": 0.12958, "amount": 146.0, "side": "buy", "timestamp": 1765842185822}, {"id": "980270002", "price": 0.12957, "amount": 108.0, "side": "sell", "timestamp": 1765842186105}, {"id": "980270003", "price": 0.12958, "amount": 1778.0, "side": "buy", "timestamp": 1765842187145}, {"id": "980270004", "price": 0.12958, "amount": 38826.0, "side": "buy", "timestamp": 1765842188247}, {"id": "980270005", "price": 0.12959, "amount": 3028.0, "side": "buy", "timestamp": 1765842188250}, {"id": "980270006", "price": 0.12959, "amount": 22404.0, "side": "buy", "timestamp": 1765842188390}, {"id": "980270007", "price": 0.1296, "amount": 1691.0, "side": "buy", "timestamp": 1765842188413}, {"id": "980270008", "price": 0.12959, "amount": 14326.0, "side": "sell", "timestamp": 1765842189089}, {"id": "980270009", "price": 0.12958, "amount": 108.0, "side": "sell", "timestamp": 1765842189143}, {"id": "980270010", "price": 0.12959, "amount": 1567.0, "side": "buy", "timestamp": 1765842189145}, {"id": "980270011", "price": 0.12959, "amount": 105.0, "side": "buy", "timestamp": 1765842189404}, {"id": "980270012", "price": 0.12959, "amount": 228.0, "side": "buy", "timestamp": 1765842189708}, {"id": "980270013", "price": 0.12959, "amount": 137.0, "side": "buy", "timestamp": 1765842190026}, {"id": "980270014", "price": 0.12959, "amount": 2890.0, "side": "buy", "timestamp": 1765842190251}, {"id": "980270015", "price": 0.12958, "amount": 200.0, "side": "sell", "timestamp": 1765842190471}, {"id": "980270016", "price": 0.12959, "amount": 220.0, "side": "buy", "timestamp": 1765842191061}, {"id": "980270017", "price": 0.12959, "amount": 691.0, "side": "buy", "timestamp": 1765842191490}, {"id": "980270018", "price": 0.12959, "amount": 93.0, "side": "sell", "timestamp": 1765842191635}, {"id": "980270019", "price": 0.12959, "amount": 20869.0, "side": "sell", "timestamp": 1765842191832}, {"id": "980270020", "price": 0.1296, "amount": 96.0, "side": "buy", "timestamp": 1765842192103}, {"id": "980270021", "price": 0.12959, "amount": 108.0, "side": "sell", "timestamp": 1765842192183}, {"id": "980270022", "price": 0.1296, "amount": 104.0, "side": "buy", "timestamp": 1765842192430}, {"id": "980270023", "price": 0.12959, "amount": 96996.0, "side": "sell", "timestamp": 1765842192770}, {"id": "980270024", "price": 0.12959, "amount": 1734.0, "side": "buy", "timestamp": 1765842194527}, {"id": "980270025", "price": 0.12959, "amount": 187.0, "side": "buy", "timestamp": 1765842195081}, {"id": "980270026", "price": 0.12958, "amount": 108.0, "side": "sell", "timestamp": 1765842195202}, {"id": "980270027", "price": 0.12959, "amount": 704.0, "side": "buy", "timestamp": 1765842195346}, {"id": "980270028", "price": 0.1296, "amount": 118.0, "side": "buy", "timestamp": 1765842195703}, {"id": "980270029", "price": 0.12959, "amount": 7716.0, "side": "sell", "timestamp": 1765842195982}, {"id": "980270030", "price": 0.12959, "amount": 160.0, "side": "sell", "timestamp": 1765842196322}, {"id": "980270031", "price": 0.1296, "amount": 2612.0, "side": "buy", "timestamp": 1765842196555}, {"id": "980270032", "price": 0.1296, "amount": 990.0, "side": "buy", "timestamp": 1765842196814}, {"id": "980270033", "price": 0.12959, "amount": 46.0, "side": "sell", "timestamp": 1765842196944}, {"id": "980270080", "price": 0.12964, "amount": 1120.0, "side": "buy", "timestamp": 1765842223495}, {"id": "980270081", "price": 0.12963, "amount": 337.0, "side": "sell", "timestamp": 1765842224034}, {"id": "980270082", "price": 0.12963, "amount": 108.0, "side": "sell", "timestamp": 1765842225153}, {"id": "980270083", "price": 0.12964, "amount": 27.0, "side": "buy", "timestamp": 1765842226580}, {"id": "980270084", "price": 0.12963, "amount": 406.0, "side": "sell", "timestamp": 1765842226838}, {"id": "980270085", "price": 0.12964, "amount": 11319.0, "side": "buy", "timestamp": 1765842227549}, {"id": "980270086", "price": 0.12964, "amount": 93.0, "side": "sell", "timestamp": 1765842227632}, {"id": "980270087", "price": 0.12964, "amount": 108.0, "side": "sell", "timestamp": 1765842228171}, {"id": "980270088", "price": 0.12965, "amount": 39.0, "side": "buy", "timestamp": 1765842228284}, {"id": "980270089", "price": 0.12964, "amount": 2722.0, "side": "sell", "timestamp": 1765842228746}, {"id": "980270090", "price": 0.12965, "amount": 200.0, "side": "buy", "timestamp": 1765842230936}, {"id": "980270091", "price": 0.12964, "amount": 108.0, "side": "sell", "timestamp": 1765842231203}, {"id": "980270092", "price": 0.12965, "amount": 24.0, "side": "buy", "timestamp": 1765842231530}, {"id": "980270093", "price": 0.12964, "amount": 6637.0, "side": "sell", "timestamp": 1765842232026}, {"id": "980270094", "price": 0.12965, "amount": 75.0, "side": "buy", "timestamp": 1765842232601}, {"id": "980270095", "price": 0.12965, "amount": 443.0, "side": "buy", "timestamp": 1765842233005}, {"id": "980270096", "price": 0.12965, "amount": 93.0, "side": "buy", "timestamp": 1765842233618}, {"id": "980270097", "price": 0.12964, "amount": 108.0, "side": "sell", "timestamp": 1765842234025}, {"id": "980270098", "price": 0.12964, "amount": 42.0, "side": "sell", "timestamp": 1765842234686}, {"id": "980270099", "price": 0.12965, "amount": 98.0, "side": "buy", "timestamp": 1765842235766}, {"id": "980270100", "price": 0.12965, "amount": 81.0, "side": "buy", "timestamp": 1765842236752}, {"id": "980270101", "price": 0.12964, "amount": 108.0, "side": "sell", "timestamp": 1765842237056}, {"id": "980270102", "price": 0.12965, "amount": 205.0, "side": "buy", "timestamp": 1765842237539}, {"id": "980270103", "price": 0.12965, "amount": 109.0, "side": "buy", "timestamp": 1765842237679}, {"id": "980270104", "price": 0.12964, "amount": 198.0, "side": "sell", "timestamp": 1765842238245}, {"id": "980270105", "price": 0.12965, "amount": 9581.0, "side": "buy", "timestamp": 1765842238861}, {"id": "980270106", "price": 0.12966, "amount": 487.0, "side": "buy", "timestamp": 1765842238869}, {"id": "980270107", "price": 0.12967, "amount": 5784.0, "side": "buy", "timestamp": 1765842240066}, {"id": "980270108", "price": 0.12966, "amount": 108.0, "side": "sell", "timestamp": 1765842240085}, {"id": "980270109", "price": 0.12967, "amount": 137.0, "side": "buy", "timestamp": 1765842240946}, {"id": "980270110", "price": 0.12966, "amount": 771.0, "side": "sell", "timestamp": 1765842241207}, {"id": "980270111", "price": 0.12967, "amount": 94.0, "side": "buy", "timestamp": 1765842242403}, {"id": "980270112", "price": 0.12966, "amount": 108.0, "side": "sell", "timestamp": 1765842243161}, {"id": "980270113", "price": 0.12967, "amount": 103.0, "side": "buy", "timestamp": 1765842244016}, {"id": "980270114", "price": 0.12967, "amount": 219.0, "side": "buy", "timestamp": 1765842244392}, {"id": "980270115", "price": 0.12967, "amount": 7936.0, "side": "buy", "timestamp": 1765842244771}, {"id": "980270116", "price": 0.12967, "amount": 61.0, "side": "buy", "timestamp": 1765842244999}, {"id": "980270117", "price": 0.12967, "amount": 70.0, "side": "buy", "timestamp": 1765842245410}, {"id": "980270118", "price": 0.12967, "amount": 249.0, "side": "buy", "timestamp": 1765842245590}, {"id": "980270119", "price": 0.12967, "amount": 1689.0, "side": "buy", "timestamp": 1765842245725}, {"id": "980270120", "price": 0.12967, "amount": 19.0, "side": "buy", "timestamp": 1765842245828}, {"id": "980270121", "price": 0.12966, "amount": 108.0, "side": "sell", "timestamp": 1765842246193}, {"id": "980270122", "price": 0.12967, "amount": 560.0, "side": "buy", "timestamp": 1765842247520}, {"id": "980270123", "price": 0.12966, "amount": 1454.0, "side": "sell", "timestamp": 1765842247691}, {"id": "980270124", "price": 0.12966, "amount": 108.0, "side": "sell", "timestamp": 1765842249017}, {"id": "980270125", "price": 0.12967, "amount": 184.0, "side": "buy", "timestamp": 1765842249761}, {"id": "980270126", "price": 0.12967, "amount": 181.0, "side": "buy", "timestamp": 1765842249893}, {"id": "980270127", "price": 0.12967, "amount": 164.0, "side": "buy", "timestamp": 1765842250816}, {"id": "980270128", "price": 0.12967, "amount": 45.0, "side": "buy", "timestamp": 1765842251508}, {"id": "980270129", "price": 0.12967, "amount": 563.0, "side": "buy", "timestamp": 1765842251689}, {"id": "980270201", "price": 0.12961, "amount": 2082.0, "side": "buy", "timestamp": 1765842292837}, {"id": "980270202", "price": 0.12962, "amount": 24791.0, "side": "buy", "timestamp": 1765842292871}, {"id": "980270203", "price": 0.12961, "amount": 108.0, "side": "sell", "timestamp": 1765842294026}, {"id": "980270204", "price": 0.12962, "amount": 118.0, "side": "buy", "timestamp": 1765842294223}, {"id": "980270205", "price": 0.12961, "amount": 14934.0, "side": "sell", "timestamp": 1765842295667}, {"id": "980270206", "price": 0.1296, "amount": 126565.0, "side": "sell", "timestamp": 1765842295667}, {"id": "980270207", "price": 0.1296, "amount": 105.0, "side": "buy", "timestamp": 1765842295692}, {"id": "980270208", "price": 0.12959, "amount": 95.0, "side": "sell", "timestamp": 1765842295749}, {"id": "980270209", "price": 0.1296, "amount": 125.0, "side": "buy", "timestamp": 1765842296177}, {"id": "980270210", "price": 0.1296, "amount": 15433.0, "side": "buy", "timestamp": 1765842296658}, {"id": "980270211", "price": 0.12959, "amount": 108.0, "side": "sell", "timestamp": 1765842297055}, {"id": "980270212", "price": 0.12959, "amount": 77.0, "side": "sell", "timestamp": 1765842299166}, {"id": "980270213", "price": 0.1296, "amount": 142.0, "side": "buy", "timestamp": 1765842299494}, {"id": "980270214", "price": 0.12959, "amount": 97.0, "side": "sell", "timestamp": 1765842299667}, {"id": "980270215", "price": 0.12959, "amount": 47715.0, "side": "sell", "timestamp": 1765842300011}, {"id": "980270216", "price": 0.12958, "amount": 1018.0, "side": "sell", "timestamp": 1765842300020}, {"id": "980270217", "price": 0.12958, "amount": 4735.0, "side": "buy", "timestamp": 1765842300046}, {"id": "980270218", "price": 0.12957, "amount": 108.0, "side": "sell", "timestamp": 1765842300161}, {"id": "980270219", "price": 0.12958, "amount": 11656.0, "side": "buy", "timestamp": 1765842300493}, {"id": "980270220", "price": 0.12959, "amount": 5686.0, "side": "buy", "timestamp": 1765842300975}, {"id": "980270221", "price": 0.12959, "amount": 116391.0, "side": "sell", "timestamp": 1765842300991}, {"id": "980270222", "price": 0.1296, "amount": 31952.0, "side": "buy", "timestamp": 1765842301001}, {"id": "980270223", "price": 0.1296, "amount": 145.0, "side": "buy", "timestamp": 1765842301544}, {"id": "980270224", "price": 0.1296, "amount": 771.0, "side": "buy", "timestamp": 1765842301900}, {"id": "980270225", "price": 0.12959, "amount": 5084.0, "side": "sell", "timestamp": 1765842301984}, {"id": "980270226", "price": 0.12959, "amount": 118.0, "side": "sell", "timestamp": 1765842302764}, {"id": "980270227", "price": 0.12958, "amount": 359.0, "side": "sell", "timestamp": 1765842303040}, {"id": "980270228", "price": 0.12958, "amount": 65.0, "side": "buy", "timestamp": 1765842303207}, {"id": "980270229", "price": 0.12957, "amount": 104687.0, "side": "sell", "timestamp": 1765842304358}, {"id": "980270230", "price": 0.12956, "amount": 87768.0, "side": "sell", "timestamp": 1765842304377}, {"id": "980270231", "price": 0.12957, "amount": 214.0, "side": "buy", "timestamp": 1765842304395}, {"id": "980270232", "price": 0.12955, "amount": 7766.0, "side": "sell", "timestamp": 1765842304475}, {"id": "980270233", "price": 0.12954, "amount": 234.0, "side": "sell", "timestamp": 1765842304480}, {"id": "980270234", "price": 0.12955, "amount": 10852.0, "side": "buy", "timestamp": 1765842304526}, {"id": "980270235", "price": 0.12955, "amount": 90.0, "side": "buy", "timestamp": 1765842304633}, {"id": "980270236", "price": 0.12955, "amount": 13185.0, "side": "buy", "timestamp": 1765842304806}, {"id": "980270237", "price": 0.12956, "amount": 3693.0, "side": "buy", "timestamp": 1765842304876}, {"id": "980270238", "price": 0.12957, "amount": 16172.0, "side": "buy", "timestamp": 1765842304876}, {"id": "980270239", "price": 0.12957, "amount": 41.0, "side": "buy", "timestamp": 1765842305048}, {"id": "980270240", "price": 0.12957, "amount": 192.0, "side": "buy", "timestamp": 1765842305415}, {"id": "980270241", "price": 0.12957, "amount": 2.0, "side": "buy", "timestamp": 1765842305572}, {"id": "980270242", "price": 0.12957, "amount": 423.0, "side": "buy", "timestamp": 1765842305776}, {"id": "980270243", "price": 0.12957, "amount": 67.0, "side": "buy", "timestamp": 1765842305907}, {"id": "980270244", "price": 0.12956, "amount": 541.0, "side": "sell", "timestamp": 1765842306114}, {"id": "980270245", "price": 0.12955, "amount": 1010.0, "side": "sell", "timestamp": 1765842306814}, {"id": "980270246", "price": 0.12954, "amount": 17575.0, "side": "sell", "timestamp": 1765842306819}, {"id": "980270247", "price": 0.12953, "amount": 70358.0, "side": "sell", "timestamp": 1765842306829}, {"id": "980270248", "price": 0.12953, "amount": 2.0, "side": "buy", "timestamp": 1765842307078}, {"id": "980270249", "price": 0.12952, "amount": 10000.0, "side": "sell", "timestamp": 1765842307158}, {"id": "980270250", "price": 0.12953, "amount": 1302.0, "side": "buy", "timestamp": 1765842307700}, {"id": "980270319", "price": 0.12958, "amount": 6000.0, "side": "sell", "timestamp": 1765842340185}, {"id": "980270320", "price": 0.12959, "amount": 24960.0, "side": "buy", "timestamp": 1765842341132}, {"id": "980270321", "price": 0.1296, "amount": 414.0, "side": "buy", "timestamp": 1765842341139}, {"id": "980270322", "price": 0.12961, "amount": 478.0, "side": "buy", "timestamp": 1765842341290}, {"id": "980270323", "price": 0.1296, "amount": 9492.0, "side": "sell", "timestamp": 1765842341435}, {"id": "980270324", "price": 0.12961, "amount": 41.0, "side": "buy", "timestamp": 1765842342052}, {"id": "980270325", "price": 0.1296, "amount": 880.0, "side": "sell", "timestamp": 1765842342082}, {"id": "980270326", "price": 0.12961, "amount": 20.0, "side": "buy", "timestamp": 1765842344628}, {"id": "980270327", "price": 0.12961, "amount": 11647.0, "side": "buy", "timestamp": 1765842344893}, {"id": "980270328", "price": 0.1296, "amount": 108.0, "side": "sell", "timestamp": 1765842345028}, {"id": "980270329", "price": 0.12961, "amount": 140.0, "side": "buy", "timestamp": 1765842345250}, {"id": "980270330", "price": 0.12961, "amount": 248.0, "side": "buy", "timestamp": 1765842346054}, {"id": "980270331", "price": 0.12961, "amount": 7561.0, "side": "buy", "timestamp": 1765842346533}, {"id": "980270332", "price": 0.1296, "amount": 284.0, "side": "sell", "timestamp": 1765842346549}, {"id": "980270333", "price": 0.12961, "amount": 12465.0, "side": "buy", "timestamp": 1765842347420}, {"id": "980270334", "price": 0.1296, "amount": 108.0, "side": "sell", "timestamp": 1765842348056}, {"id": "980270335", "price": 0.12961, "amount": 246.0, "side": "buy", "timestamp": 1765842348455}, {"id": "980270336", "price": 0.1296, "amount": 3608.0, "side": "sell", "timestamp": 1765842349358}, {"id": "980270337", "price": 0.12959, "amount": 986.0, "side": "sell", "timestamp": 1765842349367}, {"id": "980270338", "price": 0.12959, "amount": 840.0, "side": "buy", "timestamp": 1765842349415}, {"id": "980270339", "price": 0.12959, "amount": 3199.0, "side": "buy", "timestamp": 1765842350123}, {"id": "980270340", "price": 0.12958, "amount": 108.0, "side": "sell", "timestamp": 1765842351110}, {"id": "980270341", "price": 0.12959, "amount": 57.0, "side": "buy", "timestamp": 1765842351227}, {"id": "980270342", "price": 0.12958, "amount": 141.0, "side": "sell", "timestamp": 1765842351921}, {"id": "980270343", "price": 0.12958, "amount": 71.0, "side": "sell", "timestamp": 1765842353312}, {"id": "980270344", "price": 0.12959, "amount": 65.0, "side": "buy", "timestamp": 1765842353352}, {"id": "980270345", "price": 0.12958, "amount": 39746.0, "side": "sell", "timestamp": 1765842353704}, {"id": "980270346", "price": 0.12957, "amount": 96000.0, "side": "sell", "timestamp": 1765842353705}, {"id": "980270347", "price": 0.12956, "amount": 52710.0, "side": "sell", "timestamp": 1765842353705}, {"id": "980270348", "price": 0.12957, "amount": 133322.0, "side": "buy", "timestamp": 1765842353777}, {"id": "980270349", "price": 0.12957, "amount": 108.0, "side": "sell", "timestamp": 1765842354134}, {"id": "980270350", "price": 0.12957, "amount": 157.0, "side": "sell", "timestamp": 1765842354726}, {"id": "980270351", "price": 0.12957, "amount": 567.0, "side": "buy", "timestamp": 1765842354901}, {"id": "980270352", "price": 0.12958, "amount": 3318.0, "side": "buy", "timestamp": 1765842355288}, {"id": "980270353", "price": 0.12958, "amount": 512.0, "side": "buy", "timestamp": 1765842355407}, {"id": "980270354", "price": 0.12958, "amount": 47.0, "side": "sell", "timestamp": 1765842356051}, {"id": "980270355", "price": 0.12959, "amount": 1017.0, "side": "buy", "timestamp": 1765842356106}, {"id": "980270356", "price": 0.12958, "amount": 108.0, "side": "sell", "timestamp": 1765842357195}, {"id": "980270357", "price": 0.12958, "amount": 123152.0, "side": "sell", "timestamp": 1765842357599}, {"id": "980270358", "price": 0.12959, "amount": 11.0, "side": "buy", "timestamp": 1765842359176}, {"id": "980270359", "price": 0.12959, "amount": 124.0, "side": "buy", "timestamp": 1765842359338}, {"id": "980270360", "price": 0.12959, "amount": 30558.0, "side": "buy", "timestamp": 1765842359483}, {"id": "980270361", "price": 0.12958, "amount": 108.0, "side": "sell", "timestamp": 1765842360010}, {"id": "980270362", "price": 0.12958, "amount": 72.0, "side": "sell", "timestamp": 1765842360580}, {"id": "980270363", "price": 0.12959, "amount": 111.0, "side": "buy", "timestamp": 1765842361328}, {"id": "980270364", "price": 0.12958, "amount": 146.0, "side": "sell", "timestamp": 1765842361398}, {"id": "980270365", "price": 0.12958, "amount": 19185.0, "side": "sell", "timestamp": 1765842361614}, {"id": "980270366", "price": 0.12957, "amount": 1110.0, "side": "sell", "timestamp": 1765842361623}, {"id": "980270367", "price": 0.12957, "amount": 5.0, "side": "buy", "timestamp": 1765842362285}, {"id": "980270368", "price": 0.12956, "amount": 108.0, "side": "sell", "timestamp": 1765842363089}, {"id": "980270448", "price": 0.12965, "amount": 191.0, "side": "sell", "timestamp": 1765842396075}, {"id": "980270449", "price": 0.12966, "amount": 1000.0, "side": "buy", "timestamp": 1765842396653}, {"id": "980270450", "price": 0.12965, "amount": 25646.0, "side": "sell", "timestamp": 1765842397032}, {"id": "980270451", "price": 0.12966, "amount": 44.0, "side": "buy", "timestamp": 1765842398481}, {"id": "980270452", "price": 0.12965, "amount": 17892.0, "side": "sell", "timestamp": 1765842398718}, {"id": "980270453", "price": 0.12965, "amount": 400.0, "side": "buy", "timestamp": 1765842399146}, {"id": "980270454", "price": 0.12964, "amount": 108.0, "side": "sell", "timestamp": 1765842399197}, {"id": "980270455", "price": 0.12965, "amount": 45.0, "side": "buy", "timestamp": 1765842399290}, {"id": "980270456", "price": 0.12965, "amount": 631.0, "side": "buy", "timestamp": 1765842399461}, {"id": "980270457", "price": 0.12964, "amount": 79.0, "side": "sell", "timestamp": 1765842399930}, {"id": "980270458", "price": 0.12964, "amount": 6323.0, "side": "sell", "timestamp": 1765842400174}, {"id": "980270459", "price": 0.12964, "amount": 45.0, "side": "buy", "timestamp": 1765842400656}, {"id": "980270460", "price": 0.12964, "amount": 292.0, "side": "buy", "timestamp": 1765842400833}, {"id": "980270461", "price": 0.12963, "amount": 89.0, "side": "sell", "timestamp": 1765842400872}, {"id": "980270462", "price": 0.12963, "amount": 474.0, "side": "sell", "timestamp": 1765842401424}, {"id": "980270463", "price": 0.12963, "amount": 52.0, "side": "sell", "timestamp": 1765842401543}, {"id": "980270464", "price": 0.12963, "amount": 32.0, "side": "sell", "timestamp": 1765842401736}, {"id": "980270465", "price": 0.12963, "amount": 108.0, "side": "sell", "timestamp": 1765842402016}, {"id": "980270466", "price": 0.12964, "amount": 805.0, "side": "buy", "timestamp": 1765842402651}, {"id": "980270467", "price": 0.12964, "amount": 45.0, "side": "buy", "timestamp": 1765842403524}, {"id": "980270468", "price": 0.12963, "amount": 13325.0, "side": "sell", "timestamp": 1765842403810}, {"id": "980270469", "price": 0.12962, "amount": 555.0, "side": "sell", "timestamp": 1765842403827}, {"id": "980270470", "price": 0.12961, "amount": 8250.0, "side": "sell", "timestamp": 1765842404578}, {"id": "980270471", "price": 0.1296, "amount": 54345.0, "side": "sell", "timestamp": 1765842405115}, {"id": "980270472", "price": 0.12959, "amount": 135727.0, "side": "sell", "timestamp": 1765842405121}, {"id": "980270473", "price": 0.12958, "amount": 122886.0, "side": "sell", "timestamp": 1765842405121}, {"id": "980270474", "price": 0.12958, "amount": 7999.0, "side": "sell", "timestamp": 1765842405268}, {"id": "980270475", "price": 0.12957, "amount": 11691.0, "side": "sell", "timestamp": 1765842405307}, {"id": "980270476", "price": 0.12956, "amount": 7447.0, "side": "sell", "timestamp": 1765842405481}, {"id": "980270477", "price": 0.12956, "amount": 115572.0, "side": "sell", "timestamp": 1765842406131}, {"id": "980270478", "price": 0.12955, "amount": 125.0, "side": "sell", "timestamp": 1765842406270}, {"id": "980270479", "price": 0.12955, "amount": 129.0, "side": "buy", "timestamp": 1765842406390}, {"id": "980270480", "price": 0.12954, "amount": 93.0, "side": "sell", "timestamp": 1765842407626}, {"id": "980270481", "price": 0.12954, "amount": 108.0, "side": "sell", "timestamp": 1765842408205}, {"id": "980270482", "price": 0.12955, "amount": 44.0, "side": "buy", "timestamp": 1765842408523}, {"id": "980270483", "price": 0.12955, "amount": 41.0, "side": "buy", "timestamp": 1765842408832}, {"id": "980270484", "price": 0.12955, "amount": 45.0, "side": "buy", "timestamp": 1765842409238}, {"id": "980270485", "price": 0.12954, "amount": 84.0, "side": "sell", "timestamp": 1765842410438}, {"id": "980270486", "price": 0.12955, "amount": 45.0, "side": "buy", "timestamp": 1765842410662}, {"id": "980270487", "price": 0.12955, "amount": 46.0, "side": "buy", "timestamp": 1765842410841}, {"id": "980270488", "price": 0.12954, "amount": 108.0, "side": "sell", "timestamp": 1765842411024}, {"id": "980270489", "price": 0.12955, "amount": 556.0, "side": "buy", "timestamp": 1765842411581}, {"id": "980270490", "price": 0.12955, "amount": 59.0, "side": "buy", "timestamp": 1765842411739}, {"id": "980270491", "price": 0.12954, "amount": 527.0, "side": "sell", "timestamp": 1765842412595}, {"id": "980270492", "price": 0.12954, "amount": 145.0, "side": "sell", "timestamp": 1765842412754}, {"id": "980270493", "price": 0.12954, "amount": 108.0, "side": "sell", "timestamp": 1765842414053}, {"id": "980270494", "price": 0.12954, "amount": 108.0, "side": "sell", "timestamp": 1765842417081}, {"id": "980270495", "price": 0.12955, "amount": 1349.0, "side": "buy", "timestamp": 1765842417347}, {"id": "980270496", "price": 0.12955, "amount": 44.0, "side": "buy", "timestamp": 1765842418530}, {"id": "980270497", "price": 0.12955, "amount": 44.0, "side": "buy", "timestamp": 1765842419240}, {"id": "980270597", "price": 0.12953, "amount": 1127.0, "side": "buy", "timestamp": 1765842454130}, {"id": "980270598", "price": 0.12954, "amount": 27.0, "side": "buy", "timestamp": 1765842454168}, {"id": "980270599", "price": 0.12954, "amount": 209.0, "side": "buy", "timestamp": 1765842454277}, {"id": "980270600", "price": 0.12955, "amount": 5.0, "side": "buy", "timestamp": 1765842455422}, {"id": "980270601", "price": 0.12955, "amount": 3326.0, "side": "buy", "timestamp": 1765842456120}, {"id": "980270602", "price": 0.12956, "amount": 2505.0, "side": "buy", "timestamp": 1765842456131}, {"id": "980270603", "price": 0.12956, "amount": 108.0, "side": "sell", "timestamp": 1765842456211}, {"id": "980270604", "price": 0.12957, "amount": 73.0, "side": "buy", "timestamp": 1765842456419}, {"id": "980270605", "price": 0.12957, "amount": 9.0, "side": "buy", "timestamp": 1765842456808}, {"id": "980270606", "price": 0.12957, "amount": 14.0, "side": "buy", "timestamp": 1765842457817}, {"id": "980270607", "price": 0.12957, "amount": 598.0, "side": "buy", "timestamp": 1765842458284}, {"id": "980270608", "price": 0.12957, "amount": 2311.0, "side": "buy", "timestamp": 1765842458734}, {"id": "980270609", "price": 0.12957, "amount": 108.0, "side": "sell", "timestamp": 1765842459044}, {"id": "980270610", "price": 0.12958, "amount": 359.0, "side": "buy", "timestamp": 1765842459116}, {"id": "980270611", "price": 0.12958, "amount": 3054.0, "side": "buy", "timestamp": 1765842459741}, {"id": "980270612", "price": 0.12959, "amount": 16.0, "side": "buy", "timestamp": 1765842459797}, {"id": "980270613", "price": 0.12959, "amount": 718.0, "side": "buy", "timestamp": 1765842460471}, {"id": "980270614", "price": 0.12959, "amount": 45.0, "side": "buy", "timestamp": 1765842460603}, {"id": "980270615", "price": 0.12959, "amount": 75.0, "side": "buy", "timestamp": 1765842460773}, {"id": "980270616", "price": 0.12959, "amount": 83.0, "side": "buy", "timestamp": 1765842461035}, {"id": "980270617", "price": 0.12958, "amount": 108.0, "side": "sell", "timestamp": 1765842462069}, {"id": "980270618", "price": 0.12958, "amount": 4098.0, "side": "sell", "timestamp": 1765842462993}, {"id": "980270619", "price": 0.12957, "amount": 278.0, "side": "sell", "timestamp": 1765842462996}, {"id": "980270620", "price": 0.12957, "amount": 83.0, "side": "buy", "timestamp": 1765842463248}, {"id": "980270621", "price": 0.12957, "amount": 124.0, "side": "buy", "timestamp": 1765842463528}, {"id": "980270622", "price": 0.12956, "amount": 108.0, "side": "sell", "timestamp": 1765842465118}, {"id": "980270623", "price": 0.12957, "amount": 1569.0, "side": "buy", "timestamp": 1765842465921}, {"id": "980270624", "price": 0.12957, "amount": 40.0, "side": "buy", "timestamp": 1765842467103}, {"id": "980270625", "price": 0.12957, "amount": 130.0, "side": "buy", "timestamp": 1765842467525}, {"id": "980270626", "price": 0.12956, "amount": 1564.0, "side": "sell", "timestamp": 1765842467552}, {"id": "980270627", "price": 0.12955, "amount": 1327.0, "side": "sell", "timestamp": 1765842467561}, {"id": "980270628", "price": 0.12954, "amount": 5108.0, "side": "sell", "timestamp": 1765842468137}, {"id": "980270629", "price": 0.12955, "amount": 75444.0, "side": "buy", "timestamp": 1765842468297}, {"id": "980270630", "price": 0.12956, "amount": 132.0, "side": "buy", "timestamp": 1765842469772}, {"id": "980270631", "price": 0.12955, "amount": 4631.0, "side": "sell", "timestamp": 1765842470246}, {"id": "980270632", "price": 0.12955, "amount": 78.0, "side": "sell", "timestamp": 1765842470376}, {"id": "980270633", "price": 0.12956, "amount": 45.0, "side": "buy", "timestamp": 1765842470657}, {"id": "980270634", "price": 0.12956, "amount": 46.0, "side": "buy", "timestamp": 1765842470776}, {"id": "980270635", "price": 0.12955, "amount": 108.0, "side": "sell", "timestamp": 1765842471190}, {"id": "980270636", "price": 0.12956, "amount": 40.0, "side": "buy", "timestamp": 1765842471455}, {"id": "980270637", "price": 0.12955, "amount": 1108.0, "side": "sell", "timestamp": 1765842473099}, {"id": "980270638", "price": 0.12954, "amount": 43.0, "side": "sell", "timestamp": 1765842473217}, {"id": "980270639", "price": 0.12955, "amount": 38592.0, "side": "buy", "timestamp": 1765842473343}, {"id": "980270640", "price": 0.12955, "amount": 744.0, "side": "buy", "timestamp": 1765842473553}, {"id": "980270641", "price": 0.12954, "amount": 108.0, "side": "sell", "timestamp": 1765842474033}, {"id": "980270642", "price": 0.12955, "amount": 183662.0, "side": "buy", "timestamp": 1765842474178}, {"id": "980270643", "price": 0.12956, "amount": 158.0, "side": "buy", "timestamp": 1765842474184}, {"id": "980270644", "price": 0.12956, "amount": 1.0, "side": "sell", "timestamp": 1765842474316}, {"id": "980270645", "price": 0.12957, "amount": 65.0, "side": "buy", "timestamp": 1765842474492}, {"id": "980270646", "price": 0.12956, "amount": 5.0, "side": "sell", "timestamp": 1765842475287}, {"id": "980270752", "price": 0.12955, "amount": 45.0, "side": "buy", "timestamp": 1765842510603}, {"id": "980270753", "price": 0.12955, "amount": 107.0, "side": "buy", "timestamp": 1765842511819}, {"id": "980270754", "price": 0.12955, "amount": 38.0, "side": "buy", "timestamp": 1765842512241}, {"id": "980270755", "price": 0.12955, "amount": 70.0, "side": "buy", "timestamp": 1765842512856}, {"id": "980270756", "price": 0.12954, "amount": 723.0, "side": "sell", "timestamp": 1765842512976}, {"id": "980270757", "price": 0.12954, "amount": 108.0, "side": "sell", "timestamp": 1765842513090}, {"id": "980270758", "price": 0.12954, "amount": 38860.0, "side": "sell", "timestamp": 1765842513256}, {"id": "980270759", "price": 0.12953, "amount": 8795.0, "side": "sell", "timestamp": 1765842513729}, {"id": "980270760", "price": 0.12953, "amount": 3859.0, "side": "buy", "timestamp": 1765842513753}, {"id": "980270761", "price": 0.12953, "amount": 98.0, "side": "buy", "timestamp": 1765842513937}, {"id": "980270762", "price": 0.12953, "amount": 96.0, "side": "buy", "timestamp": 1765842514993}, {"id": "980270763", "price": 0.12952, "amount": 40.0, "side": "sell", "timestamp": 1765842515480}, {"id": "980270764", "price": 0.12952, "amount": 7221.0, "side": "sell", "timestamp": 1765842515635}, {"id": "980270765", "price": 0.12952, "amount": 108.0, "side": "sell", "timestamp": 1765842516126}, {"id": "980270766", "price": 0.12953, "amount": 132.0, "side": "buy", "timestamp": 1765842516182}, {"id": "980270767", "price": 0.12953, "amount": 70.0, "side": "buy", "timestamp": 1765842516337}, {"id": "980270768", "price": 0.12952, "amount": 1645.0, "side": "sell", "timestamp": 1765842516861}, {"id": "980270769", "price": 0.12953, "amount": 3165.0, "side": "buy", "timestamp": 1765842517397}, {"id": "980270770", "price": 0.12952, "amount": 36639.0, "side": "sell", "timestamp": 1765842517867}, {"id": "980270771", "price": 0.12953, "amount": 120.0, "side": "buy", "timestamp": 1765842518352}, {"id": "980270772", "price": 0.12952, "amount": 29842.0, "side": "sell", "timestamp": 1765842518487}, {"id": "980270773", "price": 0.12951, "amount": 108.0, "side": "sell", "timestamp": 1765842519139}, {"id": "980270774", "price": 0.12952, "amount": 133.0, "side": "buy", "timestamp": 1765842519486}, {"id": "980270775", "price": 0.12951, "amount": 7081.0, "side": "sell", "timestamp": 1765842520214}, {"id": "980270776", "price": 0.1295, "amount": 9203.0, "side": "sell", "timestamp": 1765842520214}, {"id": "980270777", "price": 0.12951, "amount": 50.0, "side": "buy", "timestamp": 1765842520547}, {"id": "980270778", "price": 0.12951, "amount": 158.0, "side": "buy", "timestamp": 1765842520851}, {"id": "980270779", "price": 0.1295, "amount": 343.0, "side": "sell", "timestamp": 1765842521090}, {"id": "980270780", "price": 0.12951, "amount": 1215.0, "side": "buy", "timestamp": 1765842521284}, {"id": "980270781", "price": 0.12952, "amount": 4.0, "side": "buy", "timestamp": 1765842521679}, {"id": "980270782", "price": 0.12951, "amount": 108.0, "side": "sell", "timestamp": 1765842522156}, {"id": "980270783", "price": 0.12952, "amount": 17.0, "side": "buy", "timestamp": 1765842522723}, {"id": "980270784", "price": 0.12952, "amount": 20.0, "side": "buy", "timestamp": 1765842523805}, {"id": "980270785", "price": 0.12951, "amount": 211.0, "side": "sell", "timestamp": 1765842523876}, {"id": "980270786", "price": 0.12952, "amount": 39.0, "side": "buy", "timestamp": 1765842524362}, {"id": "980270787", "price": 0.12952, "amount": 21.0, "side": "buy", "timestamp": 1765842524775}, {"id": "980270788", "price": 0.12951, "amount": 108.0, "side": "sell", "timestamp": 1765842525190}, {"id": "980270789", "price": 0.12951, "amount": 839.0, "side": "sell", "timestamp": 1765842525446}, {"id": "980270790", "price": 0.12951, "amount": 201.0, "side": "buy", "timestamp": 1765842526082}, {"id": "980270791", "price": 0.1295, "amount": 71259.0, "side": "sell", "timestamp": 1765842527303}, {"id": "980270792", "price": 0.12949, "amount": 1636.0, "side": "sell", "timestamp": 1765842527319}, {"id": "980270793", "price": 0.12948, "amount": 1150.0, "side": "sell", "timestamp": 1765842527500}, {"id": "980270794", "price": 0.12947, "amount": 57608.0, "side": "sell", "timestamp": 1765842528004}, {"id": "980270795", "price": 0.12946, "amount": 689.0, "side": "sell", "timestamp": 1765842528290}, {"id": "980270796", "price": 0.12947, "amount": 129.0, "side": "buy", "timestamp": 1765842528615}, {"id": "980270797", "price": 0.12947, "amount": 5564.0, "side": "buy", "timestamp": 1765842528948}, {"id": "980270798", "price": 0.12946, "amount": 10103.0, "side": "sell", "timestamp": 1765842529035}, {"id": "980270799", "price": 0.12946, "amount": 180.0, "side": "sell", "timestamp": 1765842529753}, {"id": "980270800", "price": 0.12947, "amount": 45.0, "side": "buy", "timestamp": 1765842530597}, {"id": "980270801", "price": 0.12947, "amount": 246.0, "side": "buy", "timestamp": 1765842530843}, {"id": "980270853", "price": 0.12947, "amount": 108.0, "side": "sell", "timestamp": 1765842558109}, {"id": "980270854", "price": 0.12948, "amount": 13649.0, "side": "buy", "timestamp": 1765842558746}, {"id": "980270855", "price": 0.12949, "amount": 4631.0, "side": "buy", "timestamp": 1765842558807}, {"id": "980270856", "price": 0.12949, "amount": 28.0, "side": "buy", "timestamp": 1765842559793}, {"id": "980270857", "price": 0.12949, "amount": 14842.0, "side": "buy", "timestamp": 1765842559929}, {"id": "980270858", "price": 0.12948, "amount": 108.0, "side": "sell", "timestamp": 1765842561128}, {"id": "980270859", "price": 0.12949, "amount": 264.0, "side": "buy", "timestamp": 1765842562434}, {"id": "980270860", "price": 0.12949, "amount": 166.0, "side": "buy", "timestamp": 1765842562568}, {"id": "980270861", "price": 0.12948, "amount": 446.0, "side": "sell", "timestamp": 1765842563327}, {"id": "980270862", "price": 0.12948, "amount": 108.0, "side": "sell", "timestamp": 1765842564150}, {"id": "980270863", "price": 0.12948, "amount": 108.0, "side": "sell", "timestamp": 1765842567164}, {"id": "980270864", "price": 0.12949, "amount": 128.0, "side": "buy", "timestamp": 1765842567763}, {"id": "980270865", "price": 0.12949, "amount": 125.0, "side": "buy", "timestamp": 1765842568169}, {"id": "980270866", "price": 0.12949, "amount": 772.0, "side": "buy", "timestamp": 1765842568956}, {"id": "980270867", "price": 0.12949, "amount": 765.0, "side": "buy", "timestamp": 1765842569538}, {"id": "980270868", "price": 0.12948, "amount": 108.0, "side": "sell", "timestamp": 1765842570196}, {"id": "980270869", "price": 0.12948, "amount": 765.0, "side": "sell", "timestamp": 1765842571539}, {"id": "980270870", "price": 0.12949, "amount": 141.0, "side": "buy", "timestamp": 1765842572196}, {"id": "980270871", "price": 0.12949, "amount": 1000.0, "side": "buy", "timestamp": 1765842572349}, {"id": "980270872", "price": 0.12949, "amount": 47.0, "side": "buy", "timestamp": 1765842572509}, {"id": "980270873", "price": 0.12948, "amount": 108.0, "side": "sell", "timestamp": 1765842573013}, {"id": "980270874", "price": 0.12949, "amount": 627.0, "side": "buy", "timestamp": 1765842573237}, {"id": "980270875", "price": 0.12948, "amount": 79160.0, "side": "sell", "timestamp": 1765842573422}, {"id": "980270876", "price": 0.12948, "amount": 16839.0, "side": "buy", "timestamp": 1765842575370}, {"id": "980270877", "price": 0.12949, "amount": 66982.0, "side": "buy", "timestamp": 1765842575377}, {"id": "980270878", "price": 0.1295, "amount": 21276.0, "side": "buy", "timestamp": 1765842575410}, {"id": "980270879", "price": 0.12951, "amount": 181501.0, "side": "buy", "timestamp": 1765842575416}, {"id": "980270880", "price": 0.12952, "amount": 8000.0, "side": "buy", "timestamp": 1765842575460}, {"id": "980270881", "price": 0.12951, "amount": 2475.0, "side": "sell", "timestamp": 1765842575561}, {"id": "980270882", "price": 0.12952, "amount": 5000.0, "side": "buy", "timestamp": 1765842576037}, {"id": "980270883", "price": 0.12951, "amount": 108.0, "side": "sell", "timestamp": 1765842576088}, {"id": "980270884", "price": 0.12951, "amount": 34064.0, "side": "sell", "timestamp": 1765842576388}, {"id": "980270885", "price": 0.1295, "amount": 1865.0, "side": "sell", "timestamp": 1765842577290}, {"id": "980270886", "price": 0.12951, "amount": 31939.0, "side": "buy", "timestamp": 1765842577600}, {"id": "980270887", "price": 0.12952, "amount": 18008.0, "side": "buy", "timestamp": 1765842577663}, {"id": "980270888", "price": 0.12953, "amount": 11322.0, "side": "buy", "timestamp": 1765842577686}, {"id": "980270889", "price": 0.12954, "amount": 26060.0, "side": "buy", "timestamp": 1765842577809}, {"id": "980270890", "price": 0.12955, "amount": 25704.0, "side": "buy", "timestamp": 1765842578427}, {"id": "980270891", "price": 0.12956, "amount": 325.0, "side": "buy", "timestamp": 1765842578432}, {"id": "980270892", "price": 0.12957, "amount": 10063.0, "side": "buy", "timestamp": 1765842578440}, {"id": "980270893", "price": 0.12956, "amount": 108.0, "side": "sell", "timestamp": 1765842579115}, {"id": "980270894", "price": 0.12957, "amount": 47.0, "side": "buy", "timestamp": 1765842579992}, {"id": "980270895", "price": 0.12956, "amount": 36870.0, "side": "sell", "timestamp": 1765842580643}, {"id": "980270896", "price": 0.12956, "amount": 3603.0, "side": "buy", "timestamp": 1765842580872}, {"id": "980270897", "price": 0.12955, "amount": 81.0, "side": "sell", "timestamp": 1765842581412}, {"id": "980270898", "price": 0.12955, "amount": 108.0, "side": "sell", "timestamp": 1765842582139}, {"id": "980270899", "price": 0.12956, "amount": 954.0, "side": "buy", "timestamp": 1765842583640}, {"id": "980270900", "price": 0.12956, "amount": 62.0, "side": "buy", "timestamp": 1765842584405}, {"id": "980270901", "price": 0.12955, "amount": 108.0, "side": "sell", "timestamp": 1765842585162}, {"id": "980270902", "price": 0.12956, "amount": 98.0, "side": "buy", "timestamp": 1765842586117}, {"id": "980270962", "price": 0.12955, "amount": 231.0, "side": "sell", "timestamp": 1765842620734}, {"id": "980270963", "price": 0.12955, "amount": 460.0, "side": "sell", "timestamp": 1765842620923}, {"id": "980270964", "price": 0.12955, "amount": 108.0, "side": "sell", "timestamp": 1765842621142}, {"id": "980270965", "price": 0.12955, "amount": 197.0, "side": "sell", "timestamp": 1765842621516}, {"id": "980270966", "price": 0.12955, "amount": 259.0, "side": "sell", "timestamp": 1765842621681}, {"id": "980270967", "price": 0.12955, "amount": 246.0, "side": "sell", "timestamp": 1765842621968}, {"id": "980270968", "price": 0.12955, "amount": 2321.0, "side": "sell", "timestamp": 1765842622081}, {"id": "980270969", "price": 0.12956, "amount": 744.0, "side": "buy", "timestamp": 1765842622364}, {"id": "980270970", "price": 0.12955, "amount": 7930.0, "side": "sell", "timestamp": 1765842623639}, {"id": "980270971", "price": 0.12955, "amount": 108.0, "side": "sell", "timestamp": 1765842624171}, {"id": "980270972", "price": 0.12956, "amount": 168.0, "side": "buy", "timestamp": 1765842624585}, {"id": "980270973", "price": 0.12956, "amount": 47.0, "side": "buy", "timestamp": 1765842626285}, {"id": "980270974", "price": 0.12955, "amount": 108.0, "side": "sell", "timestamp": 1765842627017}, {"id": "980270975", "price": 0.12956, "amount": 1157.0, "side": "buy", "timestamp": 1765842627278}, {"id": "980270976", "price": 0.12955, "amount": 9181.0, "side": "sell", "timestamp": 1765842629030}, {"id": "980270977", "price": 0.12956, "amount": 190688.0, "side": "buy", "timestamp": 1765842629060}, {"id": "980270978", "price": 0.12955, "amount": 108.0, "side": "sell", "timestamp": 1765842630056}, {"id": "980270979", "price": 0.12956, "amount": 166.0, "side": "buy", "timestamp": 1765842630600}, {"id": "980270980", "price": 0.12955, "amount": 246.0, "side": "sell", "timestamp": 1765842631269}, {"id": "980270981", "price": 0.12956, "amount": 1598.0, "side": "buy", "timestamp": 1765842631573}, {"id": "980270982", "price": 0.12955, "amount": 2334.0, "side": "sell", "timestamp": 1765842631598}, {"id": "980270983", "price": 0.12956, "amount": 13339.0, "side": "buy", "timestamp": 1765842632921}, {"id": "980270984", "price": 0.12957, "amount": 988.0, "side": "buy", "timestamp": 1765842632929}, {"id": "980270985", "price": 0.12958, "amount": 7954.0, "side": "buy", "timestamp": 1765842632937}, {"id": "980270986", "price": 0.12959, "amount": 1040.0, "side": "buy", "timestamp": 1765842632979}, {"id": "980270987", "price": 0.1296, "amount": 1329.0, "side": "buy", "timestamp": 1765842632979}, {"id": "980270988", "price": 0.12958, "amount": 108.0, "side": "sell", "timestamp": 1765842633101}, {"id": "980270989", "price": 0.12959, "amount": 550.0, "side": "buy", "timestamp": 1765842633191}, {"id": "980270990", "price": 0.12959, "amount": 184.0, "side": "buy", "timestamp": 1765842633293}, {"id": "980270991", "price": 0.1296, "amount": 7710.0, "side": "buy", "timestamp": 1765842633381}, {"id": "980270992", "price": 0.12959, "amount": 2333.0, "side": "sell", "timestamp": 1765842633770}, {"id": "980270993", "price": 0.1296, "amount": 13217.0, "side": "buy", "timestamp": 1765842633798}, {"id": "980270994", "price": 0.12959, "amount": 616.0, "side": "sell", "timestamp": 1765842633992}, {"id": "980270995", "price": 0.12959, "amount": 54.0, "side": "sell", "timestamp": 1765842634150}, {"id": "980270996", "price": 0.1296, "amount": 85.0, "side": "buy", "timestamp": 1765842634367}, {"id": "980270997", "price": 0.12959, "amount": 231.0, "side": "sell", "timestamp": 1765842634991}, {"id": "980270998", "price": 0.1296, "amount": 132.0, "side": "buy", "timestamp": 1765842635813}, {"id": "980270999", "price": 0.12959, "amount": 108.0, "side": "sell", "timestamp": 1765842636139}, {"id": "980271000", "price": 0.1296, "amount": 190.0, "side": "buy", "timestamp": 1765842636681}, {"id": "980271001", "price": 0.12959, "amount": 259.0, "side": "sell", "timestamp": 1765842637567}, {"id": "980271002", "price": 0.1296, "amount": 288.0, "side": "buy", "timestamp": 1765842638452}, {"id": "980271003", "price": 0.12959, "amount": 108.0, "side": "sell", "timestamp": 1765842639180}, {"id": "980271004", "price": 0.12959, "amount": 486.0, "side": "sell", "timestamp": 1765842639484}, {"id": "980271005", "price": 0.12959, "amount": 246.0, "side": "sell", "timestamp": 1765842640480}, {"id": "980271006", "price": 0.12959, "amount": 73979.0, "side": "sell", "timestamp": 1765842641345}, {"id": "980271007", "price": 0.12958, "amount": 34377.0, "side": "sell", "timestamp": 1765842641353}, {"id": "980271008", "price": 0.12957, "amount": 95910.0, "side": "sell", "timestamp": 1765842641362}, {"id": "980271009", "price": 0.12956, "amount": 4000.0, "side": "sell", "timestamp": 1765842641452}, {"id": "980271010", "price": 0.12956, "amount": 9391.0, "side": "sell", "timestamp": 1765842641560}, {"id": "980271011", "price": 0.12956, "amount": 108.0, "side": "sell", "timestamp": 1765842642197}, {"id": "980271077", "price": 0.12949, "amount": 84354.0, "side": "buy", "timestamp": 1765842675393}, {"id": "980271078", "price": 0.1295, "amount": 29281.0, "side": "buy", "timestamp": 1765842676959}, {"id": "980271079", "price": 0.1295, "amount": 174.0, "side": "sell", "timestamp": 1765842677164}, {"id": "980271080", "price": 0.1295, "amount": 108.0, "side": "sell", "timestamp": 1765842678049}, {"id": "980271081", "price": 0.1295, "amount": 374.0, "side": "sell", "timestamp": 1765842679004}, {"id": "980271082", "price": 0.1295, "amount": 181.0, "side": "buy", "timestamp": 1765842679110}, {"id": "980271083", "price": 0.1295, "amount": 500.0, "side": "buy", "timestamp": 1765842679827}, {"id": "980271084", "price": 0.12949, "amount": 2801.0, "side": "sell", "timestamp": 1765842680079}, {"id": "980271085", "price": 0.12948, "amount": 1060.0, "side": "sell", "timestamp": 1765842680079}, {"id": "980271086", "price": 0.12948, "amount": 450.0, "side": "sell", "timestamp": 1765842680412}, {"id": "980271087", "price": 0.12948, "amount": 154.0, "side": "sell", "timestamp": 1765842681061}, {"id": "980271088", "price": 0.12948, "amount": 409.0, "side": "sell", "timestamp": 1765842681169}, {"id": "980271089", "price": 0.12948, "amount": 7543.0, "side": "buy", "timestamp": 1765842682405}, {"id": "980271090", "price": 0.12948, "amount": 3861.0, "side": "buy", "timestamp": 1765842683310}, {"id": "980271091", "price": 0.12947, "amount": 78827.0, "side": "sell", "timestamp": 1765842684158}, {"id": "980271092", "price": 0.12947, "amount": 1876.0, "side": "buy", "timestamp": 1765842684915}, {"id": "980271093", "price": 0.12947, "amount": 19076.0, "side": "buy", "timestamp": 1765842685639}, {"id": "980271094", "price": 0.12948, "amount": 25025.0, "side": "buy", "timestamp": 1765842685657}, {"id": "980271095", "price": 0.12949, "amount": 338.0, "side": "buy", "timestamp": 1765842685675}, {"id": "980271096", "price": 0.12948, "amount": 1637.0, "side": "sell", "timestamp": 1765842685749}, {"id": "980271097", "price": 0.12949, "amount": 7929.0, "side": "buy", "timestamp": 1765842685786}, {"id": "980271098", "price": 0.1295, "amount": 11860.0, "side": "buy", "timestamp": 1765842685813}, {"id": "980271099", "price": 0.12951, "amount": 772.0, "side": "buy", "timestamp": 1765842685872}, {"id": "980271100", "price": 0.1295, "amount": 108.0, "side": "sell", "timestamp": 1765842687026}, {"id": "980271101", "price": 0.1295, "amount": 4009.0, "side": "sell", "timestamp": 1765842688372}, {"id": "980271102", "price": 0.1295, "amount": 108.0, "side": "sell", "timestamp": 1765842690056}, {"id": "980271103", "price": 0.12951, "amount": 2642.0, "side": "buy", "timestamp": 1765842691966}, {"id": "980271104", "price": 0.1295, "amount": 34323.0, "side": "sell", "timestamp": 1765842692523}, {"id": "980271105", "price": 0.1295, "amount": 108.0, "side": "sell", "timestamp": 1765842693082}, {"id": "980271106", "price": 0.12951, "amount": 526.0, "side": "buy", "timestamp": 1765842693585}, {"id": "980271107", "price": 0.1295, "amount": 31066.0, "side": "sell", "timestamp": 1765842693770}, {"id": "980271108", "price": 0.12949, "amount": 259.0, "side": "sell", "timestamp": 1765842693884}, {"id": "980271109", "price": 0.12949, "amount": 104.0, "side": "sell", "timestamp": 1765842694416}, {"id": "980271110", "price": 0.12949, "amount": 20289.0, "side": "sell", "timestamp": 1765842695635}, {"id": "980271111", "price": 0.12948, "amount": 27529.0, "side": "sell", "timestamp": 1765842695673}, {"id": "980271112", "price": 0.12947, "amount": 133195.0, "side": "sell", "timestamp": 1765842695673}, {"id": "980271113", "price": 0.12946, "amount": 35776.0, "side": "sell", "timestamp": 1765842695715}, {"id": "980271114", "price": 0.12945, "amount": 10402.0, "side": "sell", "timestamp": 1765842695767}, {"id": "980271115", "price": 0.12945, "amount": 10892.0, "side": "sell", "timestamp": 1765842695996}, {"id": "980271116", "price": 0.12944, "amount": 1489.0, "side": "sell", "timestamp": 1765842696003}, {"id": "980271117", "price": 0.12943, "amount": 87821.0, "side": "sell", "timestamp": 1765842696012}, {"id": "980271118", "price": 0.12942, "amount": 2401.0, "side": "sell", "timestamp": 1765842696194}, {"id": "980271119", "price": 0.12942, "amount": 197.0, "side": "sell", "timestamp": 1765842696426}, {"id": "980271120", "price": 0.12942, "amount": 666.0, "side": "buy", "timestamp": 1765842696526}, {"id": "980271121", "price": 0.12942, "amount": 7639.0, "side": "buy", "timestamp": 1765842697137}, {"id": "980271122", "price": 0.12943, "amount": 965.0, "side": "buy", "timestamp": 1765842697265}, {"id": "980271123", "price": 0.12944, "amount": 1075.0, "side": "buy", "timestamp": 1765842697369}, {"id": "980271124", "price": 0.12945, "amount": 39.0, "side": "buy", "timestamp": 1765842697500}, {"id": "980271125", "price": 0.12944, "amount": 42.0, "side": "sell", "timestamp": 1765842697820}, {"id": "980271126", "price": 0.12945, "amount": 42.0, "side": "buy", "timestamp": 1765842698345}, {"id": "980271187", "price": 0.12958, "amount": 3953.0, "side": "buy", "timestamp": 1765842725008}, {"id": "980271188", "price": 0.12959, "amount": 4742.0, "side": "buy", "timestamp": 1765842725041}, {"id": "980271189", "price": 0.1296, "amount": 292.0, "side": "buy", "timestamp": 1765842725041}, {"id": "980271190", "price": 0.1296, "amount": 415.0, "side": "buy", "timestamp": 1765842725413}, {"id": "980271191", "price": 0.1296, "amount": 265.0, "side": "buy", "timestamp": 1765842725805}, {"id": "980271192", "price": 0.1296, "amount": 61.0, "side": "buy", "timestamp": 1765842726000}, {"id": "980271193", "price": 0.12959, "amount": 11696.0, "side": "sell", "timestamp": 1765842726183}, {"id": "980271194", "price": 0.12958, "amount": 1141.0, "side": "sell", "timestamp": 1765842726237}, {"id": "980271195", "price": 0.12957, "amount": 851.0, "side": "sell", "timestamp": 1765842726296}, {"id": "980271196", "price": 0.12958, "amount": 712.0, "side": "buy", "timestamp": 1765842726591}, {"id": "980271197", "price": 0.12957, "amount": 1539.0, "side": "sell", "timestamp": 1765842726839}, {"id": "980271198", "price": 0.12956, "amount": 11689.0, "side": "sell", "timestamp": 1765842727084}, {"id": "980271199", "price": 0.12956, "amount": 47.0, "side": "buy", "timestamp": 1765842727897}, {"id": "980271200", "price": 0.12956, "amount": 3560.0, "side": "buy", "timestamp": 1765842728173}, {"id": "980271201", "price": 0.12955, "amount": 4839.0, "side": "sell", "timestamp": 1765842728725}, {"id": "980271202", "price": 0.12954, "amount": 108.0, "side": "sell", "timestamp": 1765842729036}, {"id": "980271203", "price": 0.12955, "amount": 1543.0, "side": "buy", "timestamp": 1765842730462}, {"id": "980271204", "price": 0.12954, "amount": 44.0, "side": "sell", "timestamp": 1765842730773}, {"id": "980271205", "price": 0.12954, "amount": 22900.0, "side": "sell", "timestamp": 1765842731633}, {"id": "980271206", "price": 0.12954, "amount": 108.0, "side": "sell", "timestamp": 1765842732132}, {"id": "980271207", "price": 0.12955, "amount": 402.0, "side": "buy", "timestamp": 1765842733363}, {"id": "980271208", "price": 0.12955, "amount": 9329.0, "side": "buy", "timestamp": 1765842734268}, {"id": "980271209", "price": 0.12954, "amount": 108.0, "side": "sell", "timestamp": 1765842735150}, {"id": "980271210", "price": 0.12954, "amount": 49.0, "side": "sell", "timestamp": 1765842737384}, {"id": "980271211", "price": 0.12954, "amount": 259.0, "side": "sell", "timestamp": 1765842737567}, {"id": "980271212", "price": 0.12955, "amount": 200.0, "side": "buy", "timestamp": 1765842737681}, {"id": "980271213", "price": 0.12954, "amount": 108.0, "side": "sell", "timestamp": 1765842738167}, {"id": "980271214", "price": 0.12954, "amount": 15620.0, "side": "sell", "timestamp": 1765842738321}, {"id": "980271215", "price": 0.12953, "amount": 7683.0, "side": "sell", "timestamp": 1765842738654}, {"id": "980271216", "price": 0.12954, "amount": 1738.0, "side": "buy", "timestamp": 1765842738953}, {"id": "980271217", "price": 0.12953, "amount": 1543.0, "side": "sell", "timestamp": 1765842740078}, {"id": "980271218", "price": 0.12953, "amount": 108.0, "side": "sell", "timestamp": 1765842741011}, {"id": "980271219", "price": 0.12954, "amount": 454.0, "side": "buy", "timestamp": 1765842741287}, {"id": "980271220", "price": 0.12953, "amount": 108.0, "side": "sell", "timestamp": 1765842744074}, {"id": "980271221", "price": 0.12954, "amount": 389.0, "side": "buy", "timestamp": 1765842744126}, {"id": "980271222", "price": 0.12954, "amount": 25646.0, "side": "buy", "timestamp": 1765842744485}, {"id": "980271223", "price": 0.12954, "amount": 83.0, "side": "buy", "timestamp": 1765842745289}, {"id": "980271224", "price": 0.12953, "amount": 356.0, "side": "sell", "timestamp": 1765842747101}, {"id": "980271225", "price": 0.12954, "amount": 1543.0, "side": "buy", "timestamp": 1765842748070}, {"id": "980271226", "price": 0.12953, "amount": 108.0, "side": "sell", "timestamp": 1765842750121}, {"id": "980271227", "price": 0.12954, "amount": 11391.0, "side": "buy", "timestamp": 1765842751023}, {"id": "980271228", "price": 0.12954, "amount": 165.0, "side": "buy", "timestamp": 1765842752132}, {"id": "980271229", "price": 0.12953, "amount": 54657.0, "side": "sell", "timestamp": 1765842752507}, {"id": "980271230", "price": 0.12952, "amount": 8119.0, "side": "sell", "timestamp": 1765842752589}, {"id": "980271231", "price": 0.12951, "amount": 212.0, "side": "sell", "timestamp": 1765842752591}, {"id": "980271232", "price": 0.12951, "amount": 711.0, "side": "buy", "timestamp": 1765842752937}, {"id": "980271233", "price": 0.12951, "amount": 108.0, "side": "sell", "timestamp": 1765842753144}, {"id": "980271234", "price": 0.12951, "amount": 41.0, "side": "sell", "timestamp": 1765842753585}, {"id": "980271235", "price": 0.12952, "amount": 193.0, "side": "buy", "timestamp": 1765842753770}, {"id": "980271236", "price": 0.12951, "amount": 259.0, "side": "sell", "timestamp": 1765842753795}, {"id": "980271282", "price": 0.12953, "amount": 44.0, "side": "buy", "timestamp": 1765842784645}, {"id": "980271283", "price": 0.12953, "amount": 378.0, "side": "buy", "timestamp": 1765842784786}, {"id": "980271284", "price": 0.12953, "amount": 399.0, "side": "buy", "timestamp": 1765842784907}, {"id": "980271285", "price": 0.12953, "amount": 69.0, "side": "buy", "timestamp": 1765842785097}, {"id": "980271286", "price": 0.12952, "amount": 782.0, "side": "sell", "timestamp": 1765842785486}, {"id": "980271287", "price": 0.12953, "amount": 72.0, "side": "buy", "timestamp": 1765842785511}, {"id": "980271288", "price": 0.12952, "amount": 180413.0, "side": "sell", "timestamp": 1765842785645}, {"id": "980271289", "price": 0.12951, "amount": 8318.0, "side": "sell", "timestamp": 1765842785645}, {"id": "980271290", "price": 0.12951, "amount": 401.0, "side": "sell", "timestamp": 1765842786112}, {"id": "980271291", "price": 0.12951, "amount": 689.0, "side": "sell", "timestamp": 1765842787051}, {"id": "980271292", "price": 0.12952, "amount": 15936.0, "side": "buy", "timestamp": 1765842787102}, {"id": "980271293", "price": 0.12952, "amount": 18172.0, "side": "buy", "timestamp": 1765842787514}, {"id": "980271294", "price": 0.12953, "amount": 30168.0, "side": "buy", "timestamp": 1765842787566}, {"id": "980271295", "price": 0.12954, "amount": 111423.0, "side": "buy", "timestamp": 1765842787567}, {"id": "980271296", "price": 0.12955, "amount": 202788.0, "side": "buy", "timestamp": 1765842787567}, {"id": "980271297", "price": 0.12954, "amount": 108.0, "side": "sell", "timestamp": 1765842789026}, {"id": "980271298", "price": 0.12955, "amount": 115.0, "side": "buy", "timestamp": 1765842789720}, {"id": "980271299", "price": 0.12955, "amount": 130.0, "side": "buy", "timestamp": 1765842789841}, {"id": "980271300", "price": 0.12955, "amount": 102.0, "side": "buy", "timestamp": 1765842790000}, {"id": "980271301", "price": 0.12954, "amount": 367.0, "side": "sell", "timestamp": 1765842790569}, {"id": "980271302", "price": 0.12954, "amount": 108.0, "side": "sell", "timestamp": 1765842792047}, {"id": "980271303", "price": 0.12954, "amount": 43.0, "side": "sell", "timestamp": 1765842792376}, {"id": "980271304", "price": 0.12954, "amount": 244.0, "side": "sell", "timestamp": 1765842792489}, {"id": "980271305", "price": 0.12954, "amount": 108.0, "side": "sell", "timestamp": 1765842795089}, {"id": "980271306", "price": 0.12955, "amount": 4295.0, "side": "buy", "timestamp": 1765842795723}, {"id": "980271307", "price": 0.12954, "amount": 198.0, "side": "sell", "timestamp": 1765842796436}, {"id": "980271308", "price": 0.12955, "amount": 276581.0, "side": "buy", "timestamp": 1765842796671}, {"id": "980271309", "price": 0.12956, "amount": 32203.0, "side": "buy", "timestamp": 1765842796671}, {"id": "980271310", "price": 0.12955, "amount": 108.0, "side": "sell", "timestamp": 1765842798130}, {"id": "980271311", "price": 0.12955, "amount": 108.0, "side": "sell", "timestamp": 1765842801168}, {"id": "980271312", "price": 0.12955, "amount": 14346.0, "side": "sell", "timestamp": 1765842801531}, {"id": "980271313", "price": 0.12954, "amount": 7636.0, "side": "sell", "timestamp": 1765842801571}, {"id": "980271314", "price": 0.12953, "amount": 356.0, "side": "sell", "timestamp": 1765842801642}, {"id": "980271315", "price": 0.12953, "amount": 5069.0, "side": "buy", "timestamp": 1765842802480}, {"id": "980271316", "price": 0.12954, "amount": 364.0, "side": "buy", "timestamp": 1765842802484}, {"id": "980271317", "price": 0.12955, "amount": 348.0, "side": "buy", "timestamp": 1765842802555}, {"id": "980271318", "price": 0.12956, "amount": 36262.0, "side": "buy", "timestamp": 1765842802595}, {"id": "980271319", "price": 0.12957, "amount": 10213.0, "side": "buy", "timestamp": 1765842802595}, {"id": "980271320", "price": 0.12957, "amount": 439.0, "side": "sell", "timestamp": 1765842803015}, {"id": "980271321", "price": 0.12957, "amount": 8666.0, "side": "sell", "timestamp": 1765842803628}, {"id": "980271322", "price": 0.12957, "amount": 108.0, "side": "sell", "timestamp": 1765842804037}, {"id": "980271323", "price": 0.12958, "amount": 263.0, "side": "buy", "timestamp": 1765842806365}, {"id": "980271324", "price": 0.12957, "amount": 108.0, "side": "sell", "timestamp": 1765842807103}, {"id": "980271325", "price": 0.12958, "amount": 27307.0, "side": "buy", "timestamp": 1765842807447}, {"id": "980271326", "price": 0.12959, "amount": 164.0, "side": "buy", "timestamp": 1765842807456}, {"id": "980271327", "price": 0.12959, "amount": 4776.0, "side": "buy", "timestamp": 1765842807682}, {"id": "980271328", "price": 0.1296, "amount": 74710.0, "side": "buy", "timestamp": 1765842809070}, {"id": "980271329", "price": 0.12961, "amount": 63891.0, "side": "buy", "timestamp": 1765842809070}, {"id": "980271330", "price": 0.12961, "amount": 46.0, "side": "buy", "timestamp": 1765842810039}, {"id": "980271331", "price": 0.1296, "amount": 108.0, "side": "sell", "timestamp": 1765842810163}, {"id": "980271350", "price": 0.1296, "amount": 1652.0, "side": "buy", "timestamp": 1765842827809}, {"id": "980271351", "price": 0.1296, "amount": 108.0, "side": "sell", "timestamp": 1765842828226}, {"id": "980271352", "price": 0.1296, "amount": 511.0, "side": "sell", "timestamp": 1765842829701}, {"id": "980271353", "price": 0.12961, "amount": 1737.0, "side": "buy", "timestamp": 1765842830328}, {"id": "980271354", "price": 0.1296, "amount": 108.0, "side": "sell", "timestamp": 1765842831074}, {"id": "980271355", "price": 0.12961, "amount": 69.0, "side": "buy", "timestamp": 1765842832906}, {"id": "980271356", "price": 0.1296, "amount": 50.0, "side": "sell", "timestamp": 1765842833853}, {"id": "980271357", "price": 0.1296, "amount": 108.0, "side": "sell", "timestamp": 1765842834130}, {"id": "980271358", "price": 0.1296, "amount": 56357.0, "side": "sell", "timestamp": 1765842834826}, {"id": "980271359", "price": 0.1296, "amount": 152.0, "side": "sell", "timestamp": 1765842837022}, {"id": "980271360", "price": 0.1296, "amount": 108.0, "side": "sell", "timestamp": 1765842837161}, {"id": "980271361", "price": 0.12961, "amount": 478.0, "side": "buy", "timestamp": 1765842837231}, {"id": "980271362", "price": 0.12961, "amount": 5264.0, "side": "buy", "timestamp": 1765842839197}, {"id": "980271363", "price": 0.1296, "amount": 10180.0, "side": "sell", "timestamp": 1765842839671}, {"id": "980271364", "price": 0.1296, "amount": 108.0, "side": "sell", "timestamp": 1765842840013}, {"id": "980271365", "price": 0.1296, "amount": 54.0, "side": "sell", "timestamp": 1765842841948}, {"id": "980271366", "price": 0.1296, "amount": 108.0, "side": "sell", "timestamp": 1765842843084}, {"id": "980271367", "price": 0.12961, "amount": 89.0, "side": "buy", "timestamp": 1765842844460}, {"id": "980271368", "price": 0.12961, "amount": 220.0, "side": "buy", "timestamp": 1765842844809}, {"id": "980271369", "price": 0.12961, "amount": 315.0, "side": "buy", "timestamp": 1765842844947}, {"id": "980271370", "price": 0.12961, "amount": 183.0, "side": "buy", "timestamp": 1765842845423}, {"id": "980271371", "price": 0.12961, "amount": 48.0, "side": "buy", "timestamp": 1765842845555}, {"id": "980271372", "price": 0.12961, "amount": 77.0, "side": "buy", "timestamp": 1765842845691}, {"id": "980271373", "price": 0.12961, "amount": 2269.0, "side": "buy", "timestamp": 1765842846142}, {"id": "980271374", "price": 0.1296, "amount": 108.0, "side": "sell", "timestamp": 1765842846143}, {"id": "980271375", "price": 0.1296, "amount": 1706.0, "side": "sell", "timestamp": 1765842847645}, {"id": "980271376", "price": 0.1296, "amount": 108.0, "side": "sell", "timestamp": 1765842849157}, {"id": "980271377", "price": 0.12961, "amount": 201.0, "side": "buy", "timestamp": 1765842849681}, {"id": "980271378", "price": 0.12961, "amount": 346.0, "side": "buy", "timestamp": 1765842849864}, {"id": "980271379", "price": 0.12961, "amount": 8183.0, "side": "buy", "timestamp": 1765842849985}, {"id": "980271380", "price": 0.12961, "amount": 59601.0, "side": "buy", "timestamp": 1765842851547}, {"id": "980271381", "price": 0.12961, "amount": 79.0, "side": "sell", "timestamp": 1765842851673}, {"id": "980271382", "price": 0.1296, "amount": 975.0, "side": "sell", "timestamp": 1765842851988}, {"id": "980271383", "price": 0.1296, "amount": 108.0, "side": "sell", "timestamp": 1765842852189}, {"id": "980271384", "price": 0.1296, "amount": 246359.0, "side": "sell", "timestamp": 1765842852585}, {"id": "980271385", "price": 0.12959, "amount": 2436.0, "side": "sell", "timestamp": 1765842852796}, {"id": "980271386", "price": 0.12958, "amount": 669.0, "side": "sell", "timestamp": 1765842853064}, {"id": "980271387", "price": 0.12959, "amount": 491.0, "side": "buy", "timestamp": 1765842854570}, {"id": "980271388", "price": 0.12958, "amount": 108.0, "side": "sell", "timestamp": 1765842855064}, {"id": "980271389", "price": 0.12958, "amount": 108.0, "side": "sell", "timestamp": 1765842858097}, {"id": "980271390", "price": 0.12959, "amount": 335.0, "side": "buy", "timestamp": 1765842858109}, {"id": "980271391", "price": 0.12959, "amount": 593.0, "side": "buy", "timestamp": 1765842860643}, {"id": "980271392", "price": 0.12958, "amount": 108.0, "side": "sell", "timestamp": 1765842861130}, {"id": "980271393", "price": 0.12959, "amount": 1813.0, "side": "buy", "timestamp": 1765842861326}, {"id": "980271394", "price": 0.12959, "amount": 92693.0, "side": "buy", "timestamp": 1765842863750}, {"id": "980271395", "price": 0.12958, "amount": 108.0, "side": "sell", "timestamp": 1765842864143}, {"id": "980271396", "price": 0.12959, "amount": 1381.0, "side": "buy", "timestamp": 1765842864462}, {"id": "980271397", "price": 0.1296, "amount": 233.0, "side": "buy", "timestamp": 1765842864812}, {"id": "980271398", "price": 0.1296, "amount": 77.0, "side": "buy", "timestamp": 1765842864920}, {"id": "980271399", "price": 0.1296, "amount": 124.0, "side": "buy", "timestamp": 1765842865056}, {"id": "980271467", "price": 0.12968, "amount": 67.0, "side": "buy", "timestamp": 1765842903860}, {"id": "980271468", "price": 0.12968, "amount": 45.0, "side": "buy", "timestamp": 1765842904106}, {"id": "980271469", "price": 0.12968, "amount": 209.0, "side": "buy", "timestamp": 1765842904396}, {"id": "980271470", "price": 0.12968, "amount": 2174.0, "side": "buy", "timestamp": 1765842904624}, {"id": "980271471", "price": 0.12967, "amount": 830.0, "side": "sell", "timestamp": 1765842904649}, {"id": "980271472", "price": 0.12968, "amount": 144.0, "side": "buy", "timestamp": 1765842904814}, {"id": "980271473", "price": 0.12968, "amount": 2477.0, "side": "buy", "timestamp": 1765842904922}, {"id": "980271474", "price": 0.12968, "amount": 75906.0, "side": "buy", "timestamp": 1765842905115}, {"id": "980271475", "price": 0.12968, "amount": 8.0, "side": "buy", "timestamp": 1765842905224}, {"id": "980271476", "price": 0.12968, "amount": 179.0, "side": "buy", "timestamp": 1765842905420}, {"id": "980271477", "price": 0.12968, "amount": 65.0, "side": "buy", "timestamp": 1765842905548}, {"id": "980271478", "price": 0.12968, "amount": 49559.0, "side": "buy", "timestamp": 1765842905937}, {"id": "980271479", "price": 0.12969, "amount": 1257.0, "side": "buy", "timestamp": 1765842906022}, {"id": "980271480", "price": 0.1297, "amount": 3785.0, "side": "buy", "timestamp": 1765842906022}, {"id": "980271481", "price": 0.12969, "amount": 108.0, "side": "sell", "timestamp": 1765842906119}, {"id": "980271482", "price": 0.1297, "amount": 965.0, "side": "buy", "timestamp": 1765842906146}, {"id": "980271483", "price": 0.12969, "amount": 1500.0, "side": "sell", "timestamp": 1765842907669}, {"id": "980271484", "price": 0.12969, "amount": 9901.0, "side": "sell", "timestamp": 1765842907772}, {"id": "980271485", "price": 0.1297, "amount": 22225.0, "side": "buy", "timestamp": 1765842908537}, {"id": "980271486", "price": 0.12969, "amount": 1130.0, "side": "sell", "timestamp": 1765842908989}, {"id": "980271487", "price": 0.12969, "amount": 108.0, "side": "sell", "timestamp": 1765842909178}, {"id": "980271488", "price": 0.1297, "amount": 2111.0, "side": "buy", "timestamp": 1765842909460}, {"id": "980271489", "price": 0.1297, "amount": 125268.0, "side": "buy", "timestamp": 1765842909752}, {"id": "980271490", "price": 0.12971, "amount": 104134.0, "side": "buy", "timestamp": 1765842909780}, {"id": "980271491", "price": 0.12972, "amount": 2914.0, "side": "buy", "timestamp": 1765842909780}, {"id": "980271492", "price": 0.12971, "amount": 58725.0, "side": "sell", "timestamp": 1765842909783}, {"id": "980271493", "price": 0.12972, "amount": 140.0, "side": "buy", "timestamp": 1765842909848}, {"id": "980271494", "price": 0.12972, "amount": 111.0, "side": "buy", "timestamp": 1765842910005}, {"id": "980271495", "price": 0.12972, "amount": 313.0, "side": "buy", "timestamp": 1765842910318}, {"id": "980271496", "price": 0.12971, "amount": 11153.0, "side": "sell", "timestamp": 1765842910490}, {"id": "980271497", "price": 0.12971, "amount": 1541.0, "side": "sell", "timestamp": 1765842910704}, {"id": "980271498", "price": 0.12972, "amount": 2427.0, "side": "buy", "timestamp": 1765842910813}, {"id": "980271499", "price": 0.12972, "amount": 544.0, "side": "buy", "timestamp": 1765842911033}, {"id": "980271500", "price": 0.12971, "amount": 460.0, "side": "sell", "timestamp": 1765842911033}, {"id": "980271501", "price": 0.12972, "amount": 29.0, "side": "buy", "timestamp": 1765842911335}, {"id": "980271502", "price": 0.12971, "amount": 17146.0, "side": "sell", "timestamp": 1765842911657}, {"id": "980271503", "price": 0.12971, "amount": 108.0, "side": "sell", "timestamp": 1765842912022}, {"id": "980271504", "price": 0.12972, "amount": 2111.0, "side": "buy", "timestamp": 1765842912532}, {"id": "980271505", "price": 0.12971, "amount": 368792.0, "side": "sell", "timestamp": 1765842915001}, {"id": "980271506", "price": 0.1297, "amount": 497.0, "side": "sell", "timestamp": 1765842915018}, {"id": "980271507", "price": 0.12969, "amount": 108.0, "side": "sell", "timestamp": 1765842915071}, {"id": "980271508", "price": 0.1297, "amount": 750.0, "side": "buy", "timestamp": 1765842915095}, {"id": "980271509", "price": 0.1297, "amount": 571.0, "side": "buy", "timestamp": 1765842915360}, {"id": "980271510", "price": 0.1297, "amount": 330.0, "side": "buy", "timestamp": 1765842915960}, {"id": "980271511", "price": 0.1297, "amount": 1038.0, "side": "buy", "timestamp": 1765842916433}, {"id": "980271512", "price": 0.1297, "amount": 5065.0, "side": "buy", "timestamp": 1765842917344}, {"id": "980271513", "price": 0.1297, "amount": 53.0, "side": "buy", "timestamp": 1765842917732}, {"id": "980271514", "price": 0.12969, "amount": 108.0, "side": "sell", "timestamp": 1765842918125}, {"id": "980271515", "price": 0.1297, "amount": 6163.0, "side": "buy", "timestamp": 1765842918642}, {"id": "980271516", "price": 0.1297, "amount": 424.0, "side": "buy", "timestamp": 1765842920287}, {"id": "980271553", "price": 0.12969, "amount": 8577.0, "side": "sell", "timestamp": 1765842952681}, {"id": "980271554", "price": 0.12969, "amount": 28074.0, "side": "sell", "timestamp": 1765842953206}, {"id": "980271555", "price": 0.12968, "amount": 2308.0, "side": "sell", "timestamp": 1765842953440}, {"id": "980271556", "price": 0.12967, "amount": 118.0, "side": "sell", "timestamp": 1765842953547}, {"id": "980271557", "price": 0.12966, "amount": 108.0, "side": "sell", "timestamp": 1765842954189}, {"id": "980271558", "price": 0.12966, "amount": 13530.0, "side": "sell", "timestamp": 1765842955431}, {"id": "980271559", "price": 0.12966, "amount": 85.0, "side": "buy", "timestamp": 1765842955938}, {"id": "980271560", "price": 0.12966, "amount": 2.0, "side": "buy", "timestamp": 1765842956159}, {"id": "980271561", "price": 0.12965, "amount": 647.0, "side": "sell", "timestamp": 1765842956198}, {"id": "980271562", "price": 0.12964, "amount": 108.0, "side": "sell", "timestamp": 1765842957016}, {"id": "980271563", "price": 0.12965, "amount": 51257.0, "side": "buy", "timestamp": 1765842959901}, {"id": "980271564", "price": 0.12964, "amount": 108.0, "side": "sell", "timestamp": 1765842960075}, {"id": "980271565", "price": 0.12965, "amount": 47.0, "side": "buy", "timestamp": 1765842961356}, {"id": "980271566", "price": 0.12965, "amount": 117.0, "side": "buy", "timestamp": 1765842961654}, {"id": "980271567", "price": 0.12965, "amount": 1220.0, "side": "buy", "timestamp": 1765842962003}, {"id": "980271568", "price": 0.12965, "amount": 160.0, "side": "buy", "timestamp": 1765842962623}, {"id": "980271569", "price": 0.12964, "amount": 3318.0, "side": "sell", "timestamp": 1765842962970}, {"id": "980271570", "price": 0.12964, "amount": 108.0, "side": "sell", "timestamp": 1765842963147}, {"id": "980271571", "price": 0.12965, "amount": 54519.0, "side": "buy", "timestamp": 1765842964145}, {"id": "980271572", "price": 0.12965, "amount": 88.0, "side": "buy", "timestamp": 1765842964479}, {"id": "980271573", "price": 0.12965, "amount": 2227.0, "side": "buy", "timestamp": 1765842964607}, {"id": "980271574", "price": 0.12965, "amount": 563.0, "side": "buy", "timestamp": 1765842964959}, {"id": "980271575", "price": 0.12965, "amount": 456.0, "side": "buy", "timestamp": 1765842965416}, {"id": "980271576", "price": 0.12965, "amount": 269.0, "side": "buy", "timestamp": 1765842965819}, {"id": "980271577", "price": 0.12964, "amount": 108.0, "side": "sell", "timestamp": 1765842966159}, {"id": "980271578", "price": 0.12964, "amount": 837.0, "side": "sell", "timestamp": 1765842966345}, {"id": "980271579", "price": 0.12965, "amount": 43.0, "side": "buy", "timestamp": 1765842966416}, {"id": "980271580", "price": 0.12965, "amount": 1299.0, "side": "buy", "timestamp": 1765842966775}, {"id": "980271581", "price": 0.12964, "amount": 108.0, "side": "sell", "timestamp": 1765842969170}, {"id": "980271582", "price": 0.12965, "amount": 85782.0, "side": "buy", "timestamp": 1765842969582}, {"id": "980271583", "price": 0.12966, "amount": 11936.0, "side": "buy", "timestamp": 1765842969608}, {"id": "980271584", "price": 0.12967, "amount": 193.0, "side": "buy", "timestamp": 1765842969804}, {"id": "980271585", "price": 0.12967, "amount": 107.0, "side": "buy", "timestamp": 1765842969975}, {"id": "980271586", "price": 0.12967, "amount": 86.0, "side": "buy", "timestamp": 1765842970095}, {"id": "980271587", "price": 0.12967, "amount": 3809.0, "side": "buy", "timestamp": 1765842970607}, {"id": "980271588", "price": 0.12967, "amount": 12546.0, "side": "buy", "timestamp": 1765842970821}, {"id": "980271589", "price": 0.12968, "amount": 3250.0, "side": "buy", "timestamp": 1765842971289}, {"id": "980271590", "price": 0.12969, "amount": 89745.0, "side": "buy", "timestamp": 1765842971343}, {"id": "980271591", "price": 0.1297, "amount": 15.0, "side": "buy", "timestamp": 1765842972066}, {"id": "980271592", "price": 0.12969, "amount": 398.0, "side": "sell", "timestamp": 1765842972143}, {"id": "980271593", "price": 0.1297, "amount": 16.0, "side": "buy", "timestamp": 1765842972536}, {"id": "980271594", "price": 0.1297, "amount": 116.0, "side": "buy", "timestamp": 1765842973165}, {"id": "980271595", "price": 0.1297, "amount": 124.0, "side": "buy", "timestamp": 1765842974531}, {"id": "980271596", "price": 0.12969, "amount": 108.0, "side": "sell", "timestamp": 1765842975040}, {"id": "980271597", "price": 0.1297, "amount": 60109.0, "side": "buy", "timestamp": 1765842975674}, {"id": "980271598", "price": 0.12971, "amount": 61172.0, "side": "buy", "timestamp": 1765842975674}, {"id": "980271599", "price": 0.12972, "amount": 300165.0, "side": "buy", "timestamp": 1765842975674}, {"id": "980271600", "price": 0.12973, "amount": 124088.0, "side": "buy", "timestamp": 1765842975674}, {"id": "980271601", "price": 0.12972, "amount": 23622.0, "side": "sell", "timestamp": 1765842975678}, {"id": "980271602", "price": 0.12971, "amount": 10828.0, "side": "sell", "timestamp": 1765842975702}, {"id": "980271658", "price": 0.12967, "amount": 108.0, "side": "sell", "timestamp": 1765843011109}, {"id": "980271659", "price": 0.12968, "amount": 9.0, "side": "buy", "timestamp": 1765843012741}, {"id": "980271660", "price": 0.12968, "amount": 2269.0, "side": "buy", "timestamp": 1765843013051}, {"id": "980271661", "price": 0.12967, "amount": 2422.0, "side": "sell", "timestamp": 1765843014155}, {"id": "980271662", "price": 0.12968, "amount": 106.0, "side": "buy", "timestamp": 1765843014519}, {"id": "980271663", "price": 0.12968, "amount": 1368.0, "side": "buy", "timestamp": 1765843015885}, {"id": "980271664", "price": 0.12968, "amount": 5161.0, "side": "buy", "timestamp": 1765843016595}, {"id": "980271665", "price": 0.12968, "amount": 358.0, "side": "buy", "timestamp": 1765843017045}, {"id": "980271666", "price": 0.12967, "amount": 108.0, "side": "sell", "timestamp": 1765843017179}, {"id": "980271667", "price": 0.12968, "amount": 8.0, "side": "buy", "timestamp": 1765843017286}, {"id": "980271668", "price": 0.12968, "amount": 47.0, "side": "buy", "timestamp": 1765843017927}, {"id": "980271669", "price": 0.12968, "amount": 2338.0, "side": "buy", "timestamp": 1765843018347}, {"id": "980271670", "price": 0.12968, "amount": 7.0, "side": "buy", "timestamp": 1765843019204}, {"id": "980271671", "price": 0.12967, "amount": 93.0, "side": "sell", "timestamp": 1765843019665}, {"id": "980271672", "price": 0.12968, "amount": 122.0, "side": "buy", "timestamp": 1765843019961}, {"id": "980271673", "price": 0.12967, "amount": 108.0, "side": "sell", "timestamp": 1765843020194}, {"id": "980271674", "price": 0.12968, "amount": 1181.0, "side": "buy", "timestamp": 1765843020652}, {"id": "980271675", "price": 0.12968, "amount": 564.0, "side": "buy", "timestamp": 1765843020937}, {"id": "980271676", "price": 0.12968, "amount": 82.0, "side": "buy", "timestamp": 1765843021100}, {"id": "980271677", "price": 0.12967, "amount": 1421.0, "side": "sell", "timestamp": 1765843021212}, {"id": "980271678", "price": 0.12967, "amount": 1511.0, "side": "sell", "timestamp": 1765843021493}, {"id": "980271679", "price": 0.12967, "amount": 2562.0, "side": "sell", "timestamp": 1765843022783}, {"id": "980271680", "price": 0.12968, "amount": 440.0, "side": "buy", "timestamp": 1765843022790}, {"id": "980271681", "price": 0.12968, "amount": 257.0, "side": "buy", "timestamp": 1765843022905}, {"id": "980271682", "price": 0.12967, "amount": 108.0, "side": "sell", "timestamp": 1765843023012}, {"id": "980271683", "price": 0.12968, "amount": 4.0, "side": "buy", "timestamp": 1765843023173}, {"id": "980271684", "price": 0.12968, "amount": 508.0, "side": "buy", "timestamp": 1765843024048}, {"id": "980271685", "price": 0.12968, "amount": 401.0, "side": "buy", "timestamp": 1765843024405}, {"id": "980271686", "price": 0.12968, "amount": 177.0, "side": "buy", "timestamp": 1765843024644}, {"id": "980271687", "price": 0.12967, "amount": 996.0, "side": "sell", "timestamp": 1765843024713}, {"id": "980271688", "price": 0.12968, "amount": 249.0, "side": "buy", "timestamp": 1765843024826}, {"id": "980271689", "price": 0.12968, "amount": 117.0, "side": "buy", "timestamp": 1765843025013}, {"id": "980271690", "price": 0.12968, "amount": 85.0, "side": "buy", "timestamp": 1765843025270}, {"id": "980271691", "price": 0.12968, "amount": 201.0, "side": "buy", "timestamp": 1765843025450}, {"id": "980271692", "price": 0.12968, "amount": 6140.0, "side": "buy", "timestamp": 1765843025810}, {"id": "980271693", "price": 0.12968, "amount": 61405.0, "side": "buy", "timestamp": 1765843025974}, {"id": "980271694", "price": 0.12969, "amount": 346.0, "side": "buy", "timestamp": 1765843026000}, {"id": "980271695", "price": 0.12968, "amount": 108.0, "side": "sell", "timestamp": 1765843026059}, {"id": "980271696", "price": 0.12969, "amount": 157.0, "side": "buy", "timestamp": 1765843026100}, {"id": "980271697", "price": 0.12968, "amount": 192.0, "side": "sell", "timestamp": 1765843026110}, {"id": "980271698", "price": 0.12969, "amount": 1542.0, "side": "buy", "timestamp": 1765843028141}, {"id": "980271699", "price": 0.12968, "amount": 191204.0, "side": "sell", "timestamp": 1765843028283}, {"id": "980271700", "price": 0.12967, "amount": 100307.0, "side": "sell", "timestamp": 1765843028283}, {"id": "980271701", "price": 0.12967, "amount": 50989.0, "side": "sell", "timestamp": 1765843028483}, {"id": "980271702", "price": 0.12966, "amount": 1719.0, "side": "sell", "timestamp": 1765843028596}, {"id": "980271703", "price": 0.12967, "amount": 524.0, "side": "buy", "timestamp": 1765843028622}, {"id": "980271704", "price": 0.12966, "amount": 108.0, "side": "sell", "timestamp": 1765843029105}, {"id": "980271705", "price": 0.12967, "amount": 3509.0, "side": "buy", "timestamp": 1765843030238}, {"id": "980271706", "price": 0.12967, "amount": 856.0, "side": "buy", "timestamp": 1765843030733}, {"id": "980271707", "price": 0.12967, "amount": 623.0, "side": "buy", "timestamp": 1765843031361}, {"id": "980271758", "price": 0.12972, "amount": 41.0, "side": "sell", "timestamp": 1765843057636}, {"id": "980271759", "price": 0.12972, "amount": 108.0, "side": "sell", "timestamp": 1765843059103}, {"id": "980271760", "price": 0.12973, "amount": 651.0, "side": "buy", "timestamp": 1765843059785}, {"id": "980271761", "price": 0.12973, "amount": 207.0, "side": "buy", "timestamp": 1765843059934}, {"id": "980271762", "price": 0.12973, "amount": 1084.0, "side": "buy", "timestamp": 1765843060043}, {"id": "980271763", "price": 0.12972, "amount": 108.0, "side": "sell", "timestamp": 1765843062120}, {"id": "980271764", "price": 0.12973, "amount": 33387.0, "side": "buy", "timestamp": 1765843062168}, {"id": "980271765", "price": 0.12972, "amount": 3854.0, "side": "sell", "timestamp": 1765843064037}, {"id": "980271766", "price": 0.12973, "amount": 150.0, "side": "buy", "timestamp": 1765843064889}, {"id": "980271767", "price": 0.12972, "amount": 108.0, "side": "sell", "timestamp": 1765843065009}, {"id": "980271768", "price": 0.12973, "amount": 9.0, "side": "buy", "timestamp": 1765843065055}, {"id": "980271769", "price": 0.12972, "amount": 75161.0, "side": "sell", "timestamp": 1765843065114}, {"id": "980271770", "price": 0.12971, "amount": 61410.0, "side": "sell", "timestamp": 1765843065114}, {"id": "980271771", "price": 0.1297, "amount": 45.0, "side": "sell", "timestamp": 1765843065141}, {"id": "980271772", "price": 0.12971, "amount": 14.0, "side": "buy", "timestamp": 1765843066179}, {"id": "980271773", "price": 0.1297, "amount": 108.0, "side": "sell", "timestamp": 1765843068095}, {"id": "980271774", "price": 0.12971, "amount": 1156.0, "side": "buy", "timestamp": 1765843069076}, {"id": "980271775", "price": 0.12971, "amount": 17.0, "side": "buy", "timestamp": 1765843069774}, {"id": "980271776", "price": 0.1297, "amount": 108.0, "side": "sell", "timestamp": 1765843071117}, {"id": "980271777", "price": 0.1297, "amount": 132.0, "side": "sell", "timestamp": 1765843072519}, {"id": "980271778", "price": 0.1297, "amount": 18269.0, "side": "sell", "timestamp": 1765843072697}, {"id": "980271779", "price": 0.12971, "amount": 11988.0, "side": "buy", "timestamp": 1765843072830}, {"id": "980271780", "price": 0.1297, "amount": 20380.0, "side": "sell", "timestamp": 1765843073591}, {"id": "980271781", "price": 0.1297, "amount": 108.0, "side": "sell", "timestamp": 1765843074163}, {"id": "980271782", "price": 0.1297, "amount": 206.0, "side": "sell", "timestamp": 1765843075264}, {"id": "980271783", "price": 0.12971, "amount": 16.0, "side": "buy", "timestamp": 1765843076857}, {"id": "980271784", "price": 0.12971, "amount": 822.0, "side": "buy", "timestamp": 1765843077078}, {"id": "980271785", "price": 0.1297, "amount": 108.0, "side": "sell", "timestamp": 1765843077201}, {"id": "980271786", "price": 0.12971, "amount": 8.0, "side": "buy", "timestamp": 1765843078812}, {"id": "980271787", "price": 0.1297, "amount": 491.0, "side": "sell", "timestamp": 1765843079343}, {"id": "980271788", "price": 0.1297, "amount": 230.0, "side": "sell", "timestamp": 1765843079971}, {"id": "980271789", "price": 0.12971, "amount": 2000.0, "side": "buy", "timestamp": 1765843081086}, {"id": "980271790", "price": 0.12971, "amount": 45.0, "side": "buy", "timestamp": 1765843081275}, {"id": "980271791", "price": 0.12971, "amount": 79.0, "side": "buy", "timestamp": 1765843081651}, {"id": "980271792", "price": 0.12971, "amount": 172014.0, "side": "buy", "timestamp": 1765843081809}, {"id": "980271793", "price": 0.12972, "amount": 188356.0, "side": "buy", "timestamp": 1765843081809}, {"id": "980271794", "price": 0.12973, "amount": 101773.0, "side": "buy", "timestamp": 1765843081809}, {"id": "980271795", "price": 0.12972, "amount": 22463.0, "side": "sell", "timestamp": 1765843081851}, {"id": "980271796", "price": 0.12972, "amount": 108.0, "side": "sell", "timestamp": 1765843083060}, {"id": "980271797", "price": 0.12973, "amount": 123.0, "side": "buy", "timestamp": 1765843084429}, {"id": "980271798", "price": 0.12972, "amount": 39.0, "side": "sell", "timestamp": 1765843084494}, {"id": "980271799", "price": 0.12972, "amount": 3064.0, "side": "sell", "timestamp": 1765843084601}, {"id": "980271800", "price": 0.12972, "amount": 168.0, "side": "buy", "timestamp": 1765843084828}, {"id": "980271801", "price": 0.12972, "amount": 46.0, "side": "buy", "timestamp": 1765843085063}, {"id": "980271802", "price": 0.12972, "amount": 86.0, "side": "buy", "timestamp": 1765843085469}, {"id": "980271803", "price": 0.12971, "amount": 293.0, "side": "sell", "timestamp": 1765843085476}, {"id": "980271804", "price": 0.12972, "amount": 54.0, "side": "buy", "timestamp": 1765843085487}, {"id": "980271805", "price": 0.12971, "amount": 108.0, "side": "sell", "timestamp": 1765843086087}, {"id": "980271806", "price": 0.12972, "amount": 380.0, "side": "buy", "timestamp": 1765843086177}, {"id": "980271807", "price": 0.12972, "amount": 770.0, "side": "buy", "timestamp": 1765843086523}, {"id": "980271861", "price": 0.12971, "amount": 108.0, "side": "sell", "timestamp": 1765843116181}, {"id": "980271862", "price": 0.12972, "amount": 9.0, "side": "buy", "timestamp": 1765843116604}, {"id": "980271863", "price": 0.12972, "amount": 50.0, "side": "buy", "timestamp": 1765843117167}, {"id": "980271864", "price": 0.12972, "amount": 8.0, "side": "buy", "timestamp": 1765843118192}, {"id": "980271865", "price": 0.12971, "amount": 108.0, "side": "sell", "timestamp": 1765843119201}, {"id": "980271866", "price": 0.12972, "amount": 2345.0, "side": "buy", "timestamp": 1765843119726}, {"id": "980271867", "price": 0.12972, "amount": 115.0, "side": "buy", "timestamp": 1765843119848}, {"id": "980271868", "price": 0.12972, "amount": 409.0, "side": "buy", "timestamp": 1765843120088}, {"id": "980271869", "price": 0.12971, "amount": 108.0, "side": "sell", "timestamp": 1765843122018}, {"id": "980271870", "price": 0.12971, "amount": 43.0, "side": "sell", "timestamp": 1765843123241}, {"id": "980271871", "price": 0.12972, "amount": 507.0, "side": "buy", "timestamp": 1765843124753}, {"id": "980271872", "price": 0.12972, "amount": 39610.0, "side": "buy", "timestamp": 1765843124854}, {"id": "980271873", "price": 0.12973, "amount": 1923.0, "side": "buy", "timestamp": 1765843124989}, {"id": "980271874", "price": 0.12972, "amount": 108.0, "side": "sell", "timestamp": 1765843125075}, {"id": "980271875", "price": 0.12973, "amount": 295.0, "side": "buy", "timestamp": 1765843125079}, {"id": "980271876", "price": 0.12972, "amount": 50.0, "side": "sell", "timestamp": 1765843127357}, {"id": "980271877", "price": 0.12972, "amount": 1125.0, "side": "sell", "timestamp": 1765843127631}, {"id": "980271878", "price": 0.12972, "amount": 108.0, "side": "sell", "timestamp": 1765843128103}, {"id": "980271879", "price": 0.12972, "amount": 15433.0, "side": "sell", "timestamp": 1765843128438}, {"id": "980271880", "price": 0.12973, "amount": 355.0, "side": "buy", "timestamp": 1765843129756}, {"id": "980271881", "price": 0.12973, "amount": 1512.0, "side": "buy", "timestamp": 1765843129888}, {"id": "980271882", "price": 0.12973, "amount": 895.0, "side": "buy", "timestamp": 1765843130045}, {"id": "980271883", "price": 0.12973, "amount": 461.0, "side": "buy", "timestamp": 1765843130608}, {"id": "980271884", "price": 0.12972, "amount": 108.0, "side": "sell", "timestamp": 1765843131134}, {"id": "980271885", "price": 0.12973, "amount": 364.0, "side": "buy", "timestamp": 1765843132168}, {"id": "980271886", "price": 0.12972, "amount": 57.0, "side": "sell", "timestamp": 1765843132384}, {"id": "980271887", "price": 0.12973, "amount": 149.0, "side": "buy", "timestamp": 1765843132651}, {"id": "980271888", "price": 0.12972, "amount": 847.0, "side": "sell", "timestamp": 1765843132954}, {"id": "980271889", "price": 0.12972, "amount": 43870.0, "side": "sell", "timestamp": 1765843133779}, {"id": "980271890", "price": 0.12971, "amount": 49923.0, "side": "sell", "timestamp": 1765843133779}, {"id": "980271891", "price": 0.12971, "amount": 108.0, "side": "sell", "timestamp": 1765843134180}, {"id": "980271892", "price": 0.12972, "amount": 657.0, "side": "buy", "timestamp": 1765843137145}, {"id": "980271893", "price": 0.12971, "amount": 108.0, "side": "sell", "timestamp": 1765843137195}, {"id": "980271894", "price": 0.12972, "amount": 917.0, "side": "buy", "timestamp": 1765843137205}, {"id": "980271895", "price": 0.12971, "amount": 703.0, "side": "sell", "timestamp": 1765843137538}, {"id": "980271896", "price": 0.12972, "amount": 9027.0, "side": "buy", "timestamp": 1765843139514}, {"id": "980271897", "price": 0.12972, "amount": 110.0, "side": "sell", "timestamp": 1765843139747}, {"id": "980271898", "price": 0.12973, "amount": 8.0, "side": "buy", "timestamp": 1765843139904}, {"id": "980271899", "price": 0.12972, "amount": 167.0, "side": "sell", "timestamp": 1765843139968}, {"id": "980271900", "price": 0.12972, "amount": 63.0, "side": "sell", "timestamp": 1765843140310}, {"id": "980271901", "price": 0.12972, "amount": 1410.0, "side": "sell", "timestamp": 1765843140535}, {"id": "980271902", "price": 0.12972, "amount": 8.0, "side": "buy", "timestamp": 1765843141129}, {"id": "980271903", "price": 0.12971, "amount": 39031.0, "side": "sell", "timestamp": 1765843141383}, {"id": "980271904", "price": 0.1297, "amount": 12398.0, "side": "sell", "timestamp": 1765843141523}, {"id": "980271905", "price": 0.1297, "amount": 3533.0, "side": "buy", "timestamp": 1765843141529}, {"id": "980271906", "price": 0.12969, "amount": 64.0, "side": "sell", "timestamp": 1765843142633}, {"id": "980271907", "price": 0.1297, "amount": 9.0, "side": "buy", "timestamp": 1765843142753}, {"id": "980271908", "price": 0.12969, "amount": 108.0, "side": "sell", "timestamp": 1765843143046}, {"id": "980271909", "price": 0.1297, "amount": 51.0, "side": "buy", "timestamp": 1765843144119}, {"id": "980271910", "price": 0.1297, "amount": 182.0, "side": "buy", "timestamp": 1765843144409}]