[{"symbol": "SOLUSDT", "bids": [[133.91, 395.23], [133.9, 1120.87], [133.89, 567.1], [133.88, 1065.64], [133.87, 1954.65], [133.86, 2128.04], [133.85, 847.99], [133.84, 1505.17], [133.83, 1075.2], [133.82, 763.2], [133.81, 1066.06], [133.8, 2509.48], [133.79, 2484.0], [133.78, 814.14], [133.77, 1233.22], [133.76, 547.98], [133.75, 1602.26], [133.74, 770.73], [133.73, 820.31], [133.72, 1147.68]], "asks": [[133.92, 1235.25], [133.93, 1183.64], [133.94, 940.51], [133.95, 1348.52], [133.96, 1312.66], [133.97, 1352.05], [133.98, 629.43], [133.99, 863.37], [134.0, 1604.66], [134.01, 1086.35], [134.02, 1471.35], [134.03, 1085.63], [134.04, 1362.08], [134.05, 2441.81], [134.06, 1314.34], [134.07, 740.6], [134.08, 808.52], [134.09, 2505.1], [134.1, 1367.95], [134.11, 961.96]], "timestamp": "2025-12-13T09:00:18.104689+00:00"}, {"symbol": "SOLUSDT", "bids": [[133.97, 793.62], [133.96, 690.9], [133.95, 986.27], [133.94, 1302.7], [133.93, 1512.25], [133.92, 1405.18], [133.91, 2471.49], [133.9, 2164.41], [133.89, 1104.25], [133.88, 867.3], [133.87, 2309.85], [133.86, 1573.57], [133.85, 973.56], [133.84, 1044.11], [133.83, 2812.47], [133.82, 900.25], [133.81, 1088.86], [133.8, 1939.2], [133.79, 1105.31], [133.78, 915.36]], "asks": [[133.98, 307.5], [133.99, 1015.5], [134.0, 666.18], [134.01, 921.22], [134.02, 1034.77], [134.03, 994.63], [134.04, 817.78], [134.05, 1301.13], [134.06, 1006.98], [134.07, 953.31], [134.08, 736.48], [134.09, 1402.51], [134.1, 2549.24], [134.11, 948.19], [134.12, 1304.14], [134.13, 561.95], [134.14, 886.15], [134.15, 2485.71], [134.16, 1002.08], [134.17, 745.09]], "timestamp": "2025-12-13T09:01:12.070189+00:00"}, {"symbol": "SOLUSDT", "bids": [[134.06, 401.27], [134.05, 770.08], [134.04, 1025.99], [134.03, 1190.8], [134.02, 2551.73], [134.01, 1990.88], [134.0, 1758.38], [133.99, 1113.21], [133.98, 1675.54], [133.97, 1779.62], [133.96, 1380.71], [133.95, 1300.73], [133.94, 1679.47], [133.93, 876.8], [133.92, 1018.19], [133.91, 3754.63], [133.9, 1782.94], [133.89, 661.8], [133.88, 888.44], [133.87, 2153.5]], "asks": [[134.07, 1070.61], [134.08, 486.45], [134.09, 959.61], [134.1, 1405.58], [134.11, 1625.77], [134.12, 1571.45], [134.13, 635.49], [134.14, 1091.82], [134.15, 874.8], [134.16, 762.95], [134.17, 1451.25], [134.18, 867.16], [134.19, 1217.78], [134.2, 3335.42], [134.21, 1001.43], [134.22, 1283.18], [134.23, 2282.0], [134.24, 1370.81], [134.25, 1034.97], [134.26, 1120.5]], "timestamp": "2025-12-13T09:02:06.650262+00:00"}, {"symbol": "SOLUSDT", "bids": [[134.18, 1969.65], [134.17, 778.19], [134.16, 1698.0], [134.15, 1600.59], [134.14, 2006.68], [134.13, 1683.71], [134.12, 1621.28], [134.11, 1223.79], [134.1, 2465.8], [134.09, 2414.44], [134.08, 888.68], [134.07, 993.87], [134.06, 1248.6], [134.05, 584.72], [134.04, 1225.54], [134.03, 1128.86], [134.02, 3138.36], [134.01, 1251.49], [134.0, 1458.26], [133.99, 817.99]], "asks": [[134.19, 296.94], [134.2, 1044.31], [134.21, 1181.72], [134.22, 761.28], [134.23, 1456.11], [134.24, 1282.45], [134.25, 1224.18], [134.26, 1074.98], [134.27, 1173.0], [134.28, 2358.81], [134.29, 851.13], [134.3, 1185.13], [134.31, 1118.74], [134.32, 891.27], [134.33, 990.06], [134.34, 895.93], [134.35, 2268.09], [134.36, 1057.86], [134.37, 474.35], [134.38, 695.12]], "timestamp": "2025-12-13T09:03:01.229967+00:00"}, {"symbol": "SOLUSDT", "bids": [[134.1, 840.79], [134.09, 331.44], [134.08, 885.73], [134.07, 1824.07], [134.06, 1736.23], [134.05, 1350.88], [134.04, 1098.16], [134.03, 1103.58], [134.02, 985.59], [134.01, 1475.39], [134.0, 1468.76], [133.99, 736.18], [133.98, 2841.87], [133.97, 1068.02], [133.96, 1022.28], [133.95, 1542.2], [133.94, 1720.12], [133.93, 1738.15], [133.92, 2119.38], [133.91, 1220.81]], "asks": [[134.11, 882.34], [134.12, 873.43], [134.13, 973.54], [134.14, 1581.78], [134.15, 1845.15], [134.16, 1015.88], [134.17, 1878.46], [134.18, 779.41], [134.19, 907.75], [134.2, 1317.6], [134.21, 559.05], [134.22, 1086.95], [134.23, 1098.34], [134.24, 1423.48], [134.25, 3217.99], [134.26, 985.28], [134.27, 622.18], [134.28, 1303.91], [134.29, 2755.81], [134.3, 1379.91]], "timestamp": "2025-12-13T09:03:55.506813+00:00"}, {"symbol": "SOLUSDT", "bids": [[134.04, 64.4], [134.03, 198.94], [134.02, 1011.46], [134.01, 1371.63], [134.0, 3983.36], [133.99, 855.14], [133.98, 1332.24], [133.97, 1294.22], [133.96, 613.84], [133.95, 1097.87], [133.94, 1747.01], [133.93, 2043.45], [133.92, 1156.96], [133.91, 3786.1], [133.9, 613.27], [133.89, 735.93], [133.88, 767.15], [133.87, 1188.5], [133.86, 928.38], [133.85, 855.6]], "asks": [[134.05, 1294.25], [134.06, 1315.78], [134.07, 1192.15], [134.08, 759.75], [134.09, 1932.05], [134.1, 1654.33], [134.11, 1421.77], [134.12, 960.9], [134.13, 1533.49], [134.14, 1660.87], [134.15, 738.15], [134.16, 661.83], [134.17, 835.24], [134.18, 981.77], [134.19, 1173.59], [134.2, 2187.17], [134.21, 2669.43], [134.22, 1244.33], [134.23, 1784.48], [134.24, 3183.95]], "timestamp": "2025-12-13T09:04:49.672939+00:00"}, {"symbol": "SOLUSDT", "bids": [[134.09, 256.07], [134.08, 499.57], [134.07, 1071.63], [134.06, 1516.56], [134.05, 1528.34], [134.04, 1441.52], [134.03, 1248.87], [134.02, 1089.7], [134.01, 2022.18], [134.0, 5069.77], [133.99, 861.06], [133.98, 1417.78], [133.97, 1839.29], [133.96, 570.66], [133.95, 1563.31], [133.94, 3467.64], [133.93, 1709.54], [133.92, 884.1], [133.91, 1915.13], [133.9, 794.87]], "asks": [[134.1, 1036.78], [134.11, 1434.44], [134.12, 788.38], [134.13, 663.42], [134.14, 1254.18], [134.15, 1566.83], [134.16, 989.19], [134.17, 1002.39], [134.18, 1078.81], [134.19, 1281.53], [134.2, 1506.85], [134.21, 2096.58], [134.22, 1122.39], [134.23, 962.93], [134.24, 1234.58], [134.25, 1252.71], [134.26, 1344.53], [134.27, 2325.17], [134.28, 719.79], [134.29, 1324.11]], "timestamp": "2025-12-13T09:05:43.353474+00:00"}, {"symbol": "SOLUSDT", "bids": [[134.14, 445.76], [134.13, 376.88], [134.12, 1546.4], [134.11, 1309.55], [134.1, 1513.19], [134.09, 1286.31], [134.08, 910.4], [134.07, 1145.56], [134.06, 1214.11], [134.05, 841.69], [134.04, 1201.83], [134.03, 2951.97], [134.02, 1084.4], [134.01, 2032.52], [134.0, 5581.59], [133.99, 1636.04], [133.98, 1442.91], [133.97, 1427.22], [133.96, 2157.72], [133.95, 1523.36]], "asks": [[134.15, 885.74], [134.16, 958.97], [134.17, 1068.83], [134.18, 1107.55], [134.19, 846.04], [134.2, 1475.16], [134.21, 1128.33], [134.22, 1003.73], [134.23, 1140.52], [134.24, 1418.74], [134.25, 1161.67], [134.26, 840.46], [134.27, 675.39], [134.28, 1050.39], [134.29, 1685.82], [134.3, 1840.18], [134.31, 2888.91], [134.32, 2429.78], [134.33, 691.95], [134.34, 509.96]], "timestamp": "2025-12-13T09:06:38.218473+00:00"}, {"symbol": "SOLUSDT", "bids": [[134.08, 1267.25], [134.07, 1134.38], [134.06, 1598.95], [134.05, 977.98], [134.04, 1114.04], [134.03, 1288.55], [134.02, 1164.67], [134.01, 1687.6], [134.0, 5142.74], [133.99, 715.81], [133.98, 1099.07], [133.97, 1125.86], [133.96, 3052.78], [133.95, 1592.35], [133.94, 1096.18], [133.93, 551.0], [133.92, 694.18], [133.91, 1361.87], [133.9, 1369.46], [133.89, 2335.55]], "asks": [[134.09, 87.42], [134.1, 857.27], [134.11, 687.31], [134.12, 804.62], [134.13, 1323.69], [134.14, 1290.74], [134.15, 935.82], [134.16, 841.69], [134.17, 1359.32], [134.18, 1318.41], [134.19, 871.8], [134.2, 1060.91], [134.21, 879.4], [134.22, 1373.44], [134.23, 2498.34], [134.24, 1445.54], [134.25, 2162.89], [134.26, 2509.39], [134.27, 876.78], [134.28, 866.73]], "timestamp": "2025-12-13T09:07:32.388781+00:00"}, {"symbol": "SOLUSDT", "bids": [[134.06, 931.01], [134.05, 1355.57], [134.04, 1024.49], [134.03, 1263.28], [134.02, 1612.11], [134.01, 1635.54], [134.0, 6191.53], [133.99, 662.34], [133.98, 957.08], [133.97, 1317.97], [133.96, 392.01], [133.95, 945.86], [133.94, 1259.8], [133.93, 428.2], [133.92, 3084.59], [133.91, 1633.31], [133.9, 1033.96], [133.89, 755.89], [133.88, 881.96], [133.87, 1178.71]], "asks": [[134.07, 225.87], [134.08, 403.66], [134.09, 963.1], [134.1, 621.59], [134.11, 1214.93], [134.12, 1712.72], [134.13, 788.61], [134.14, 1115.65], [134.15, 1342.22], [134.16, 710.16], [134.17, 1303.6], [134.18, 488.17], [134.19, 1114.38], [134.2, 2843.86], [134.21, 1033.48], [134.22, 1687.77], [134.23, 2268.21], [134.24, 1201.33], [134.25, 1310.62], [134.26, 824.94]], "timestamp": "2025-12-13T09:08:26.568483+00:00"}, {"symbol": "SOLUSDT", "bids": [[134.05, 506.78], [134.04, 615.86], [134.03, 1071.98], [134.02, 1325.67], [134.01, 1667.49], [134.0, 6468.75], [133.99, 691.72], [133.98, 985.94], [133.97, 1301.99], [133.96, 389.13], [133.95, 842.15], [133.94, 1255.83], [133.93, 416.87], [133.92, 996.09], [133.91, 3618.51], [133.9, 826.46], [133.89, 652.84], [133.88, 604.84], [133.87, 1364.24], [133.86, 2477.04]], "asks": [[134.06, 319.64], [134.07, 551.01], [134.08, 1506.9], [134.09, 1154.77], [134.1, 1003.36], [134.11, 1341.99], [134.12, 1392.47], [134.13, 659.31], [134.14, 1100.7], [134.15, 1184.86], [134.16, 1198.19], [134.17, 1075.51], [134.18, 656.5], [134.19, 1226.58], [134.2, 2890.11], [134.21, 1309.53], [134.22, 2477.63], [134.23, 1100.16], [134.24, 1422.07], [134.25, 1311.35]], "timestamp": "2025-12-13T09:09:20.935065+00:00"}, {"symbol": "SOLUSDT", "bids": [[134.06, 474.46], [134.05, 587.41], [134.04, 1075.02], [134.03, 1276.04], [134.02, 1536.96], [134.01, 1665.31], [134.0, 4824.25], [133.99, 671.22], [133.98, 990.54], [133.97, 1053.4], [133.96, 812.5], [133.95, 994.73], [133.94, 1805.2], [133.93, 2386.66], [133.92, 656.41], [133.91, 1832.59], [133.9, 561.89], [133.89, 491.99], [133.88, 681.89], [133.87, 1098.31]], "asks": [[134.07, 508.0], [134.08, 830.27], [134.09, 711.19], [134.1, 896.06], [134.11, 1512.78], [134.12, 1201.22], [134.13, 1209.36], [134.14, 1155.67], [134.15, 836.83], [134.16, 751.26], [134.17, 1548.7], [134.18, 673.87], [134.19, 1217.04], [134.2, 2541.59], [134.21, 1184.21], [134.22, 1694.6], [134.23, 2672.22], [134.24, 1440.55], [134.25, 1327.69], [134.26, 830.46]], "timestamp": "2025-12-13T09:10:15.158739+00:00"}, {"symbol": "SOLUSDT", "bids": [[134.03, 387.02], [134.02, 346.4], [134.01, 862.42], [134.0, 1295.74], [133.99, 1978.44], [133.98, 2273.53], [133.97, 1404.7], [133.96, 543.89], [133.95, 882.36], [133.94, 1295.68], [133.93, 844.15], [133.92, 962.12], [133.91, 2793.47], [133.9, 751.72], [133.89, 951.72], [133.88, 855.33], [133.87, 1326.68], [133.86, 1050.4], [133.85, 982.12], [133.84, 740.79]], "asks": [[134.04, 714.46], [134.05, 953.86], [134.06, 1405.21], [134.07, 1517.46], [134.08, 2729.29], [134.09, 1048.82], [134.1, 1017.92], [134.11, 1216.44], [134.12, 1305.17], [134.13, 1620.0], [134.14, 1240.66], [134.15, 1453.79], [134.16, 2363.35], [134.17, 1550.28], [134.18, 1030.34], [134.19, 907.28], [134.2, 1142.14], [134.21, 1352.36], [134.22, 2998.71], [134.23, 946.59]], "timestamp": "2025-12-13T09:11:09.363704+00:00"}, {"symbol": "SOLUSDT", "bids": [[133.97, 1341.33], [133.96, 494.72], [133.95, 813.43], [133.94, 1224.29], [133.93, 1165.72], [133.92, 1142.64], [133.91, 967.89], [133.9, 820.19], [133.89, 931.27], [133.88, 750.57], [133.87, 904.17], [133.86, 1367.09], [133.85, 2727.44], [133.84, 712.07], [133.83, 717.89], [133.82, 1123.3], [133.81, 1348.64], [133.8, 1452.69], [133.79, 2427.8], [133.78, 857.82]], "asks": [[133.98, 312.23], [133.99, 698.69], [134.0, 997.14], [134.01, 872.06], [134.02, 1423.23], [134.03, 1437.9], [134.04, 2142.9], [134.05, 2997.44], [134.06, 884.1], [134.07, 1653.28], [134.08, 1504.7], [134.09, 734.52], [134.1, 1141.88], [134.11, 1612.03], [134.12, 860.27], [134.13, 1211.55], [134.14, 1448.89], [134.15, 3859.51], [134.16, 762.35], [134.17, 1603.71]], "timestamp": "2025-12-13T09:12:03.246062+00:00"}, {"symbol": "SOLUSDT", "bids": [[134.02, 135.04], [134.01, 226.2], [134.0, 511.43], [133.99, 818.52], [133.98, 1165.45], [133.97, 1563.02], [133.96, 931.1], [133.95, 1294.0], [133.94, 906.91], [133.93, 708.31], [133.92, 1761.69], [133.91, 2250.09], [133.9, 1089.2], [133.89, 1117.33], [133.88, 1351.79], [133.87, 1368.6], [133.86, 1002.01], [133.85, 661.64], [133.84, 812.74], [133.83, 703.18]], "asks": [[134.03, 1721.49], [134.04, 1410.07], [134.05, 2273.07], [134.06, 2262.68], [134.07, 1626.26], [134.08, 1594.0], [134.09, 920.23], [134.1, 1113.29], [134.11, 1534.22], [134.12, 1035.69], [134.13, 1266.33], [134.14, 2906.79], [134.15, 909.15], [134.16, 779.68], [134.17, 1593.58], [134.18, 720.15], [134.19, 1082.33], [134.2, 2951.68], [134.21, 747.92], [134.22, 1509.01]], "timestamp": "2025-12-13T09:12:57.559079+00:00"}, {"symbol": "SOLUSDT", "bids": [[134.0, 930.67], [133.99, 1123.75], [133.98, 618.42], [133.97, 801.8], [133.96, 919.11], [133.95, 1807.71], [133.94, 1075.76], [133.93, 701.2], [133.92, 1148.95], [133.91, 565.07], [133.9, 2422.31], [133.89, 1064.16], [133.88, 1387.99], [133.87, 828.21], [133.86, 1045.35], [133.85, 1154.99], [133.84, 927.11], [133.83, 1353.2], [133.82, 2720.59], [133.81, 880.73]], "asks": [[134.01, 231.04], [134.02, 369.02], [134.03, 1268.08], [134.04, 593.74], [134.05, 1313.74], [134.06, 1135.71], [134.07, 933.27], [134.08, 1207.22], [134.09, 667.19], [134.1, 1152.15], [134.11, 1301.83], [134.12, 1548.17], [134.13, 1502.99], [134.14, 2715.38], [134.15, 651.35], [134.16, 943.86], [134.17, 1389.01], [134.18, 2762.67], [134.19, 892.05], [134.2, 1017.8]], "timestamp": "2025-12-13T09:13:51.478123+00:00"}, {"symbol": "SOLUSDT", "bids": [[133.87, 181.23], [133.86, 485.56], [133.85, 686.95], [133.84, 1005.22], [133.83, 1371.24], [133.82, 1561.29], [133.81, 992.65], [133.8, 917.33], [133.79, 1214.67], [133.78, 948.42], [133.77, 2578.83], [133.76, 1604.74], [133.75, 787.22], [133.74, 893.51], [133.73, 1062.02], [133.72, 1199.44], [133.71, 1775.16], [133.7, 2977.9], [133.69, 920.82], [133.68, 573.95]], "asks": [[133.88, 635.65], [133.89, 826.36], [133.9, 1032.32], [133.91, 1056.23], [133.92, 1316.19], [133.93, 1704.79], [133.94, 1243.06], [133.95, 1342.98], [133.96, 1351.46], [133.97, 979.91], [133.98, 1029.3], [133.99, 1418.07], [134.0, 770.87], [134.01, 969.9], [134.02, 1072.98], [134.03, 1383.11], [134.04, 1317.93], [134.05, 2902.19], [134.06, 2431.7], [134.07, 459.64]], "timestamp": "2025-12-13T09:14:45.659626+00:00"}, {"symbol": "SOLUSDT", "bids": [[133.74, 799.75], [133.73, 1171.15], [133.72, 514.94], [133.71, 885.21], [133.7, 1683.29], [133.69, 1359.47], [133.68, 793.39], [133.67, 1955.42], [133.66, 782.98], [133.65, 709.22], [133.64, 956.32], [133.63, 1371.59], [133.62, 3336.56], [133.61, 845.07], [133.6, 1421.31], [133.59, 1252.0], [133.58, 1300.06], [133.57, 2225.35], [133.56, 624.28], [133.55, 713.96]], "asks": [[133.75, 515.81], [133.76, 774.57], [133.77, 721.39], [133.78, 1029.29], [133.79, 1741.03], [133.8, 1792.74], [133.81, 1333.29], [133.82, 1574.92], [133.83, 1976.76], [133.84, 971.25], [133.85, 1281.38], [133.86, 554.35], [133.87, 755.94], [133.88, 782.96], [133.89, 1077.3], [133.9, 1692.84], [133.91, 994.31], [133.92, 2974.02], [133.93, 649.89], [133.94, 587.68]], "timestamp": "2025-12-13T09:15:39.515177+00:00"}, {"symbol": "SOLUSDT", "bids": [[133.7, 185.77], [133.69, 533.91], [133.68, 456.2], [133.67, 651.83], [133.66, 1174.15], [133.65, 1119.89], [133.64, 952.95], [133.63, 863.59], [133.62, 1211.94], [133.61, 890.22], [133.6, 992.1], [133.59, 1397.18], [133.58, 2246.21], [133.57, 1198.1], [133.56, 1112.28], [133.55, 675.66], [133.54, 747.37], [133.53, 1705.44], [133.52, 770.99], [133.51, 1151.05]], "asks": [[133.71, 779.02], [133.72, 1071.12], [133.73, 1202.1], [133.74, 1020.48], [133.75, 1210.66], [133.76, 1779.87], [133.77, 1011.71], [133.78, 895.17], [133.79, 1245.1], [133.8, 927.4], [133.81, 1077.56], [133.82, 1269.6], [133.83, 1514.64], [133.84, 1557.21], [133.85, 2821.6], [133.86, 875.84], [133.87, 2535.12], [133.88, 1052.37], [133.89, 1333.37], [133.9, 1247.03]], "timestamp": "2025-12-13T09:16:33.989168+00:00"}, {"symbol": "SOLUSDT", "bids": [[133.66, 81.77], [133.65, 367.31], [133.64, 408.35], [133.63, 1111.47], [133.62, 810.89], [133.61, 1164.27], [133.6, 843.03], [133.59, 1059.22], [133.58, 657.71], [133.57, 691.39], [133.56, 1444.77], [133.55, 902.91], [133.54, 2366.74], [133.53, 1265.51], [133.52, 509.92], [133.51, 1081.16], [133.5, 3417.3], [133.49, 1450.37], [133.48, 2582.91], [133.47, 731.82]], "asks": [[133.67, 845.05], [133.68, 1103.51], [133.69, 1940.84], [133.7, 1432.95], [133.71, 728.47], [133.72, 1117.14], [133.73, 1460.83], [133.74, 1302.24], [133.75, 959.53], [133.76, 1461.22], [133.77, 763.91], [133.78, 1178.19], [133.79, 1807.13], [133.8, 1026.59], [133.81, 1170.4], [133.82, 2516.77], [133.83, 1310.85], [133.84, 2485.05], [133.85, 1363.12], [133.86, 573.08]], "timestamp": "2025-12-13T09:17:27.340673+00:00"}, {"symbol": "SOLUSDT", "bids": [[133.75, 2021.27], [133.74, 580.39], [133.73, 1051.24], [133.72, 757.45], [133.71, 1039.73], [133.7, 774.16], [133.69, 2016.06], [133.68, 899.86], [133.67, 621.23], [133.66, 742.8], [133.65, 1026.79], [133.64, 870.59], [133.63, 2658.73], [133.62, 1538.46], [133.61, 1280.03], [133.6, 1413.25], [133.59, 1220.85], [133.58, 1095.96], [133.57, 1274.21], [133.56, 1243.09]], "asks": [[133.76, 360.85], [133.77, 936.08], [133.78, 1165.7], [133.79, 1188.7], [133.8, 987.99], [133.81, 1205.47], [133.82, 1741.22], [133.83, 1007.95], [133.84, 1132.78], [133.85, 2841.76], [133.86, 609.08], [133.87, 667.19], [133.88, 728.5], [133.89, 841.73], [133.9, 900.93], [133.91, 1171.22], [133.92, 2637.98], [133.93, 801.42], [133.94, 398.51], [133.95, 777.09]], "timestamp": "2025-12-13T09:18:20.998840+00:00"}, {"symbol": "SOLUSDT", "bids": [[133.76, 317.11], [133.75, 1805.91], [133.74, 685.53], [133.73, 1079.87], [133.72, 1089.73], [133.71, 1471.06], [133.7, 1289.04], [133.69, 1918.43], [133.68, 892.65], [133.67, 624.12], [133.66, 986.2], [133.65, 1069.19], [133.64, 589.89], [133.63, 2863.46], [133.62, 1344.5], [133.61, 837.34], [133.6, 1740.65], [133.59, 1298.58], [133.58, 958.63], [133.57, 1284.68]], "asks": [[133.77, 515.73], [133.78, 766.42], [133.79, 957.57], [133.8, 1295.62], [133.81, 1419.41], [133.82, 1315.06], [133.83, 1015.66], [133.84, 929.64], [133.85, 1409.53], [133.86, 750.0], [133.87, 1192.42], [133.88, 1005.31], [133.89, 928.34], [133.9, 1413.26], [133.91, 2423.17], [133.92, 1339.96], [133.93, 2463.81], [133.94, 340.49], [133.95, 535.49], [133.96, 1041.09]], "timestamp": "2025-12-13T09:19:14.457989+00:00"}, {"symbol": "SOLUSDT", "bids": [[133.83, 402.69], [133.82, 869.55], [133.81, 670.91], [133.8, 872.64], [133.79, 1033.09], [133.78, 1153.33], [133.77, 1254.54], [133.76, 1676.8], [133.75, 1030.57], [133.74, 565.66], [133.73, 855.5], [133.72, 1051.82], [133.71, 2472.22], [133.7, 1948.92], [133.69, 1324.97], [133.68, 997.08], [133.67, 947.13], [133.66, 2385.82], [133.65, 1241.83], [133.64, 474.89]], "asks": [[133.84, 429.36], [133.85, 954.39], [133.86, 667.62], [133.87, 940.43], [133.88, 1437.92], [133.89, 1367.27], [133.9, 972.94], [133.91, 1349.13], [133.92, 2984.42], [133.93, 666.65], [133.94, 589.29], [133.95, 658.18], [133.96, 1331.66], [133.97, 1192.84], [133.98, 789.77], [133.99, 1467.6], [134.0, 2896.86], [134.01, 653.96], [134.02, 481.97], [134.03, 764.7]], "timestamp": "2025-12-13T09:20:07.911235+00:00"}, {"symbol": "SOLUSDT", "bids": [[133.76, 699.73], [133.75, 922.12], [133.74, 1211.89], [133.73, 862.45], [133.72, 1151.86], [133.71, 1293.23], [133.7, 1403.01], [133.69, 1196.26], [133.68, 1099.42], [133.67, 1290.95], [133.66, 1549.01], [133.65, 1222.26], [133.64, 2128.56], [133.63, 793.21], [133.62, 1878.76], [133.61, 844.97], [133.6, 1594.49], [133.59, 1337.61], [133.58, 2498.97], [133.57, 994.48]], "asks": [[133.77, 142.43], [133.78, 610.89], [133.79, 947.03], [133.8, 519.69], [133.81, 1660.69], [133.82, 1480.87], [133.83, 1198.1], [133.84, 990.55], [133.85, 1454.94], [133.86, 1302.98], [133.87, 784.75], [133.88, 1004.89], [133.89, 823.48], [133.9, 1280.44], [133.91, 1475.43], [133.92, 2907.25], [133.93, 863.99], [133.94, 2043.95], [133.95, 630.78], [133.96, 1059.49]], "timestamp": "2025-12-13T09:21:02.383936+00:00"}, {"symbol": "SOLUSDT", "bids": [[133.78, 289.59], [133.77, 576.39], [133.76, 709.66], [133.75, 768.29], [133.74, 1042.56], [133.73, 985.92], [133.72, 1200.71], [133.71, 1066.32], [133.7, 1435.83], [133.69, 1212.8], [133.68, 1166.46], [133.67, 1353.08], [133.66, 3153.9], [133.65, 1388.05], [133.64, 986.67], [133.63, 636.09], [133.62, 1006.41], [133.61, 861.58], [133.6, 1473.01], [133.59, 1104.14]], "asks": [[133.79, 829.3], [133.8, 675.33], [133.81, 834.94], [133.82, 1211.0], [133.83, 1295.78], [133.84, 1397.44], [133.85, 1263.75], [133.86, 1492.05], [133.87, 1069.45], [133.88, 2664.09], [133.89, 811.39], [133.9, 1024.18], [133.91, 957.33], [133.92, 1466.11], [133.93, 1294.74], [133.94, 677.78], [133.95, 2179.66], [133.96, 1074.09], [133.97, 779.26], [133.98, 780.8]], "timestamp": "2025-12-13T09:21:56.882970+00:00"}, {"symbol": "SOLUSDT", "bids": [[133.71, 94.59], [133.7, 709.04], [133.69, 593.24], [133.68, 1680.28], [133.67, 968.7], [133.66, 1841.08], [133.65, 1163.73], [133.64, 697.15], [133.63, 794.66], [133.62, 1086.79], [133.61, 725.02], [133.6, 1351.16], [133.59, 969.37], [133.58, 2332.37], [133.57, 822.14], [133.56, 1145.73], [133.55, 667.26], [133.54, 1310.45], [133.53, 1888.47], [133.52, 1067.53]], "asks": [[133.72, 1385.72], [133.73, 1142.26], [133.74, 1972.78], [133.75, 1444.81], [133.76, 1372.36], [133.77, 2736.17], [133.78, 2059.67], [133.79, 776.09], [133.8, 1184.16], [133.81, 799.04], [133.82, 674.5], [133.83, 640.24], [133.84, 838.12], [133.85, 1447.08], [133.86, 872.96], [133.87, 1193.98], [133.88, 4254.56], [133.89, 1650.73], [133.9, 1140.9], [133.91, 633.37]], "timestamp": "2025-12-13T09:22:51.849493+00:00"}, {"symbol": "SOLUSDT", "bids": [[133.68, 645.68], [133.67, 624.31], [133.66, 1926.27], [133.65, 1053.82], [133.64, 1099.05], [133.63, 861.85], [133.62, 1213.03], [133.61, 767.85], [133.6, 751.8], [133.59, 922.56], [133.58, 848.5], [133.57, 1123.09], [133.56, 2665.36], [133.55, 817.59], [133.54, 1415.65], [133.53, 1472.81], [133.52, 781.27], [133.51, 1486.58], [133.5, 3293.44], [133.49, 798.26]], "asks": [[133.69, 332.24], [133.7, 755.06], [133.71, 833.51], [133.72, 1132.9], [133.73, 1305.68], [133.74, 1787.04], [133.75, 1530.19], [133.76, 1713.86], [133.77, 2836.17], [133.78, 2184.02], [133.79, 1152.75], [133.8, 805.07], [133.81, 1199.1], [133.82, 2182.94], [133.83, 1055.93], [133.84, 1247.18], [133.85, 3130.44], [133.86, 656.79], [133.87, 630.97], [133.88, 955.51]], "timestamp": "2025-12-13T09:23:46.574851+00:00"}, {"symbol": "SOLUSDT", "bids": [[133.68, 619.32], [133.67, 592.52], [133.66, 1836.86], [133.65, 967.06], [133.64, 1082.65], [133.63, 706.09], [133.62, 1182.59], [133.61, 746.12], [133.6, 766.33], [133.59, 924.24], [133.58, 1072.67], [133.57, 2630.26], [133.56, 1191.59], [133.55, 1144.7], [133.54, 1404.33], [133.53, 1429.74], [133.52, 751.03], [133.51, 1359.97], [133.5, 3598.24], [133.49, 2415.51]], "asks": [[133.69, 325.74], [133.7, 588.32], [133.71, 751.53], [133.72, 1156.63], [133.73, 1631.84], [133.74, 1405.33], [133.75, 1562.38], [133.76, 1798.19], [133.77, 2963.08], [133.78, 2015.33], [133.79, 478.76], [133.8, 801.39], [133.81, 1187.92], [133.82, 865.37], [133.83, 1425.72], [133.84, 2832.29], [133.85, 3129.6], [133.86, 654.91], [133.87, 519.23], [133.88, 934.32]], "timestamp": "2025-12-13T09:24:41.931145+00:00"}, {"symbol": "SOLUSDT", "bids": [[133.6, 267.06], [133.59, 479.88], [133.58, 567.28], [133.57, 669.89], [133.56, 1141.98], [133.55, 1398.23], [133.54, 760.34], [133.53, 1153.33], [133.52, 771.44], [133.51, 1493.02], [133.5, 3403.52], [133.49, 2381.51], [133.48, 1103.29], [133.47, 791.66], [133.46, 1846.07], [133.45, 758.37], [133.44, 1002.12], [133.43, 719.51], [133.42, 924.75], [133.41, 1124.11]], "asks": [[133.61, 819.76], [133.62, 848.69], [133.63, 897.39], [133.64, 1189.9], [133.65, 1846.12], [133.66, 1433.86], [133.67, 869.05], [133.68, 1621.92], [133.69, 1288.33], [133.7, 2446.94], [133.71, 964.5], [133.72, 842.81], [133.73, 1033.99], [133.74, 1103.24], [133.75, 822.0], [133.76, 1583.84], [133.77, 2953.88], [133.78, 1045.75], [133.79, 2874.88], [133.8, 1273.52]], "timestamp": "2025-12-13T09:25:36.409018+00:00"}, {"symbol": "SOLUSDT", "bids": [[133.55, 372.81], [133.54, 573.7], [133.53, 696.1], [133.52, 743.5], [133.51, 1602.68], [133.5, 3308.76], [133.49, 854.41], [133.48, 1066.96], [133.47, 683.49], [133.46, 1343.82], [133.45, 1567.37], [133.44, 775.82], [133.43, 723.37], [133.42, 2845.2], [133.41, 1157.38], [133.4, 1077.41], [133.39, 995.06], [133.38, 1419.03], [133.37, 1044.71], [133.36, 2138.23]], "asks": [[133.56, 1274.83], [133.57, 613.44], [133.58, 1224.11], [133.59, 1834.17], [133.6, 1753.97], [133.61, 1152.88], [133.62, 1532.87], [133.63, 1398.85], [133.64, 1333.8], [133.65, 1475.56], [133.66, 786.42], [133.67, 938.46], [133.68, 1463.26], [133.69, 1217.21], [133.7, 1637.75], [133.71, 2514.56], [133.72, 652.16], [133.73, 639.84], [133.74, 2932.35], [133.75, 811.34]], "timestamp": "2025-12-13T09:26:31.193366+00:00"}, {"symbol": "SOLUSDT", "bids": [[133.59, 322.97], [133.58, 1367.16], [133.57, 888.32], [133.56, 803.49], [133.55, 700.57], [133.54, 1266.49], [133.53, 926.93], [133.52, 782.39], [133.51, 1873.93], [133.5, 3250.5], [133.49, 632.55], [133.48, 953.46], [133.47, 915.15], [133.46, 1589.91], [133.45, 3102.33], [133.44, 838.65], [133.43, 703.29], [133.42, 1444.36], [133.41, 985.86], [133.4, 1153.09]], "asks": [[133.6, 1130.04], [133.61, 768.08], [133.62, 1572.61], [133.63, 998.53], [133.64, 1234.17], [133.65, 1560.85], [133.66, 769.5], [133.67, 1092.73], [133.68, 1215.17], [133.69, 681.96], [133.7, 1333.78], [133.71, 1448.8], [133.72, 2597.96], [133.73, 701.67], [133.74, 1307.23], [133.75, 1374.33], [133.76, 2430.0], [133.77, 1115.35], [133.78, 636.66], [133.79, 901.38]], "timestamp": "2025-12-13T09:27:25.792110+00:00"}, {"symbol": "SOLUSDT", "bids": [[133.63, 795.5], [133.62, 805.65], [133.61, 1116.18], [133.6, 746.51], [133.59, 1202.26], [133.58, 1611.41], [133.57, 1299.0], [133.56, 1300.54], [133.55, 777.74], [133.54, 1334.71], [133.53, 701.46], [133.52, 723.25], [133.51, 2181.06], [133.5, 3577.41], [133.49, 1201.84], [133.48, 1412.07], [133.47, 2550.8], [133.46, 1909.84], [133.45, 991.45], [133.44, 970.97]], "asks": [[133.64, 64.01], [133.65, 606.93], [133.66, 516.48], [133.67, 1154.98], [133.68, 1337.79], [133.69, 958.99], [133.7, 1487.23], [133.71, 1318.08], [133.72, 2203.31], [133.73, 755.57], [133.74, 1021.57], [133.75, 873.13], [133.76, 1394.38], [133.77, 1404.05], [133.78, 784.37], [133.79, 1135.81], [133.8, 2531.91], [133.81, 1045.99], [133.82, 564.01], [133.83, 1323.92]], "timestamp": "2025-12-13T09:28:20.147857+00:00"}, {"symbol": "SOLUSDT", "bids": [[133.59, 378.58], [133.58, 1180.26], [133.57, 595.71], [133.56, 1047.53], [133.55, 993.72], [133.54, 1115.07], [133.53, 605.1], [133.52, 1008.02], [133.51, 2190.59], [133.5, 5225.96], [133.49, 1185.76], [133.48, 1363.79], [133.47, 797.88], [133.46, 1037.39], [133.45, 1072.43], [133.44, 993.03], [133.43, 2573.01], [133.42, 1451.98], [133.41, 1172.13], [133.4, 1027.39]], "asks": [[133.6, 1075.34], [133.61, 813.63], [133.62, 863.87], [133.63, 1159.58], [133.64, 1921.61], [133.65, 1206.45], [133.66, 941.04], [133.67, 886.39], [133.68, 1117.86], [133.69, 1057.0], [133.7, 1316.67], [133.71, 1253.01], [133.72, 2619.65], [133.73, 2711.13], [133.74, 1319.49], [133.75, 1027.27], [133.76, 590.73], [133.77, 1239.87], [133.78, 534.15], [133.79, 688.05]], "timestamp": "2025-12-13T09:29:14.318296+00:00"}, {"symbol": "SOLUSDT", "bids": [[133.67, 290.66], [133.66, 314.11], [133.65, 540.39], [133.64, 854.25], [133.63, 1233.22], [133.62, 926.57], [133.61, 926.47], [133.6, 1468.6], [133.59, 1184.78], [133.58, 1451.65], [133.57, 1106.3], [133.56, 946.51], [133.55, 2710.79], [133.54, 1658.22], [133.53, 899.64], [133.52, 723.29], [133.51, 2556.4], [133.5, 6426.59], [133.49, 846.21], [133.48, 1200.99]], "asks": [[133.68, 235.31], [133.69, 767.49], [133.7, 927.78], [133.71, 896.87], [133.72, 921.87], [133.73, 948.26], [133.74, 1411.89], [133.75, 793.31], [133.76, 953.76], [133.77, 1422.74], [133.78, 718.1], [133.79, 1024.26], [133.8, 2581.95], [133.81, 1650.06], [133.82, 735.14], [133.83, 2131.03], [133.84, 427.89], [133.85, 681.97], [133.86, 523.15], [133.87, 530.32]], "timestamp": "2025-12-13T09:30:07.583802+00:00"}, {"symbol": "SOLUSDT", "bids": [[133.6, 519.9], [133.59, 793.16], [133.58, 1250.7], [133.57, 622.83], [133.56, 791.11], [133.55, 1114.29], [133.54, 1200.99], [133.53, 706.3], [133.52, 734.48], [133.51, 2672.2], [133.5, 6224.32], [133.49, 715.92], [133.48, 1006.31], [133.47, 724.17], [133.46, 3169.45], [133.45, 1176.24], [133.44, 985.96], [133.43, 780.55], [133.42, 1556.76], [133.41, 2317.7]], "asks": [[133.61, 114.59], [133.62, 1118.98], [133.63, 1076.17], [133.64, 1054.46], [133.65, 1385.28], [133.66, 752.42], [133.67, 1144.42], [133.68, 1403.94], [133.69, 1067.92], [133.7, 1482.43], [133.71, 855.08], [133.72, 878.25], [133.73, 1291.68], [133.74, 1756.34], [133.75, 2978.74], [133.76, 2360.61], [133.77, 1680.04], [133.78, 605.63], [133.79, 653.55], [133.8, 1010.9]], "timestamp": "2025-12-13T09:31:01.635180+00:00"}, {"symbol": "SOLUSDT", "bids": [[133.65, 445.53], [133.64, 376.88], [133.63, 635.49], [133.62, 794.84], [133.61, 1049.5], [133.6, 1140.07], [133.59, 1401.32], [133.58, 1610.91], [133.57, 847.94], [133.56, 658.66], [133.55, 1142.82], [133.54, 2754.4], [133.53, 984.68], [133.52, 923.8], [133.51, 2700.09], [133.5, 6014.49], [133.49, 884.74], [133.48, 1185.26], [133.47, 965.88], [133.46, 1188.79]], "asks": [[133.66, 193.02], [133.67, 942.95], [133.68, 912.61], [133.69, 927.87], [133.7, 2035.22], [133.71, 1159.39], [133.72, 887.93], [133.73, 705.95], [133.74, 985.6], [133.75, 999.43], [133.76, 998.84], [133.77, 1819.96], [133.78, 2206.86], [133.79, 861.08], [133.8, 1114.55], [133.81, 2575.42], [133.82, 423.25], [133.83, 1020.36], [133.84, 467.81], [133.85, 1043.54]], "timestamp": "2025-12-13T09:31:54.821568+00:00"}, {"symbol": "SOLUSDT", "bids": [[133.58, 760.82], [133.57, 383.68], [133.56, 306.95], [133.55, 749.77], [133.54, 985.52], [133.53, 1090.3], [133.52, 891.68], [133.51, 2105.03], [133.5, 5338.41], [133.49, 582.22], [133.48, 985.3], [133.47, 876.07], [133.46, 721.05], [133.45, 1110.42], [133.44, 2970.11], [133.43, 721.38], [133.42, 1729.53], [133.41, 1254.35], [133.4, 1400.45], [133.39, 2372.36]], "asks": [[133.59, 1346.81], [133.6, 719.09], [133.61, 660.05], [133.62, 1521.76], [133.63, 1156.52], [133.64, 1331.94], [133.65, 1137.13], [133.66, 1197.93], [133.67, 1134.51], [133.68, 1248.15], [133.69, 711.39], [133.7, 1128.1], [133.71, 1110.61], [133.72, 1088.99], [133.73, 1051.47], [133.74, 2654.09], [133.75, 1005.6], [133.76, 1163.28], [133.77, 1895.93], [133.78, 2112.94]], "timestamp": "2025-12-13T09:32:48.484488+00:00"}, {"symbol": "SOLUSDT", "bids": [[133.49, 250.61], [133.48, 569.41], [133.47, 572.93], [133.46, 1350.54], [133.45, 667.62], [133.44, 1390.46], [133.43, 1027.26], [133.42, 884.81], [133.41, 764.37], [133.4, 1188.69], [133.39, 960.33], [133.38, 808.77], [133.37, 1586.92], [133.36, 2273.59], [133.35, 624.32], [133.34, 932.9], [133.33, 1846.4], [133.32, 878.36], [133.31, 1248.09], [133.3, 1596.65]], "asks": [[133.5, 656.87], [133.51, 1279.61], [133.52, 1604.41], [133.53, 1876.94], [133.54, 2778.66], [133.55, 1660.63], [133.56, 2158.76], [133.57, 1137.26], [133.58, 1191.16], [133.59, 1557.69], [133.6, 831.78], [133.61, 746.2], [133.62, 1286.92], [133.63, 1560.26], [133.64, 1113.39], [133.65, 1593.81], [133.66, 2398.12], [133.67, 958.44], [133.68, 2418.87], [133.69, 764.24]], "timestamp": "2025-12-13T09:33:42.404903+00:00"}, {"symbol": "SOLUSDT", "bids": [[133.48, 666.41], [133.47, 325.88], [133.46, 1024.97], [133.45, 2015.11], [133.44, 1143.27], [133.43, 1217.02], [133.42, 1395.34], [133.41, 656.7], [133.4, 1041.14], [133.39, 871.56], [133.38, 703.93], [133.37, 872.84], [133.36, 679.41], [133.35, 2008.6], [133.34, 1546.95], [133.33, 1191.93], [133.32, 844.6], [133.31, 1483.72], [133.3, 2223.5], [133.29, 962.43]], "asks": [[133.49, 712.02], [133.5, 1088.37], [133.51, 1453.71], [133.52, 949.7], [133.53, 1902.73], [133.54, 1181.15], [133.55, 991.79], [133.56, 1393.68], [133.57, 543.72], [133.58, 959.68], [133.59, 1651.58], [133.6, 1392.33], [133.61, 2319.7], [133.62, 1462.25], [133.63, 1142.5], [133.64, 697.14], [133.65, 3263.05], [133.66, 669.57], [133.67, 723.38], [133.68, 968.92]], "timestamp": "2025-12-13T09:34:36.268233+00:00"}, {"symbol": "SOLUSDT", "bids": [[133.45, 238.49], [133.44, 413.19], [133.43, 764.97], [133.42, 890.92], [133.41, 1328.76], [133.4, 4215.47], [133.39, 836.42], [133.38, 923.61], [133.37, 1049.33], [133.36, 812.48], [133.35, 669.2], [133.34, 1514.02], [133.33, 1155.08], [133.32, 1293.49], [133.31, 1303.0], [133.3, 1731.8], [133.29, 744.27], [133.28, 1184.04], [133.27, 1131.1], [133.26, 3050.23]], "asks": [[133.46, 1475.58], [133.47, 1164.14], [133.48, 1043.62], [133.49, 1718.39], [133.5, 1765.62], [133.51, 1655.03], [133.52, 1734.41], [133.53, 1373.07], [133.54, 676.24], [133.55, 753.88], [133.56, 1188.92], [133.57, 672.61], [133.58, 1309.54], [133.59, 1834.16], [133.6, 1672.55], [133.61, 2587.79], [133.62, 2779.35], [133.63, 1209.33], [133.64, 561.11], [133.65, 1174.46]], "timestamp": "2025-12-13T09:35:29.926294+00:00"}, {"symbol": "SOLUSDT", "bids": [[133.61, 406.38], [133.6, 309.63], [133.59, 969.78], [133.58, 1132.52], [133.57, 1548.43], [133.56, 1211.69], [133.55, 1283.82], [133.54, 1399.46], [133.53, 1257.95], [133.52, 1342.69], [133.51, 1181.53], [133.5, 544.4], [133.49, 852.45], [133.48, 1512.89], [133.47, 2244.9], [133.46, 825.77], [133.45, 869.31], [133.44, 967.06], [133.43, 733.44], [133.42, 1359.0]], "asks": [[133.62, 454.86], [133.63, 530.16], [133.64, 914.88], [133.65, 1268.79], [133.66, 1372.9], [133.67, 1750.42], [133.68, 2884.73], [133.69, 717.87], [133.7, 969.95], [133.71, 800.51], [133.72, 912.09], [133.73, 912.53], [133.74, 737.73], [133.75, 631.76], [133.76, 2290.87], [133.77, 1075.4], [133.78, 531.71], [133.79, 1052.69], [133.8, 1198.65], [133.81, 1174.14]], "timestamp": "2025-12-13T09:36:23.277707+00:00"}, {"symbol": "SOLUSDT", "bids": [[133.63, 1989.38], [133.62, 419.2], [133.61, 1257.2], [133.6, 464.93], [133.59, 655.63], [133.58, 1407.98], [133.57, 1587.64], [133.56, 983.38], [133.55, 615.85], [133.54, 1499.53], [133.53, 625.18], [133.52, 1005.92], [133.51, 1160.26], [133.5, 769.29], [133.49, 2446.65], [133.48, 937.15], [133.47, 1057.47], [133.46, 983.59], [133.45, 1069.77], [133.44, 1215.15]], "asks": [[133.64, 1063.7], [133.65, 963.74], [133.66, 929.26], [133.67, 936.79], [133.68, 2179.99], [133.69, 1320.43], [133.7, 1050.35], [133.71, 1123.46], [133.72, 1035.73], [133.73, 866.42], [133.74, 663.74], [133.75, 1114.24], [133.76, 1618.73], [133.77, 2420.83], [133.78, 729.01], [133.79, 3400.7], [133.8, 945.42], [133.81, 412.48], [133.82, 810.79], [133.83, 550.9]], "timestamp": "2025-12-13T09:37:16.808678+00:00"}, {"symbol": "SOLUSDT", "bids": [[133.69, 301.39], [133.68, 752.04], [133.67, 519.75], [133.66, 983.44], [133.65, 1579.91], [133.64, 991.93], [133.63, 1019.69], [133.62, 1226.38], [133.61, 1659.22], [133.6, 817.19], [133.59, 550.8], [133.58, 2291.93], [133.57, 1057.69], [133.56, 1021.07], [133.55, 1209.65], [133.54, 2756.74], [133.53, 540.46], [133.52, 1354.18], [133.51, 1178.01], [133.5, 1068.01]], "asks": [[133.7, 734.83], [133.71, 961.79], [133.72, 1150.18], [133.73, 1465.79], [133.74, 913.36], [133.75, 1755.89], [133.76, 1260.39], [133.77, 967.85], [133.78, 1051.8], [133.79, 1327.14], [133.8, 756.3], [133.81, 895.27], [133.82, 1110.39], [133.83, 1177.23], [133.84, 2572.05], [133.85, 888.97], [133.86, 1009.35], [133.87, 1130.8], [133.88, 2645.8], [133.89, 470.91]], "timestamp": "2025-12-13T09:38:09.982984+00:00"}, {"symbol": "SOLUSDT", "bids": [[133.72, 786.55], [133.71, 751.41], [133.7, 1044.13], [133.69, 1148.86], [133.68, 1482.22], [133.67, 859.45], [133.66, 1281.36], [133.65, 1326.07], [133.64, 787.03], [133.63, 861.75], [133.62, 2726.35], [133.61, 1580.62], [133.6, 1346.27], [133.59, 607.88], [133.58, 752.03], [133.57, 1004.06], [133.56, 1008.71], [133.55, 1240.01], [133.54, 1437.68], [133.53, 598.91]], "asks": [[133.73, 153.79], [133.74, 212.3], [133.75, 990.27], [133.76, 1267.95], [133.77, 1146.86], [133.78, 1503.43], [133.79, 1559.5], [133.8, 875.09], [133.81, 836.36], [133.82, 964.13], [133.83, 822.34], [133.84, 996.07], [133.85, 1277.91], [133.86, 2674.71], [133.87, 1086.01], [133.88, 1029.42], [133.89, 617.04], [133.9, 2490.36], [133.91, 478.06], [133.92, 836.01]], "timestamp": "2025-12-13T09:39:03.334295+00:00"}, {"symbol": "SOLUSDT", "bids": [[133.67, 1351.56], [133.66, 764.71], [133.65, 797.23], [133.64, 920.32], [133.63, 781.59], [133.62, 1472.3], [133.61, 1551.93], [133.6, 976.94], [133.59, 544.75], [133.58, 720.2], [133.57, 3029.33], [133.56, 991.78], [133.55, 803.44], [133.54, 1194.51], [133.53, 484.02], [133.52, 975.01], [133.51, 2253.88], [133.5, 4660.29], [133.49, 1037.27], [133.48, 2465.74]], "asks": [[133.68, 85.81], [133.69, 181.81], [133.7, 860.22], [133.71, 911.2], [133.72, 2296.03], [133.73, 1772.48], [133.74, 1047.82], [133.75, 1489.59], [133.76, 1084.83], [133.77, 830.41], [133.78, 1103.72], [133.79, 1223.59], [133.8, 1501.42], [133.81, 2370.14], [133.82, 1378.26], [133.83, 726.88], [133.84, 697.03], [133.85, 1118.44], [133.86, 2392.04], [133.87, 794.15]], "timestamp": "2025-12-13T09:39:57.398283+00:00"}, {"symbol": "SOLUSDT", "bids": [[133.68, 140.84], [133.67, 390.18], [133.66, 1112.52], [133.65, 1037.73], [133.64, 1201.42], [133.63, 861.15], [133.62, 1390.0], [133.61, 1395.9], [133.6, 967.02], [133.59, 722.95], [133.58, 847.76], [133.57, 1334.95], [133.56, 2462.52], [133.55, 761.6], [133.54, 1534.51], [133.53, 405.98], [133.52, 935.66], [133.51, 1998.43], [133.5, 4783.2], [133.49, 646.26]], "asks": [[133.69, 488.1], [133.7, 725.17], [133.71, 1157.06], [133.72, 1860.36], [133.73, 2042.4], [133.74, 951.8], [133.75, 1112.07], [133.76, 1138.17], [133.77, 944.75], [133.78, 1133.84], [133.79, 1532.59], [133.8, 1402.91], [133.81, 2251.89], [133.82, 976.35], [133.83, 608.28], [133.84, 1504.6], [133.85, 2704.14], [133.86, 816.04], [133.87, 922.94], [133.88, 1757.83]], "timestamp": "2025-12-13T09:40:51.289298+00:00"}, {"symbol": "SOLUSDT", "bids": [[133.62, 954.75], [133.61, 865.23], [133.6, 753.91], [133.59, 694.45], [133.58, 1399.69], [133.57, 1090.14], [133.56, 1008.93], [133.55, 696.93], [133.54, 1198.42], [133.53, 853.5], [133.52, 1170.98], [133.51, 3311.61], [133.5, 4637.72], [133.49, 960.63], [133.48, 840.06], [133.47, 1065.85], [133.46, 606.17], [133.45, 840.17], [133.44, 1139.95], [133.43, 962.45]], "asks": [[133.63, 198.26], [133.64, 343.66], [133.65, 806.35], [133.66, 1912.56], [133.67, 1611.19], [133.68, 1878.53], [133.69, 1209.49], [133.7, 937.63], [133.71, 824.68], [133.72, 1170.35], [133.73, 887.93], [133.74, 981.36], [133.75, 1557.32], [133.76, 2795.6], [133.77, 829.25], [133.78, 1504.18], [133.79, 3329.03], [133.8, 983.99], [133.81, 650.36], [133.82, 885.53]], "timestamp": "2025-12-13T09:41:45.226872+00:00"}, {"symbol": "SOLUSDT", "bids": [[133.6, 564.84], [133.59, 596.35], [133.58, 806.51], [133.57, 529.85], [133.56, 1143.74], [133.55, 753.05], [133.54, 1515.53], [133.53, 484.18], [133.52, 1029.83], [133.51, 1494.47], [133.5, 4508.48], [133.49, 3095.75], [133.48, 787.09], [133.47, 945.81], [133.46, 728.53], [133.45, 608.61], [133.44, 1238.68], [133.43, 1273.31], [133.42, 2158.48], [133.41, 1596.04]], "asks": [[133.61, 247.2], [133.62, 1133.29], [133.63, 1454.02], [133.64, 974.94], [133.65, 1972.12], [133.66, 2607.28], [133.67, 1322.37], [133.68, 1379.88], [133.69, 1223.28], [133.7, 1008.62], [133.71, 734.96], [133.72, 1128.74], [133.73, 701.03], [133.74, 1178.27], [133.75, 1493.17], [133.76, 2485.15], [133.77, 1574.0], [133.78, 2973.09], [133.79, 1239.02], [133.8, 882.35]], "timestamp": "2025-12-13T09:42:39.325272+00:00"}, {"symbol": "SOLUSDT", "bids": [[133.63, 715.55], [133.62, 338.24], [133.61, 985.4], [133.6, 899.56], [133.59, 992.89], [133.58, 1050.14], [133.57, 1254.97], [133.56, 893.23], [133.55, 597.82], [133.54, 1607.97], [133.53, 554.58], [133.52, 1298.1], [133.51, 3357.93], [133.5, 4267.07], [133.49, 1360.24], [133.48, 775.99], [133.47, 1102.94], [133.46, 1021.88], [133.45, 721.25], [133.44, 946.72]], "asks": [[133.64, 409.53], [133.65, 1098.93], [133.66, 2557.95], [133.67, 1437.95], [133.68, 1292.21], [133.69, 1202.22], [133.7, 1064.99], [133.71, 917.19], [133.72, 1173.32], [133.73, 861.88], [133.74, 2311.39], [133.75, 1240.82], [133.76, 1473.39], [133.77, 811.67], [133.78, 1194.74], [133.79, 2962.07], [133.8, 1034.9], [133.81, 699.97], [133.82, 864.35], [133.83, 855.91]], "timestamp": "2025-12-13T09:43:33.260223+00:00"}, {"symbol": "SOLUSDT", "bids": [[133.59, 377.53], [133.58, 292.32], [133.57, 589.57], [133.56, 988.22], [133.55, 874.24], [133.54, 1503.96], [133.53, 629.51], [133.52, 1122.76], [133.51, 1517.02], [133.5, 4420.7], [133.49, 1260.86], [133.48, 874.56], [133.47, 935.19], [133.46, 803.4], [133.45, 2434.62], [133.44, 1014.36], [133.43, 1205.53], [133.42, 2294.46], [133.41, 1774.9], [133.4, 1621.24]], "asks": [[133.6, 861.88], [133.61, 749.0], [133.62, 972.19], [133.63, 1765.16], [133.64, 1026.47], [133.65, 2294.31], [133.66, 1814.98], [133.67, 962.44], [133.68, 910.83], [133.69, 1268.41], [133.7, 946.87], [133.71, 799.16], [133.72, 1323.76], [133.73, 1382.64], [133.74, 3151.66], [133.75, 851.98], [133.76, 1015.2], [133.77, 2566.94], [133.78, 1035.27], [133.79, 1400.14]], "timestamp": "2025-12-13T09:44:27.733599+00:00"}, {"symbol": "SOLUSDT", "bids": [[133.63, 1383.73], [133.62, 838.34], [133.61, 589.95], [133.6, 1195.6], [133.59, 991.6], [133.58, 1010.8], [133.57, 1364.07], [133.56, 1013.67], [133.55, 833.0], [133.54, 1747.84], [133.53, 959.78], [133.52, 2905.02], [133.51, 1749.33], [133.5, 4047.12], [133.49, 1187.82], [133.48, 882.37], [133.47, 1333.29], [133.46, 614.68], [133.45, 791.64], [133.44, 1191.99]], "asks": [[133.64, 206.63], [133.65, 923.84], [133.66, 1256.64], [133.67, 747.26], [133.68, 1588.24], [133.69, 1750.53], [133.7, 1074.22], [133.71, 1013.9], [133.72, 1209.07], [133.73, 1059.21], [133.74, 2291.82], [133.75, 1279.8], [133.76, 1155.59], [133.77, 957.05], [133.78, 1448.88], [133.79, 1457.27], [133.8, 2710.28], [133.81, 693.05], [133.82, 891.18], [133.83, 888.19]], "timestamp": "2025-12-13T09:45:22.004878+00:00"}, {"symbol": "SOLUSDT", "bids": [[133.56, 861.08], [133.55, 751.93], [133.54, 816.72], [133.53, 781.93], [133.52, 976.3], [133.51, 1770.79], [133.5, 4164.18], [133.49, 732.5], [133.48, 799.51], [133.47, 783.14], [133.46, 666.04], [133.45, 913.95], [133.44, 1589.27], [133.43, 806.6], [133.42, 3978.04], [133.41, 1563.98], [133.4, 1752.98], [133.39, 1096.74], [133.38, 666.92], [133.37, 976.64]], "asks": [[133.57, 427.52], [133.58, 214.65], [133.59, 793.71], [133.6, 987.44], [133.61, 862.76], [133.62, 1345.73], [133.63, 1680.99], [133.64, 1891.71], [133.65, 1336.36], [133.66, 1670.71], [133.67, 835.46], [133.68, 999.31], [133.69, 1500.49], [133.7, 1487.3], [133.71, 1455.79], [133.72, 1320.21], [133.73, 913.22], [133.74, 909.43], [133.75, 3106.22], [133.76, 2747.48]], "timestamp": "2025-12-13T09:46:15.873555+00:00"}, {"symbol": "SOLUSDT", "bids": [[133.63, 430.92], [133.62, 384.88], [133.61, 731.22], [133.6, 1248.6], [133.59, 1148.86], [133.58, 1371.48], [133.57, 1452.85], [133.56, 736.53], [133.55, 633.2], [133.54, 1274.07], [133.53, 1321.73], [133.52, 2869.43], [133.51, 1950.11], [133.5, 4049.96], [133.49, 649.45], [133.48, 807.28], [133.47, 1347.68], [133.46, 818.96], [133.45, 846.59], [133.44, 943.64]], "asks": [[133.64, 339.68], [133.65, 322.19], [133.66, 589.56], [133.67, 997.52], [133.68, 1382.96], [133.69, 1651.18], [133.7, 1650.01], [133.71, 1800.88], [133.72, 2833.23], [133.73, 959.63], [133.74, 1296.3], [133.75, 1183.23], [133.76, 1144.11], [133.77, 908.48], [133.78, 1242.97], [133.79, 1144.37], [133.8, 1317.57], [133.81, 2309.49], [133.82, 830.85], [133.83, 675.12]], "timestamp": "2025-12-13T09:47:10.145828+00:00"}, {"symbol": "SOLUSDT", "bids": [[133.55, 526.12], [133.54, 311.67], [133.53, 716.99], [133.52, 838.11], [133.51, 1895.12], [133.5, 4078.18], [133.49, 1178.65], [133.48, 715.07], [133.47, 950.21], [133.46, 872.06], [133.45, 680.13], [133.44, 1174.47], [133.43, 998.42], [133.42, 951.36], [133.41, 3258.53], [133.4, 1214.41], [133.39, 884.34], [133.38, 2642.88], [133.37, 996.8], [133.36, 987.97]], "asks": [[133.56, 1088.28], [133.57, 1222.07], [133.58, 1321.93], [133.59, 1530.96], [133.6, 2002.33], [133.61, 944.93], [133.62, 1476.54], [133.63, 1422.27], [133.64, 1571.53], [133.65, 846.87], [133.66, 1257.72], [133.67, 698.27], [133.68, 1495.52], [133.69, 1396.7], [133.7, 1345.32], [133.71, 1255.57], [133.72, 4377.14], [133.73, 800.68], [133.74, 822.36], [133.75, 875.9]], "timestamp": "2025-12-13T09:48:03.702109+00:00"}, {"symbol": "SOLUSDT", "bids": [[133.62, 159.83], [133.61, 287.31], [133.6, 495.98], [133.59, 860.98], [133.58, 1430.01], [133.57, 1320.9], [133.56, 1080.75], [133.55, 1669.8], [133.54, 1291.8], [133.53, 861.61], [133.52, 949.69], [133.51, 2059.6], [133.5, 4073.2], [133.49, 1256.35], [133.48, 960.88], [133.47, 1262.03], [133.46, 2594.93], [133.45, 797.13], [133.44, 981.82], [133.43, 970.59]], "asks": [[133.63, 832.62], [133.64, 3810.72], [133.65, 758.68], [133.66, 1082.7], [133.67, 1195.98], [133.68, 1505.51], [133.69, 1521.08], [133.7, 1519.28], [133.71, 1234.84], [133.72, 2791.35], [133.73, 779.86], [133.74, 1207.49], [133.75, 1381.62], [133.76, 1029.58], [133.77, 792.95], [133.78, 1415.61], [133.79, 3211.53], [133.8, 1050.64], [133.81, 693.63], [133.82, 1117.14]], "timestamp": "2025-12-13T09:48:57.769952+00:00"}, {"symbol": "SOLUSDT", "bids": [[133.58, 926.04], [133.57, 1076.71], [133.56, 1053.8], [133.55, 782.0], [133.54, 1124.32], [133.53, 1273.28], [133.52, 1382.46], [133.51, 2031.25], [133.5, 4161.64], [133.49, 961.06], [133.48, 1290.82], [133.47, 1028.42], [133.46, 1143.33], [133.45, 754.58], [133.44, 1237.23], [133.43, 2497.73], [133.42, 1304.83], [133.41, 3188.71], [133.4, 1422.72], [133.39, 761.34]], "asks": [[133.59, 174.83], [133.6, 782.04], [133.61, 912.67], [133.62, 1018.82], [133.63, 1928.13], [133.64, 3778.27], [133.65, 926.76], [133.66, 1374.75], [133.67, 660.94], [133.68, 696.7], [133.69, 1121.29], [133.7, 1327.61], [133.71, 1073.41], [133.72, 1476.14], [133.73, 1648.02], [133.74, 2143.18], [133.75, 1006.43], [133.76, 1239.67], [133.77, 2658.47], [133.78, 1138.91]], "timestamp": "2025-12-13T09:49:51.325926+00:00"}, {"symbol": "SOLUSDT", "bids": [[133.69, 481.02], [133.68, 617.71], [133.67, 1311.34], [133.66, 843.59], [133.65, 1120.57], [133.64, 1709.95], [133.63, 1186.62], [133.62, 1185.46], [133.61, 1157.51], [133.6, 1034.81], [133.59, 918.61], [133.58, 3276.75], [133.57, 880.57], [133.56, 509.24], [133.55, 968.83], [133.54, 1360.18], [133.53, 567.1], [133.52, 893.92], [133.51, 2495.36], [133.5, 4995.94]], "asks": [[133.7, 453.38], [133.71, 326.72], [133.72, 580.78], [133.73, 723.0], [133.74, 1143.24], [133.75, 1281.3], [133.76, 1367.73], [133.77, 1075.65], [133.78, 1492.29], [133.79, 2486.85], [133.8, 1464.47], [133.81, 1050.49], [133.82, 1296.93], [133.83, 681.94], [133.84, 826.93], [133.85, 1411.64], [133.86, 2863.15], [133.87, 729.75], [133.88, 737.6], [133.89, 489.79]], "timestamp": "2025-12-13T09:50:45.306575+00:00"}, {"symbol": "SOLUSDT", "bids": [[133.66, 874.96], [133.65, 397.32], [133.64, 809.19], [133.63, 870.09], [133.62, 1598.64], [133.61, 738.78], [133.6, 1025.19], [133.59, 1322.58], [133.58, 1284.4], [133.57, 948.81], [133.56, 650.82], [133.55, 1105.67], [133.54, 3065.51], [133.53, 1008.64], [133.52, 1133.66], [133.51, 2288.79], [133.5, 4454.31], [133.49, 1036.75], [133.48, 1048.11], [133.47, 1126.73]], "asks": [[133.67, 375.23], [133.68, 791.18], [133.69, 1010.95], [133.7, 2007.84], [133.71, 1573.74], [133.72, 1482.69], [133.73, 2115.88], [133.74, 897.58], [133.75, 1299.42], [133.76, 927.78], [133.77, 639.75], [133.78, 1136.76], [133.79, 1474.55], [133.8, 3295.3], [133.81, 760.66], [133.82, 1293.1], [133.83, 913.38], [133.84, 2504.32], [133.85, 727.24], [133.86, 1368.07]], "timestamp": "2025-12-13T09:51:39.669215+00:00"}, {"symbol": "SOLUSDT", "bids": [[133.61, 743.65], [133.6, 353.2], [133.59, 265.54], [133.58, 482.83], [133.57, 959.84], [133.56, 880.58], [133.55, 957.81], [133.54, 1518.62], [133.53, 1045.45], [133.52, 1063.56], [133.51, 2279.26], [133.5, 4595.52], [133.49, 831.37], [133.48, 1024.34], [133.47, 1246.14], [133.46, 2442.91], [133.45, 936.06], [133.44, 1458.49], [133.43, 2764.13], [133.42, 765.41]], "asks": [[133.62, 425.95], [133.63, 716.61], [133.64, 1171.52], [133.65, 841.5], [133.66, 1258.76], [133.67, 1478.63], [133.68, 1000.03], [133.69, 1347.23], [133.7, 2332.16], [133.71, 949.21], [133.72, 1199.97], [133.73, 1160.57], [133.74, 1725.31], [133.75, 2346.41], [133.76, 1117.78], [133.77, 2520.56], [133.78, 1186.33], [133.79, 1134.79], [133.8, 904.34], [133.81, 715.12]], "timestamp": "2025-12-13T09:52:34.143746+00:00"}, {"symbol": "SOLUSDT", "bids": [[133.61, 643.68], [133.6, 469.54], [133.59, 687.04], [133.58, 739.02], [133.57, 748.6], [133.56, 1096.69], [133.55, 1328.36], [133.54, 1149.68], [133.53, 1229.22], [133.52, 988.17], [133.51, 2039.77], [133.5, 4487.85], [133.49, 948.6], [133.48, 1196.8], [133.47, 880.69], [133.46, 2523.26], [133.45, 536.1], [133.44, 1472.42], [133.43, 1313.04], [133.42, 945.98]], "asks": [[133.62, 318.22], [133.63, 830.77], [133.64, 1112.36], [133.65, 849.02], [133.66, 1285.51], [133.67, 1361.56], [133.68, 1171.04], [133.69, 1391.47], [133.7, 2213.81], [133.71, 1173.69], [133.72, 1381.61], [133.73, 1176.81], [133.74, 1812.86], [133.75, 2359.86], [133.76, 1073.12], [133.77, 2587.65], [133.78, 1352.6], [133.79, 1125.03], [133.8, 992.81], [133.81, 625.36]], "timestamp": "2025-12-13T09:53:28.219691+00:00"}, {"symbol": "SOLUSDT", "bids": [[133.59, 682.59], [133.58, 581.43], [133.57, 484.82], [133.56, 696.63], [133.55, 1054.71], [133.54, 1582.54], [133.53, 1393.08], [133.52, 1183.37], [133.51, 2031.82], [133.5, 4197.23], [133.49, 973.45], [133.48, 1043.61], [133.47, 1507.54], [133.46, 718.03], [133.45, 2651.0], [133.44, 1257.92], [133.43, 1386.43], [133.42, 775.68], [133.41, 1087.07], [133.4, 1849.56]], "asks": [[133.6, 297.34], [133.61, 561.56], [133.62, 1130.94], [133.63, 1005.87], [133.64, 1800.49], [133.65, 1514.24], [133.66, 999.54], [133.67, 1432.86], [133.68, 1319.29], [133.69, 709.87], [133.7, 1413.92], [133.71, 1070.66], [133.72, 1299.26], [133.73, 1321.48], [133.74, 1911.42], [133.75, 3629.41], [133.76, 864.21], [133.77, 708.74], [133.78, 1267.22], [133.79, 1042.91]], "timestamp": "2025-12-13T09:54:22.484351+00:00"}, {"symbol": "SOLUSDT", "bids": [[133.61, 427.12], [133.6, 395.65], [133.59, 538.57], [133.58, 914.0], [133.57, 1732.81], [133.56, 1023.77], [133.55, 1040.19], [133.54, 1421.36], [133.53, 1231.09], [133.52, 954.44], [133.51, 2371.19], [133.5, 4613.98], [133.49, 1097.13], [133.48, 1289.93], [133.47, 1291.75], [133.46, 2301.76], [133.45, 613.39], [133.44, 1340.69], [133.43, 1149.21], [133.42, 840.85]], "asks": [[133.62, 289.09], [133.63, 417.33], [133.64, 1347.66], [133.65, 1068.27], [133.66, 1624.03], [133.67, 1564.02], [133.68, 1121.05], [133.69, 755.7], [133.7, 1356.19], [133.71, 966.76], [133.72, 927.82], [133.73, 1351.65], [133.74, 1515.44], [133.75, 2335.5], [133.76, 1298.53], [133.77, 2733.46], [133.78, 1386.84], [133.79, 1125.77], [133.8, 1352.68], [133.81, 616.59]], "timestamp": "2025-12-13T09:55:16.962131+00:00"}, {"symbol": "SOLUSDT", "bids": [[133.53, 174.37], [133.52, 89.38], [133.51, 851.58], [133.5, 4174.68], [133.49, 955.73], [133.48, 1662.73], [133.47, 1044.15], [133.46, 874.66], [133.45, 800.68], [133.44, 1446.86], [133.43, 746.32], [133.42, 1016.68], [133.41, 1790.83], [133.4, 1534.04], [133.39, 1385.42], [133.38, 1011.81], [133.37, 632.94], [133.36, 2682.07], [133.35, 1251.03], [133.34, 2209.74]], "asks": [[133.54, 1647.75], [133.55, 1069.64], [133.56, 946.12], [133.57, 902.55], [133.58, 1674.8], [133.59, 1634.7], [133.6, 1207.52], [133.61, 1144.26], [133.62, 1279.58], [133.63, 587.98], [133.64, 1242.66], [133.65, 1025.62], [133.66, 1335.88], [133.67, 1454.41], [133.68, 4214.08], [133.69, 697.77], [133.7, 1521.43], [133.71, 1128.03], [133.72, 686.83], [133.73, 870.14]], "timestamp": "2025-12-13T09:56:10.517566+00:00"}, {"symbol": "SOLUSDT", "bids": [[133.59, 191.7], [133.58, 617.34], [133.57, 625.78], [133.56, 618.17], [133.55, 947.75], [133.54, 1282.5], [133.53, 741.22], [133.52, 950.33], [133.51, 2549.9], [133.5, 4194.33], [133.49, 631.26], [133.48, 1013.54], [133.47, 1440.73], [133.46, 525.62], [133.45, 965.21], [133.44, 2836.43], [133.43, 1269.18], [133.42, 871.74], [133.41, 1334.08], [133.4, 1558.14]], "asks": [[133.6, 586.97], [133.61, 914.96], [133.62, 1258.79], [133.63, 1541.38], [133.64, 3161.89], [133.65, 1661.6], [133.66, 1485.58], [133.67, 1730.86], [133.68, 1240.45], [133.69, 961.68], [133.7, 1695.76], [133.71, 1293.45], [133.72, 930.41], [133.73, 1128.15], [133.74, 1048.7], [133.75, 2536.49], [133.76, 1076.53], [133.77, 1021.56], [133.78, 2886.86], [133.79, 981.65]], "timestamp": "2025-12-13T09:57:03.868778+00:00"}, {"symbol": "SOLUSDT", "bids": [[133.52, 1864.71], [133.51, 1080.26], [133.5, 2918.54], [133.49, 321.46], [133.48, 461.34], [133.47, 1132.87], [133.46, 878.31], [133.45, 996.55], [133.44, 1324.47], [133.43, 373.31], [133.42, 829.97], [133.41, 1726.31], [133.4, 1207.44], [133.39, 2697.14], [133.38, 1075.61], [133.37, 640.99], [133.36, 615.95], [133.35, 1347.72], [133.34, 778.84], [133.33, 1277.57]], "asks": [[133.53, 1084.59], [133.54, 137.29], [133.55, 917.32], [133.56, 767.84], [133.57, 1648.54], [133.58, 1956.81], [133.59, 2719.23], [133.6, 1433.65], [133.61, 1245.42], [133.62, 1034.24], [133.63, 873.98], [133.64, 1699.67], [133.65, 806.26], [133.66, 899.62], [133.67, 1495.16], [133.68, 2538.5], [133.69, 993.84], [133.7, 3661.76], [133.71, 941.87], [133.72, 570.4]], "timestamp": "2025-12-13T09:57:57.732318+00:00"}, {"symbol": "SOLUSDT", "bids": [[133.46, 339.05], [133.45, 264.37], [133.44, 1360.22], [133.43, 444.6], [133.42, 911.09], [133.41, 1868.27], [133.4, 1365.64], [133.39, 944.61], [133.38, 1143.19], [133.37, 908.03], [133.36, 758.26], [133.35, 1705.0], [133.34, 960.63], [133.33, 2625.21], [133.32, 1345.72], [133.31, 1514.18], [133.3, 2597.12], [133.29, 736.79], [133.28, 1615.35], [133.27, 2262.78]], "asks": [[133.47, 1441.28], [133.48, 744.74], [133.49, 951.79], [133.5, 748.0], [133.51, 1579.62], [133.52, 1855.09], [133.53, 953.38], [133.54, 1098.23], [133.55, 1134.7], [133.56, 1043.01], [133.57, 787.86], [133.58, 1132.52], [133.59, 1257.75], [133.6, 1456.11], [133.61, 1470.04], [133.62, 3970.28], [133.63, 1117.83], [133.64, 1413.57], [133.65, 661.99], [133.66, 928.99]], "timestamp": "2025-12-13T09:58:52.050042+00:00"}, {"symbol": "SOLUSDT", "bids": [[133.49, 876.27], [133.48, 1029.21], [133.47, 616.26], [133.46, 675.2], [133.45, 1861.17], [133.44, 1101.52], [133.43, 824.58], [133.42, 1213.0], [133.41, 1148.31], [133.4, 1370.1], [133.39, 1085.96], [133.38, 1612.85], [133.37, 792.96], [133.36, 710.48], [133.35, 2901.84], [133.34, 1255.97], [133.33, 962.43], [133.32, 1564.58], [133.31, 1392.02], [133.3, 2653.09]], "asks": [[133.5, 225.52], [133.51, 611.67], [133.52, 1203.08], [133.53, 679.09], [133.54, 1765.53], [133.55, 1221.1], [133.56, 1273.24], [133.57, 1022.99], [133.58, 1269.9], [133.59, 1132.61], [133.6, 1030.92], [133.61, 994.4], [133.62, 936.44], [133.63, 1239.83], [133.64, 3782.19], [133.65, 2198.61], [133.66, 809.48], [133.67, 944.38], [133.68, 614.62], [133.69, 706.86]], "timestamp": "2025-12-13T09:59:46.302876+00:00"}, {"symbol": "SOLUSDT", "bids": [[133.42, 304.61], [133.41, 675.69], [133.4, 781.57], [133.39, 838.37], [133.38, 1257.85], [133.37, 923.13], [133.36, 992.8], [133.35, 1501.4], [133.34, 1122.49], [133.33, 1149.77], [133.32, 1205.67], [133.31, 1211.8], [133.3, 2333.66], [133.29, 1473.39], [133.28, 1459.35], [133.27, 2629.43], [133.26, 1170.25], [133.25, 1133.15], [133.24, 480.08], [133.23, 678.4]], "asks": [[133.43, 851.16], [133.44, 1400.45], [133.45, 1648.03], [133.46, 1935.86], [133.47, 1378.76], [133.48, 1158.77], [133.49, 1539.9], [133.5, 1531.95], [133.51, 563.63], [133.52, 1016.63], [133.53, 819.8], [133.54, 1212.0], [133.55, 2543.42], [133.56, 1360.79], [133.57, 1264.52], [133.58, 2902.63], [133.59, 676.05], [133.6, 552.23], [133.61, 744.75], [133.62, 517.95]], "timestamp": "2025-12-13T10:00:40.447530+00:00"}, {"symbol": "SOLUSDT", "bids": [[133.47, 581.86], [133.46, 480.15], [133.45, 890.8], [133.44, 790.47], [133.43, 1159.86], [133.42, 1494.88], [133.41, 1494.45], [133.4, 1695.26], [133.39, 1596.16], [133.38, 1369.71], [133.37, 768.39], [133.36, 671.92], [133.35, 1547.44], [133.34, 754.04], [133.33, 1389.84], [133.32, 2832.41], [133.31, 1024.13], [133.3, 3088.26], [133.29, 1151.47], [133.28, 1067.06]], "asks": [[133.48, 764.35], [133.49, 941.37], [133.5, 877.75], [133.51, 775.16], [133.52, 1495.23], [133.53, 1288.5], [133.54, 1298.45], [133.55, 1508.69], [133.56, 1544.7], [133.57, 2421.12], [133.58, 1196.16], [133.59, 1226.43], [133.6, 1724.01], [133.61, 1134.04], [133.62, 858.7], [133.63, 2458.81], [133.64, 1323.58], [133.65, 796.32], [133.66, 661.07], [133.67, 1066.66]], "timestamp": "2025-12-13T10:01:34.720819+00:00"}, {"symbol": "SOLUSDT", "bids": [[133.48, 842.75], [133.47, 894.23], [133.46, 961.04], [133.45, 868.61], [133.44, 1234.57], [133.43, 1292.13], [133.42, 2009.41], [133.41, 1266.92], [133.4, 1350.42], [133.39, 1216.02], [133.38, 539.15], [133.37, 918.2], [133.36, 911.48], [133.35, 3220.58], [133.34, 805.01], [133.33, 1181.19], [133.32, 1374.01], [133.31, 1288.61], [133.3, 3549.09], [133.29, 938.84]], "asks": [[133.49, 307.34], [133.5, 554.21], [133.51, 784.69], [133.52, 1040.59], [133.53, 1181.82], [133.54, 1293.47], [133.55, 1476.11], [133.56, 1612.9], [133.57, 2640.99], [133.58, 1160.37], [133.59, 1004.03], [133.6, 1426.02], [133.61, 1026.72], [133.62, 746.33], [133.63, 1256.79], [133.64, 1559.77], [133.65, 2606.71], [133.66, 639.36], [133.67, 980.32], [133.68, 499.16]], "timestamp": "2025-12-13T10:02:28.890707+00:00"}, {"symbol": "SOLUSDT", "bids": [[133.48, 217.5], [133.47, 346.4], [133.46, 320.06], [133.45, 310.91], [133.44, 915.58], [133.43, 1208.23], [133.42, 980.92], [133.41, 930.43], [133.4, 1229.92], [133.39, 876.39], [133.38, 654.2], [133.37, 1149.29], [133.36, 1058.91], [133.35, 2658.69], [133.34, 1739.27], [133.33, 1013.08], [133.32, 1343.27], [133.31, 1180.95], [133.3, 2829.38], [133.29, 2521.71]], "asks": [[133.49, 1101.33], [133.5, 1222.35], [133.51, 1507.59], [133.52, 1570.55], [133.53, 2252.3], [133.54, 2028.31], [133.55, 2389.7], [133.56, 1884.01], [133.57, 1266.49], [133.58, 1105.44], [133.59, 975.89], [133.6, 1210.08], [133.61, 1036.57], [133.62, 674.85], [133.63, 1181.03], [133.64, 1478.34], [133.65, 2426.27], [133.66, 780.77], [133.67, 756.42], [133.68, 514.61]], "timestamp": "2025-12-13T10:03:23.061171+00:00"}, {"symbol": "SOLUSDT", "bids": [[133.52, 360.38], [133.51, 902.26], [133.5, 495.84], [133.49, 758.01], [133.48, 868.31], [133.47, 1022.17], [133.46, 681.45], [133.45, 1016.38], [133.44, 728.17], [133.43, 1107.12], [133.42, 852.37], [133.41, 759.9], [133.4, 1284.33], [133.39, 2670.31], [133.38, 904.88], [133.37, 1331.79], [133.36, 790.48], [133.35, 1341.6], [133.34, 1395.09], [133.33, 1073.28]], "asks": [[133.53, 1023.06], [133.54, 1132.91], [133.55, 1869.37], [133.56, 2042.72], [133.57, 1724.98], [133.58, 1312.98], [133.59, 1246.26], [133.6, 1373.51], [133.61, 1054.41], [133.62, 770.42], [133.63, 1334.67], [133.64, 1669.49], [133.65, 2571.19], [133.66, 964.36], [133.67, 858.73], [133.68, 2454.59], [133.69, 702.08], [133.7, 495.79], [133.71, 1035.61], [133.72, 945.09]], "timestamp": "2025-12-13T10:04:18.258206+00:00"}, {"symbol": "SOLUSDT", "bids": [[133.56, 804.79], [133.55, 962.05], [133.54, 406.34], [133.53, 976.07], [133.52, 1005.8], [133.51, 1946.56], [133.5, 1266.64], [133.49, 957.82], [133.48, 1450.88], [133.47, 706.64], [133.46, 773.26], [133.45, 1048.72], [133.44, 1053.07], [133.43, 2321.74], [133.42, 1024.51], [133.41, 818.51], [133.4, 1273.2], [133.39, 1771.34], [133.38, 1008.91], [133.37, 1123.87]], "asks": [[133.57, 449.84], [133.58, 317.37], [133.59, 857.33], [133.6, 1012.79], [133.61, 1455.18], [133.62, 1020.65], [133.63, 1077.23], [133.64, 1545.69], [133.65, 1016.23], [133.66, 1274.5], [133.67, 2477.55], [133.68, 987.6], [133.69, 1279.75], [133.7, 1007.31], [133.71, 1113.84], [133.72, 742.2], [133.73, 2461.94], [133.74, 632.88], [133.75, 1385.19], [133.76, 636.57]], "timestamp": "2025-12-13T10:05:12.533684+00:00"}, {"symbol": "SOLUSDT", "bids": [[133.58, 588.29], [133.57, 597.26], [133.56, 598.08], [133.55, 879.76], [133.54, 1096.28], [133.53, 1300.38], [133.52, 912.91], [133.51, 1502.38], [133.5, 733.9], [133.49, 973.0], [133.48, 1168.77], [133.47, 1254.55], [133.46, 2118.23], [133.45, 1084.87], [133.44, 821.75], [133.43, 818.16], [133.42, 1452.75], [133.41, 721.94], [133.4, 1535.58], [133.39, 1530.51]], "asks": [[133.59, 622.08], [133.6, 783.52], [133.61, 1033.81], [133.62, 751.7], [133.63, 2215.47], [133.64, 1645.81], [133.65, 1320.57], [133.66, 1108.81], [133.67, 1174.17], [133.68, 803.24], [133.69, 919.64], [133.7, 1277.65], [133.71, 1413.0], [133.72, 1424.23], [133.73, 1370.07], [133.74, 3256.66], [133.75, 2213.8], [133.76, 422.12], [133.77, 625.99], [133.78, 1153.55]], "timestamp": "2025-12-13T10:06:06.498940+00:00"}, {"symbol": "SOLUSDT", "bids": [[133.63, 1173.61], [133.62, 428.99], [133.61, 970.53], [133.6, 920.78], [133.59, 1444.45], [133.58, 1401.02], [133.57, 1004.21], [133.56, 664.49], [133.55, 1204.63], [133.54, 1195.44], [133.53, 765.24], [133.52, 2157.44], [133.51, 1377.69], [133.5, 1051.2], [133.49, 1269.65], [133.48, 1075.39], [133.47, 1020.32], [133.46, 1394.78], [133.45, 1054.96], [133.44, 512.61]], "asks": [[133.64, 343.88], [133.65, 652.29], [133.66, 907.84], [133.67, 858.93], [133.68, 1371.74], [133.69, 1082.97], [133.7, 864.82], [133.71, 1380.85], [133.72, 2691.19], [133.73, 746.72], [133.74, 1012.13], [133.75, 1304.93], [133.76, 947.62], [133.77, 858.44], [133.78, 1665.61], [133.79, 2414.1], [133.8, 1210.06], [133.81, 613.7], [133.82, 412.79], [133.83, 761.53]], "timestamp": "2025-12-13T10:07:00.049405+00:00"}, {"symbol": "SOLUSDT", "bids": [[133.58, 190.62], [133.57, 884.43], [133.56, 502.55], [133.55, 684.44], [133.54, 1050.45], [133.53, 1210.06], [133.52, 1305.56], [133.51, 1476.15], [133.5, 571.68], [133.49, 937.01], [133.48, 1184.38], [133.47, 1330.01], [133.46, 927.38], [133.45, 1155.69], [133.44, 2327.61], [133.43, 1110.51], [133.42, 1471.08], [133.41, 2083.54], [133.4, 1347.94], [133.39, 1327.76]], "asks": [[133.59, 890.29], [133.6, 945.35], [133.61, 1138.04], [133.62, 1813.73], [133.63, 1791.03], [133.64, 1666.36], [133.65, 1545.42], [133.66, 937.2], [133.67, 1077.25], [133.68, 809.84], [133.69, 894.11], [133.7, 1194.05], [133.71, 1320.37], [133.72, 1495.78], [133.73, 2220.03], [133.74, 992.58], [133.75, 3021.99], [133.76, 430.45], [133.77, 621.4], [133.78, 1642.29]], "timestamp": "2025-12-13T10:07:54.733686+00:00"}, {"symbol": "SOLUSDT", "bids": [[133.6, 971.36], [133.59, 888.36], [133.58, 722.11], [133.57, 1203.38], [133.56, 1211.07], [133.55, 913.19], [133.54, 2481.53], [133.53, 6708.49], [133.52, 1094.2], [133.51, 1032.33], [133.5, 583.85], [133.49, 1121.1], [133.48, 1064.97], [133.47, 1271.87], [133.46, 893.95], [133.45, 1339.58], [133.44, 686.78], [133.43, 3008.55], [133.42, 1569.77], [133.41, 2143.07]], "asks": [[133.61, 212.76], [133.62, 305.0], [133.63, 805.55], [133.64, 1259.95], [133.65, 1661.28], [133.66, 899.84], [133.67, 1382.8], [133.68, 886.07], [133.69, 986.09], [133.7, 1192.15], [133.71, 1050.0], [133.72, 1395.8], [133.73, 1145.76], [133.74, 1494.99], [133.75, 2722.24], [133.76, 759.19], [133.77, 2226.74], [133.78, 1602.31], [133.79, 501.48], [133.8, 1274.74]], "timestamp": "2025-12-13T10:08:49.151024+00:00"}, {"symbol": "SOLUSDT", "bids": [[133.63, 169.58], [133.62, 761.81], [133.61, 672.95], [133.6, 826.02], [133.59, 1021.93], [133.58, 1873.93], [133.57, 1728.16], [133.56, 914.58], [133.55, 990.44], [133.54, 2112.64], [133.53, 6475.33], [133.52, 674.35], [133.51, 1266.84], [133.5, 1196.9], [133.49, 1097.87], [133.48, 1497.72], [133.47, 937.49], [133.46, 3620.98], [133.45, 950.81], [133.44, 358.67]], "asks": [[133.64, 787.27], [133.65, 905.77], [133.66, 816.2], [133.67, 1314.35], [133.68, 1257.65], [133.69, 1316.03], [133.7, 1023.87], [133.71, 1228.36], [133.72, 1195.59], [133.73, 699.16], [133.74, 1085.56], [133.75, 1549.1], [133.76, 855.07], [133.77, 1352.84], [133.78, 3190.27], [133.79, 2402.11], [133.8, 1212.06], [133.81, 586.78], [133.82, 604.66], [133.83, 559.27]], "timestamp": "2025-12-13T10:09:43.891819+00:00"}, {"symbol": "SOLUSDT", "bids": [[133.57, 816.41], [133.56, 551.78], [133.55, 854.44], [133.54, 2019.57], [133.53, 7000.46], [133.52, 1063.96], [133.51, 1192.7], [133.5, 726.77], [133.49, 870.31], [133.48, 1157.1], [133.47, 1158.1], [133.46, 942.62], [133.45, 1288.65], [133.44, 447.21], [133.43, 1112.42], [133.42, 1243.34], [133.41, 987.7], [133.4, 3673.5], [133.39, 1016.43], [133.38, 1078.96]], "asks": [[133.58, 255.22], [133.59, 407.78], [133.6, 539.99], [133.61, 1074.5], [133.62, 2103.47], [133.63, 1092.57], [133.64, 1534.29], [133.65, 1253.1], [133.66, 784.27], [133.67, 1201.03], [133.68, 640.03], [133.69, 1011.92], [133.7, 1688.09], [133.71, 1095.68], [133.72, 1530.66], [133.73, 1059.61], [133.74, 2633.06], [133.75, 3073.07], [133.76, 610.81], [133.77, 842.91]], "timestamp": "2025-12-13T10:10:38.106443+00:00"}, {"symbol": "SOLUSDT", "bids": [[133.64, 327.23], [133.63, 362.49], [133.62, 843.82], [133.61, 746.13], [133.6, 754.88], [133.59, 1438.67], [133.58, 1878.4], [133.57, 1085.88], [133.56, 958.74], [133.55, 929.35], [133.54, 2236.81], [133.53, 6767.52], [133.52, 734.9], [133.51, 1311.76], [133.5, 1612.13], [133.49, 1137.64], [133.48, 1701.01], [133.47, 3017.97], [133.46, 1446.88], [133.45, 977.44]], "asks": [[133.65, 476.02], [133.66, 419.36], [133.67, 986.91], [133.68, 1043.5], [133.69, 1638.79], [133.7, 1208.17], [133.71, 1466.55], [133.72, 1312.81], [133.73, 775.12], [133.74, 1130.54], [133.75, 1728.55], [133.76, 2605.01], [133.77, 1148.24], [133.78, 1522.7], [133.79, 571.17], [133.8, 1609.65], [133.81, 2522.9], [133.82, 584.56], [133.83, 773.28], [133.84, 817.17]], "timestamp": "2025-12-13T10:11:31.839104+00:00"}, {"symbol": "SOLUSDT", "bids": [[133.59, 783.69], [133.58, 561.34], [133.57, 771.69], [133.56, 905.15], [133.55, 1277.89], [133.54, 2597.79], [133.53, 6535.68], [133.52, 879.36], [133.51, 1169.15], [133.5, 919.03], [133.49, 1040.83], [133.48, 1144.17], [133.47, 1425.33], [133.46, 975.73], [133.45, 1385.86], [133.44, 801.99], [133.43, 2686.91], [133.42, 872.19], [133.41, 1258.06], [133.4, 1687.8]], "asks": [[133.6, 255.87], [133.61, 581.34], [133.62, 1358.35], [133.63, 2202.48], [133.64, 3826.78], [133.65, 3742.71], [133.66, 2691.5], [133.67, 798.87], [133.68, 1016.34], [133.69, 1114.65], [133.7, 1400.15], [133.71, 989.32], [133.72, 1424.05], [133.73, 1373.53], [133.74, 2101.4], [133.75, 1253.26], [133.76, 461.31], [133.77, 1028.2], [133.78, 1642.36], [133.79, 3010.25]], "timestamp": "2025-12-13T10:12:25.480541+00:00"}, {"symbol": "SOLUSDT", "bids": [[133.5, 654.75], [133.49, 173.32], [133.48, 518.25], [133.47, 427.79], [133.46, 664.06], [133.45, 728.29], [133.44, 1007.93], [133.43, 1162.0], [133.42, 1169.56], [133.41, 1834.13], [133.4, 1399.96], [133.39, 1180.31], [133.38, 805.35], [133.37, 824.27], [133.36, 998.0], [133.35, 633.92], [133.34, 2666.6], [133.33, 989.39], [133.32, 1564.13], [133.31, 1530.93]], "asks": [[133.51, 2129.84], [133.52, 1215.75], [133.53, 1322.68], [133.54, 2143.61], [133.55, 2012.4], [133.56, 1934.94], [133.57, 2373.81], [133.58, 2199.15], [133.59, 2173.17], [133.6, 2600.64], [133.61, 746.47], [133.62, 1197.37], [133.63, 1170.9], [133.64, 495.98], [133.65, 893.06], [133.66, 1551.75], [133.67, 2314.23], [133.68, 574.86], [133.69, 1286.63], [133.7, 2399.15]], "timestamp": "2025-12-13T10:13:19.753495+00:00"}, {"symbol": "SOLUSDT", "bids": [[133.57, 427.92], [133.56, 487.67], [133.55, 420.79], [133.54, 397.38], [133.53, 960.49], [133.52, 1669.01], [133.51, 2260.03], [133.5, 1754.32], [133.49, 1395.67], [133.48, 1057.35], [133.47, 859.8], [133.46, 1044.14], [133.45, 1364.82], [133.44, 814.26], [133.43, 1179.92], [133.42, 2672.97], [133.41, 1398.72], [133.4, 1793.83], [133.39, 1174.65], [133.38, 623.48]], "asks": [[133.58, 1483.39], [133.59, 1241.51], [133.6, 1129.95], [133.61, 856.54], [133.62, 1474.86], [133.63, 1295.2], [133.64, 1054.78], [133.65, 622.39], [133.66, 1171.9], [133.67, 690.61], [133.68, 970.51], [133.69, 1906.1], [133.7, 1306.01], [133.71, 1243.1], [133.72, 2413.45], [133.73, 2211.38], [133.74, 532.84], [133.75, 1228.73], [133.76, 797.85], [133.77, 943.12]], "timestamp": "2025-12-13T10:14:14.640236+00:00"}, {"symbol": "SOLUSDT", "bids": [[133.64, 659.68], [133.63, 486.77], [133.62, 692.29], [133.61, 418.51], [133.6, 684.95], [133.59, 1556.97], [133.58, 2220.2], [133.57, 1620.51], [133.56, 1389.89], [133.55, 1173.29], [133.54, 1147.36], [133.53, 776.76], [133.52, 1636.58], [133.51, 740.93], [133.5, 1109.52], [133.49, 1367.99], [133.48, 1017.43], [133.47, 2291.3], [133.46, 588.41], [133.45, 1187.7]], "asks": [[133.65, 563.29], [133.66, 961.11], [133.67, 884.43], [133.68, 608.06], [133.69, 2199.18], [133.7, 798.11], [133.71, 972.53], [133.72, 2546.44], [133.73, 835.89], [133.74, 741.19], [133.75, 1110.65], [133.76, 931.95], [133.77, 1390.17], [133.78, 2367.02], [133.79, 605.4], [133.8, 1570.22], [133.81, 772.77], [133.82, 418.78], [133.83, 519.49], [133.84, 1155.78]], "timestamp": "2025-12-13T10:15:08.606338+00:00"}, {"symbol": "SOLUSDT", "bids": [[133.69, 558.85], [133.68, 632.91], [133.67, 330.58], [133.66, 794.33], [133.65, 1011.4], [133.64, 1835.4], [133.63, 1695.19], [133.62, 1428.1], [133.61, 645.31], [133.6, 942.51], [133.59, 1233.2], [133.58, 1271.75], [133.57, 1229.77], [133.56, 2861.11], [133.55, 897.27], [133.54, 1131.54], [133.53, 576.85], [133.52, 1255.28], [133.51, 1182.45], [133.5, 1376.92]], "asks": [[133.7, 580.04], [133.71, 349.25], [133.72, 1132.0], [133.73, 1342.06], [133.74, 971.86], [133.75, 1598.68], [133.76, 982.34], [133.77, 1030.28], [133.78, 1277.94], [133.79, 1165.26], [133.8, 1903.59], [133.81, 2764.44], [133.82, 585.25], [133.83, 657.93], [133.84, 610.04], [133.85, 1318.83], [133.86, 2149.02], [133.87, 750.58], [133.88, 599.93], [133.89, 658.05]], "timestamp": "2025-12-13T10:16:02.059439+00:00"}, {"symbol": "SOLUSDT", "bids": [[133.72, 719.28], [133.71, 703.95], [133.7, 621.12], [133.69, 483.0], [133.68, 1054.39], [133.67, 1285.53], [133.66, 1602.33], [133.65, 1293.64], [133.64, 1107.0], [133.63, 1315.77], [133.62, 983.89], [133.61, 766.01], [133.6, 890.05], [133.59, 1504.63], [133.58, 2568.19], [133.57, 1025.97], [133.56, 1170.83], [133.55, 775.7], [133.54, 1027.38], [133.53, 771.82]], "asks": [[133.73, 425.9], [133.74, 523.24], [133.75, 933.37], [133.76, 544.31], [133.77, 1073.83], [133.78, 2126.8], [133.79, 872.12], [133.8, 1533.68], [133.81, 1071.54], [133.82, 739.18], [133.83, 731.82], [133.84, 992.59], [133.85, 1309.74], [133.86, 2856.47], [133.87, 2733.91], [133.88, 661.81], [133.89, 689.72], [133.9, 730.92], [133.91, 828.27], [133.92, 1056.33]], "timestamp": "2025-12-13T10:16:56.229834+00:00"}, {"symbol": "SOLUSDT", "bids": [[133.73, 386.91], [133.72, 704.33], [133.71, 313.49], [133.7, 518.67], [133.69, 1673.51], [133.68, 1599.63], [133.67, 980.0], [133.66, 1295.34], [133.65, 948.88], [133.64, 856.01], [133.63, 1243.33], [133.62, 819.11], [133.61, 1281.6], [133.6, 2388.2], [133.59, 1337.5], [133.58, 904.34], [133.57, 743.4], [133.56, 1293.62], [133.55, 1035.59], [133.54, 1009.57]], "asks": [[133.74, 419.24], [133.75, 817.87], [133.76, 797.55], [133.77, 1036.96], [133.78, 1763.16], [133.79, 1002.48], [133.8, 1717.7], [133.81, 1040.08], [133.82, 932.02], [133.83, 2218.03], [133.84, 713.72], [133.85, 865.18], [133.86, 987.8], [133.87, 1186.87], [133.88, 747.78], [133.89, 2239.9], [133.9, 716.16], [133.91, 705.8], [133.92, 1049.42], [133.93, 778.53]], "timestamp": "2025-12-13T10:17:49.888156+00:00"}, {"symbol": "SOLUSDT", "bids": [[133.65, 531.84], [133.64, 560.88], [133.63, 276.19], [133.62, 509.43], [133.61, 1132.8], [133.6, 1210.44], [133.59, 1146.24], [133.58, 847.46], [133.57, 904.92], [133.56, 1364.14], [133.55, 877.51], [133.54, 1183.51], [133.53, 1306.29], [133.52, 2463.21], [133.51, 817.03], [133.5, 834.83], [133.49, 1115.97], [133.48, 1244.88], [133.47, 1500.7], [133.46, 712.76]], "asks": [[133.66, 678.76], [133.67, 841.47], [133.68, 1597.84], [133.69, 1873.85], [133.7, 2394.9], [133.71, 2895.8], [133.72, 3170.62], [133.73, 2087.68], [133.74, 860.1], [133.75, 1168.1], [133.76, 639.85], [133.77, 974.37], [133.78, 1362.07], [133.79, 1051.53], [133.8, 3039.8], [133.81, 1254.26], [133.82, 536.14], [133.83, 603.77], [133.84, 3527.24], [133.85, 940.77]], "timestamp": "2025-12-13T10:18:44.058667+00:00"}, {"symbol": "SOLUSDT", "bids": [[133.67, 720.0], [133.66, 482.89], [133.65, 901.94], [133.64, 1278.38], [133.63, 897.29], [133.62, 1459.2], [133.61, 1100.46], [133.6, 1330.35], [133.59, 1114.39], [133.58, 863.57], [133.57, 1082.79], [133.56, 1730.92], [133.55, 626.93], [133.54, 1182.34], [133.53, 2618.18], [133.52, 1115.78], [133.51, 983.42], [133.5, 711.92], [133.49, 1091.94], [133.48, 1372.22]], "asks": [[133.68, 713.0], [133.69, 878.39], [133.7, 1146.2], [133.71, 1269.69], [133.72, 3063.67], [133.73, 2186.74], [133.74, 1300.57], [133.75, 1273.87], [133.76, 507.54], [133.77, 1169.89], [133.78, 1855.09], [133.79, 804.89], [133.8, 1506.9], [133.81, 1531.07], [133.82, 2266.78], [133.83, 780.35], [133.84, 1285.22], [133.85, 3022.79], [133.86, 722.71], [133.87, 1164.12]], "timestamp": "2025-12-13T10:19:38.536318+00:00"}, {"symbol": "SOLUSDT", "bids": [[133.75, 696.61], [133.74, 619.62], [133.73, 315.32], [133.72, 428.79], [133.71, 1018.86], [133.7, 1423.67], [133.69, 1666.12], [133.68, 1857.93], [133.67, 1338.57], [133.66, 990.59], [133.65, 1373.98], [133.64, 948.2], [133.63, 871.46], [133.62, 1265.61], [133.61, 2586.56], [133.6, 1216.8], [133.59, 1383.27], [133.58, 1093.93], [133.57, 1036.68], [133.56, 2586.74]], "asks": [[133.76, 857.65], [133.77, 1152.25], [133.78, 1196.78], [133.79, 847.39], [133.8, 2112.59], [133.81, 1773.66], [133.82, 820.88], [133.83, 478.38], [133.84, 988.4], [133.85, 1146.75], [133.86, 950.41], [133.87, 1159.02], [133.88, 1400.97], [133.89, 2178.97], [133.9, 1581.31], [133.91, 2350.99], [133.92, 688.34], [133.93, 436.68], [133.94, 842.62], [133.95, 630.61]], "timestamp": "2025-12-13T10:20:32.572127+00:00"}, {"symbol": "SOLUSDT", "bids": [[133.86, 407.65], [133.85, 583.13], [133.84, 376.01], [133.83, 1031.58], [133.82, 1595.75], [133.81, 1945.81], [133.8, 1222.47], [133.79, 1132.55], [133.78, 1316.83], [133.77, 696.98], [133.76, 857.39], [133.75, 1502.07], [133.74, 880.95], [133.73, 650.36], [133.72, 1447.99], [133.71, 2871.48], [133.7, 860.4], [133.69, 1277.85], [133.68, 2002.39], [133.67, 1879.94]], "asks": [[133.87, 866.39], [133.88, 785.08], [133.89, 1167.09], [133.9, 1636.44], [133.91, 2496.42], [133.92, 1223.91], [133.93, 1374.0], [133.94, 1018.4], [133.95, 579.28], [133.96, 1158.33], [133.97, 2740.96], [133.98, 791.71], [133.99, 1510.49], [134.0, 2758.65], [134.01, 1160.78], [134.02, 605.48], [134.03, 2464.1], [134.04, 719.92], [134.05, 496.45], [134.06, 807.24]], "timestamp": "2025-12-13T10:21:26.818049+00:00"}, {"symbol": "SOLUSDT", "bids": [[133.81, 500.2], [133.8, 795.38], [133.79, 735.02], [133.78, 846.98], [133.77, 880.78], [133.76, 996.9], [133.75, 1490.03], [133.74, 859.34], [133.73, 812.61], [133.72, 1199.12], [133.71, 1443.89], [133.7, 1067.48], [133.69, 1566.89], [133.68, 2529.43], [133.67, 586.86], [133.66, 757.61], [133.65, 1151.04], [133.64, 1248.24], [133.63, 2372.81], [133.62, 1108.73]], "asks": [[133.82, 1176.23], [133.83, 722.07], [133.84, 1010.05], [133.85, 1095.11], [133.86, 1261.48], [133.87, 1297.95], [133.88, 1434.58], [133.89, 1167.36], [133.9, 1943.02], [133.91, 1331.56], [133.92, 874.8], [133.93, 957.89], [133.94, 1331.36], [133.95, 1086.57], [133.96, 2470.68], [133.97, 1447.09], [133.98, 2230.77], [133.99, 1605.33], [134.0, 2870.98], [134.01, 905.83]], "timestamp": "2025-12-13T10:22:21.357104+00:00"}, {"symbol": "SOLUSDT", "bids": [[133.74, 736.22], [133.73, 742.45], [133.72, 609.1], [133.71, 1116.88], [133.7, 1036.41], [133.69, 990.12], [133.68, 1594.34], [133.67, 1010.25], [133.66, 727.43], [133.65, 1431.81], [133.64, 720.35], [133.63, 1166.0], [133.62, 1512.25], [133.61, 2900.81], [133.6, 1259.73], [133.59, 1401.0], [133.58, 428.08], [133.57, 771.27], [133.56, 1353.06], [133.55, 551.7]], "asks": [[133.75, 219.22], [133.76, 263.62], [133.77, 887.05], [133.78, 955.05], [133.79, 1822.93], [133.8, 916.01], [133.81, 1808.76], [133.82, 1310.92], [133.83, 607.6], [133.84, 1066.04], [133.85, 1105.31], [133.86, 1096.87], [133.87, 1369.03], [133.88, 2625.11], [133.89, 984.7], [133.9, 3389.95], [133.91, 951.06], [133.92, 1148.09], [133.93, 592.56], [133.94, 1077.7]], "timestamp": "2025-12-13T10:23:15.626683+00:00"}, {"symbol": "SOLUSDT", "bids": [[133.8, 1762.07], [133.79, 1175.91], [133.78, 1026.7], [133.77, 1011.5], [133.76, 588.78], [133.75, 1071.23], [133.74, 1731.67], [133.73, 1135.03], [133.72, 934.88], [133.71, 1335.55], [133.7, 1041.04], [133.69, 1200.52], [133.68, 1195.33], [133.67, 984.06], [133.66, 3023.11], [133.65, 1340.7], [133.64, 579.92], [133.63, 1036.67], [133.62, 896.51], [133.61, 1694.47]], "asks": [[133.81, 126.3], [133.82, 352.74], [133.83, 406.6], [133.84, 925.98], [133.85, 2098.21], [133.86, 1070.36], [133.87, 1082.38], [133.88, 1498.07], [133.89, 863.73], [133.9, 1969.24], [133.91, 1006.7], [133.92, 857.41], [133.93, 1332.42], [133.94, 2715.34], [133.95, 464.5], [133.96, 2415.29], [133.97, 1044.35], [133.98, 638.13], [133.99, 1248.15], [134.0, 2334.59]], "timestamp": "2025-12-13T10:24:10.073063+00:00"}, {"symbol": "SOLUSDT", "bids": [[133.82, 185.06], [133.81, 469.06], [133.8, 881.66], [133.79, 1315.56], [133.78, 1945.12], [133.77, 1604.51], [133.76, 1242.22], [133.75, 963.52], [133.74, 1464.48], [133.73, 914.89], [133.72, 906.05], [133.71, 1151.11], [133.7, 1017.11], [133.69, 3078.73], [133.68, 1277.94], [133.67, 745.82], [133.66, 819.1], [133.65, 1620.16], [133.64, 1054.96], [133.63, 1181.43]], "asks": [[133.83, 764.49], [133.84, 943.55], [133.85, 1067.1], [133.86, 1331.42], [133.87, 1459.27], [133.88, 1247.78], [133.89, 1163.65], [133.9, 2006.42], [133.91, 1263.27], [133.92, 1289.87], [133.93, 813.69], [133.94, 1006.06], [133.95, 721.4], [133.96, 986.85], [133.97, 2909.13], [133.98, 2420.88], [133.99, 1248.82], [134.0, 2496.27], [134.01, 874.47], [134.02, 429.7]], "timestamp": "2025-12-13T10:25:04.788230+00:00"}, {"symbol": "SOLUSDT", "bids": [[133.85, 1443.37], [133.84, 852.57], [133.83, 1406.02], [133.82, 1629.29], [133.81, 1841.19], [133.8, 3244.52], [133.79, 1272.84], [133.78, 1959.15], [133.77, 1414.17], [133.76, 927.94], [133.75, 885.24], [133.74, 1432.14], [133.73, 637.72], [133.72, 1038.14], [133.71, 1381.42], [133.7, 814.02], [133.69, 2870.07], [133.68, 1361.21], [133.67, 593.47], [133.66, 764.0]], "asks": [[133.86, 329.44], [133.87, 245.22], [133.88, 1076.49], [133.89, 1087.59], [133.9, 1909.41], [133.91, 1507.39], [133.92, 1046.94], [133.93, 580.83], [133.94, 1027.91], [133.95, 789.54], [133.96, 1085.09], [133.97, 1480.61], [133.98, 2833.85], [133.99, 1365.18], [134.0, 2921.26], [134.01, 1307.64], [134.02, 1933.38], [134.03, 499.24], [134.04, 979.54], [134.05, 1288.66]], "timestamp": "2025-12-13T10:25:59.059121+00:00"}, {"symbol": "SOLUSDT", "bids": [[133.86, 760.86], [133.85, 2522.79], [133.84, 687.19], [133.83, 1461.96], [133.82, 1470.82], [133.81, 2241.33], [133.8, 1395.41], [133.79, 971.02], [133.78, 909.57], [133.77, 1088.31], [133.76, 1152.14], [133.75, 1590.27], [133.74, 1438.52], [133.73, 527.17], [133.72, 1137.59], [133.71, 2990.47], [133.7, 811.97], [133.69, 1066.76], [133.68, 1685.24], [133.67, 776.03]], "asks": [[133.87, 141.22], [133.88, 469.23], [133.89, 982.74], [133.9, 2226.36], [133.91, 2032.59], [133.92, 785.09], [133.93, 1058.15], [133.94, 1312.91], [133.95, 746.91], [133.96, 905.28], [133.97, 1058.74], [133.98, 1189.74], [133.99, 1908.02], [134.0, 3196.98], [134.01, 2245.71], [134.02, 758.52], [134.03, 2559.54], [134.04, 614.0], [134.05, 1220.94], [134.06, 824.79]], "timestamp": "2025-12-13T10:26:53.434219+00:00"}, {"symbol": "SOLUSDT", "bids": [[133.81, 719.36], [133.8, 673.67], [133.79, 591.58], [133.78, 846.41], [133.77, 1623.7], [133.76, 1006.89], [133.75, 932.09], [133.74, 1599.24], [133.73, 757.68], [133.72, 1119.72], [133.71, 1360.91], [133.7, 1221.72], [133.69, 1446.41], [133.68, 2749.53], [133.67, 698.09], [133.66, 611.47], [133.65, 1050.19], [133.64, 1633.78], [133.63, 2664.65], [133.62, 1278.45]], "asks": [[133.82, 77.64], [133.83, 1026.38], [133.84, 1178.76], [133.85, 1070.27], [133.86, 1133.57], [133.87, 1993.94], [133.88, 1345.09], [133.89, 1383.16], [133.9, 2394.36], [133.91, 837.88], [133.92, 732.81], [133.93, 934.93], [133.94, 1350.53], [133.95, 812.68], [133.96, 1357.84], [133.97, 3224.21], [133.98, 2462.24], [133.99, 1583.64], [134.0, 2694.58], [134.01, 1020.13]], "timestamp": "2025-12-13T10:27:47.454647+00:00"}, {"symbol": "SOLUSDT", "bids": [[133.87, 321.61], [133.86, 471.34], [133.85, 664.11], [133.84, 815.5], [133.83, 1591.96], [133.82, 1254.21], [133.81, 1491.17], [133.8, 1458.74], [133.79, 943.0], [133.78, 967.22], [133.77, 1132.71], [133.76, 983.58], [133.75, 965.85], [133.74, 1463.58], [133.73, 1187.06], [133.72, 2743.59], [133.71, 985.05], [133.7, 984.23], [133.69, 939.66], [133.68, 1672.07]], "asks": [[133.88, 655.51], [133.89, 1278.72], [133.9, 2338.71], [133.91, 750.76], [133.92, 1121.81], [133.93, 1357.6], [133.94, 1054.57], [133.95, 802.33], [133.96, 1249.51], [133.97, 1580.52], [133.98, 2444.39], [133.99, 1891.72], [134.0, 3324.31], [134.01, 1074.33], [134.02, 691.07], [134.03, 2245.62], [134.04, 638.81], [134.05, 1014.21], [134.06, 1062.67], [134.07, 423.92]], "timestamp": "2025-12-13T10:28:41.672726+00:00"}, {"symbol": "SOLUSDT", "bids": [[133.82, 1269.3], [133.81, 1027.23], [133.8, 960.02], [133.79, 919.92], [133.78, 1168.62], [133.77, 1268.95], [133.76, 1455.83], [133.75, 1101.27], [133.74, 1054.36], [133.73, 947.2], [133.72, 1013.03], [133.71, 1671.3], [133.7, 1310.92], [133.69, 2829.86], [133.68, 1204.41], [133.67, 593.26], [133.66, 798.98], [133.65, 983.93], [133.64, 1124.18], [133.63, 926.34]], "asks": [[133.83, 177.05], [133.84, 257.43], [133.85, 610.21], [133.86, 1339.39], [133.87, 1807.77], [133.88, 1165.85], [133.89, 1608.98], [133.9, 2576.23], [133.91, 763.39], [133.92, 720.56], [133.93, 810.53], [133.94, 1206.89], [133.95, 1181.88], [133.96, 1020.79], [133.97, 1598.91], [133.98, 4016.79], [133.99, 1450.64], [134.0, 1961.31], [134.01, 989.3], [134.02, 432.92]], "timestamp": "2025-12-13T10:29:34.844493+00:00"}, {"symbol": "SOLUSDT", "bids": [[133.81, 405.45], [133.8, 690.53], [133.79, 731.22], [133.78, 854.34], [133.77, 1695.93], [133.76, 1178.12], [133.75, 1170.82], [133.74, 1100.63], [133.73, 913.88], [133.72, 944.79], [133.71, 1730.47], [133.7, 1205.43], [133.69, 1351.01], [133.68, 1279.55], [133.67, 2352.42], [133.66, 609.19], [133.65, 1351.6], [133.64, 2559.67], [133.63, 782.89], [133.62, 1105.14]], "asks": [[133.82, 351.71], [133.83, 653.3], [133.84, 1100.53], [133.85, 1090.32], [133.86, 1547.51], [133.87, 1880.83], [133.88, 1076.5], [133.89, 1594.45], [133.9, 2573.93], [133.91, 714.73], [133.92, 830.98], [133.93, 927.4], [133.94, 1440.51], [133.95, 922.91], [133.96, 1069.75], [133.97, 2912.56], [133.98, 2461.98], [133.99, 1438.37], [134.0, 1809.07], [134.01, 975.04]], "timestamp": "2025-12-13T10:30:29.250248+00:00"}, {"symbol": "SOLUSDT", "bids": [[133.75, 978.71], [133.74, 773.55], [133.73, 1054.86], [133.72, 639.85], [133.71, 1347.9], [133.7, 1816.2], [133.69, 1088.67], [133.68, 1079.2], [133.67, 761.6], [133.66, 990.73], [133.65, 1560.21], [133.64, 1030.17], [133.63, 1279.28], [133.62, 3103.25], [133.61, 2399.41], [133.6, 1022.6], [133.59, 990.44], [133.58, 1054.47], [133.57, 836.32], [133.56, 1040.6]], "asks": [[133.76, 236.45], [133.77, 972.92], [133.78, 726.71], [133.79, 986.42], [133.8, 2408.94], [133.81, 2711.15], [133.82, 1350.26], [133.83, 1790.51], [133.84, 633.31], [133.85, 968.23], [133.86, 760.97], [133.87, 1319.47], [133.88, 817.19], [133.89, 1428.71], [133.9, 2328.76], [133.91, 1404.59], [133.92, 2123.65], [133.93, 1303.45], [133.94, 1156.19], [133.95, 2879.4]], "timestamp": "2025-12-13T10:31:25.514876+00:00"}, {"symbol": "SOLUSDT", "bids": [[133.79, 325.32], [133.78, 407.34], [133.77, 285.33], [133.76, 898.02], [133.75, 1828.16], [133.74, 1476.7], [133.73, 1295.59], [133.72, 1047.37], [133.71, 1451.17], [133.7, 1459.76], [133.69, 1098.74], [133.68, 1643.03], [133.67, 984.4], [133.66, 2483.91], [133.65, 1425.48], [133.64, 940.58], [133.63, 1175.53], [133.62, 1059.15], [133.61, 938.15], [133.6, 1720.14]], "asks": [[133.8, 897.75], [133.81, 999.98], [133.82, 1151.54], [133.83, 1255.33], [133.84, 2346.49], [133.85, 879.64], [133.86, 836.51], [133.87, 1237.15], [133.88, 1192.42], [133.89, 1772.62], [133.9, 1825.53], [133.91, 1400.13], [133.92, 2272.23], [133.93, 1090.21], [133.94, 1530.86], [133.95, 1029.1], [133.96, 795.04], [133.97, 2572.64], [133.98, 917.39], [133.99, 1240.35]], "timestamp": "2025-12-13T10:32:19.609670+00:00"}, {"symbol": "SOLUSDT", "bids": [[133.78, 1021.11], [133.77, 504.57], [133.76, 507.97], [133.75, 1108.2], [133.74, 1697.42], [133.73, 1723.73], [133.72, 1214.18], [133.71, 1820.04], [133.7, 1780.08], [133.69, 781.83], [133.68, 1212.71], [133.67, 1013.9], [133.66, 969.5], [133.65, 1610.14], [133.64, 1196.97], [133.63, 2642.62], [133.62, 899.49], [133.61, 1120.17], [133.6, 1751.36], [133.59, 2559.08]], "asks": [[133.79, 857.83], [133.8, 475.46], [133.81, 596.76], [133.82, 1196.82], [133.83, 1234.3], [133.84, 1682.83], [133.85, 1098.5], [133.86, 984.08], [133.87, 1508.36], [133.88, 1331.8], [133.89, 1373.71], [133.9, 2299.48], [133.91, 1123.07], [133.92, 1070.27], [133.93, 2628.47], [133.94, 1222.51], [133.95, 1170.92], [133.96, 2184.56], [133.97, 965.41], [133.98, 917.43]], "timestamp": "2025-12-13T10:33:14.266100+00:00"}, {"symbol": "SOLUSDT", "bids": [[133.84, 781.46], [133.83, 1077.79], [133.82, 1390.03], [133.81, 1007.84], [133.8, 1275.18], [133.79, 1051.46], [133.78, 1220.61], [133.77, 1207.51], [133.76, 861.36], [133.75, 1020.37], [133.74, 1375.03], [133.73, 896.77], [133.72, 1345.82], [133.71, 1591.44], [133.7, 3020.54], [133.69, 811.38], [133.68, 965.31], [133.67, 650.16], [133.66, 898.92], [133.65, 1462.15]], "asks": [[133.85, 241.21], [133.86, 401.09], [133.87, 792.39], [133.88, 617.24], [133.89, 1348.17], [133.9, 3041.32], [133.91, 1093.69], [133.92, 885.03], [133.93, 643.4], [133.94, 1201.84], [133.95, 1083.88], [133.96, 817.36], [133.97, 1560.05], [133.98, 2504.69], [133.99, 1121.32], [134.0, 4327.35], [134.01, 538.86], [134.02, 713.1], [134.03, 439.45], [134.04, 590.11]], "timestamp": "2025-12-13T10:34:08.537504+00:00"}, {"symbol": "SOLUSDT", "bids": [[133.8, 1034.09], [133.79, 602.99], [133.78, 514.5], [133.77, 1119.91], [133.76, 1104.85], [133.75, 1235.9], [133.74, 1363.28], [133.73, 933.48], [133.72, 911.24], [133.71, 1429.28], [133.7, 1535.98], [133.69, 1185.2], [133.68, 1492.52], [133.67, 810.36], [133.66, 2251.22], [133.65, 1186.97], [133.64, 898.87], [133.63, 823.07], [133.62, 1446.94], [133.61, 2486.61]], "asks": [[133.81, 251.22], [133.82, 484.15], [133.83, 854.48], [133.84, 1380.55], [133.85, 1956.57], [133.86, 1736.55], [133.87, 1394.75], [133.88, 629.56], [133.89, 1278.15], [133.9, 2299.21], [133.91, 941.91], [133.92, 668.67], [133.93, 944.35], [133.94, 1518.41], [133.95, 2534.09], [133.96, 906.43], [133.97, 1347.36], [133.98, 922.93], [133.99, 2668.68], [134.0, 1753.75]], "timestamp": "2025-12-13T10:35:02.912079+00:00"}, {"symbol": "SOLUSDT", "bids": [[133.91, 587.26], [133.9, 618.96], [133.89, 1234.68], [133.88, 1969.84], [133.87, 1649.75], [133.86, 1163.43], [133.85, 1752.66], [133.84, 1686.52], [133.83, 1134.01], [133.82, 1199.81], [133.81, 833.27], [133.8, 750.75], [133.79, 897.75], [133.78, 1002.59], [133.77, 1671.76], [133.76, 2547.43], [133.75, 1016.57], [133.74, 903.85], [133.73, 875.5], [133.72, 1380.67]], "asks": [[133.92, 286.75], [133.93, 532.51], [133.94, 641.83], [133.95, 1488.75], [133.96, 1186.95], [133.97, 1768.61], [133.98, 981.04], [133.99, 1393.47], [134.0, 1863.98], [134.01, 1014.65], [134.02, 997.93], [134.03, 1931.04], [134.04, 967.96], [134.05, 1090.45], [134.06, 946.36], [134.07, 2364.62], [134.08, 836.83], [134.09, 655.54], [134.1, 1213.14], [134.11, 1069.42]], "timestamp": "2025-12-13T10:35:57.391432+00:00"}, {"symbol": "SOLUSDT", "bids": [[133.87, 1749.56], [133.86, 564.03], [133.85, 664.22], [133.84, 911.73], [133.83, 2088.82], [133.82, 1352.62], [133.81, 1009.79], [133.8, 1498.76], [133.79, 821.63], [133.78, 1115.65], [133.77, 1260.77], [133.76, 1028.75], [133.75, 1131.96], [133.74, 3120.9], [133.73, 1095.91], [133.72, 941.75], [133.71, 1247.91], [133.7, 1674.06], [133.69, 1405.1], [133.68, 1361.13]], "asks": [[133.88, 225.63], [133.89, 187.38], [133.9, 676.3], [133.91, 974.22], [133.92, 1882.61], [133.93, 2034.14], [133.94, 1199.65], [133.95, 1170.43], [133.96, 1329.48], [133.97, 799.78], [133.98, 877.5], [133.99, 1719.0], [134.0, 2030.72], [134.01, 817.35], [134.02, 529.13], [134.03, 937.33], [134.04, 2745.29], [134.05, 2351.55], [134.06, 797.23], [134.07, 480.84]], "timestamp": "2025-12-13T10:36:51.969810+00:00"}, {"symbol": "SOLUSDT", "bids": [[133.84, 876.07], [133.83, 1020.57], [133.82, 1125.15], [133.81, 844.2], [133.8, 1621.0], [133.79, 1152.49], [133.78, 1022.81], [133.77, 1161.35], [133.76, 898.22], [133.75, 1241.86], [133.74, 1526.58], [133.73, 903.78], [133.72, 1154.29], [133.71, 1346.03], [133.7, 3161.21], [133.69, 1540.67], [133.68, 1084.49], [133.67, 789.78], [133.66, 1068.66], [133.65, 2979.05]], "asks": [[133.85, 235.27], [133.86, 191.2], [133.87, 390.81], [133.88, 617.33], [133.89, 1218.9], [133.9, 1027.94], [133.91, 943.69], [133.92, 1433.34], [133.93, 1045.81], [133.94, 601.87], [133.95, 824.4], [133.96, 1175.36], [133.97, 1026.67], [133.98, 1105.79], [133.99, 1754.3], [134.0, 2111.28], [134.01, 1155.48], [134.02, 2124.8], [134.03, 761.95], [134.04, 2821.87]], "timestamp": "2025-12-13T10:37:46.270184+00:00"}, {"symbol": "SOLUSDT", "bids": [[133.92, 918.43], [133.91, 1105.42], [133.9, 1359.02], [133.89, 1276.74], [133.88, 1069.87], [133.87, 1485.73], [133.86, 1276.85], [133.85, 1139.94], [133.84, 912.32], [133.83, 1222.73], [133.82, 1682.89], [133.81, 1000.85], [133.8, 1637.6], [133.79, 1263.53], [133.78, 2995.96], [133.77, 1259.47], [133.76, 563.56], [133.75, 943.42], [133.74, 1122.33], [133.73, 1242.33]], "asks": [[133.93, 353.39], [133.94, 281.06], [133.95, 538.16], [133.96, 1123.03], [133.97, 1218.03], [133.98, 1055.96], [133.99, 1775.65], [134.0, 1436.95], [134.01, 915.51], [134.02, 699.36], [134.03, 1233.59], [134.04, 2608.34], [134.05, 802.14], [134.06, 751.25], [134.07, 831.81], [134.08, 1604.74], [134.09, 1853.92], [134.1, 991.66], [134.11, 735.9], [134.12, 1042.62]], "timestamp": "2025-12-13T10:38:40.064777+00:00"}, {"symbol": "SOLUSDT", "bids": [[133.99, 1378.7], [133.98, 1097.66], [133.97, 971.1], [133.96, 890.06], [133.95, 1490.94], [133.94, 1486.16], [133.93, 1362.41], [133.92, 1470.89], [133.91, 1357.91], [133.9, 1225.58], [133.89, 1386.49], [133.88, 1074.12], [133.87, 914.34], [133.86, 1392.7], [133.85, 1324.9], [133.84, 2932.15], [133.83, 1020.96], [133.82, 1406.85], [133.81, 1601.47], [133.8, 1723.48]], "asks": [[134.0, 1659.38], [134.01, 289.49], [134.02, 1022.85], [134.03, 565.73], [134.04, 1410.36], [134.05, 974.11], [134.06, 975.36], [134.07, 604.86], [134.08, 1108.65], [134.09, 961.69], [134.1, 1649.56], [134.11, 2235.03], [134.12, 1164.84], [134.13, 746.53], [134.14, 933.68], [134.15, 3866.14], [134.16, 866.12], [134.17, 409.68], [134.18, 1180.55], [134.19, 2642.52]], "timestamp": "2025-12-13T10:39:34.070793+00:00"}, {"symbol": "SOLUSDT", "bids": [[134.01, 530.94], [134.0, 1122.29], [133.99, 1072.93], [133.98, 1423.99], [133.97, 1408.92], [133.96, 1004.35], [133.95, 1121.71], [133.94, 1260.73], [133.93, 883.33], [133.92, 1539.6], [133.91, 1003.84], [133.9, 855.52], [133.89, 1759.42], [133.88, 899.32], [133.87, 1152.3], [133.86, 3248.5], [133.85, 949.29], [133.84, 681.25], [133.83, 888.61], [133.82, 1450.5]], "asks": [[134.02, 294.13], [134.03, 369.94], [134.04, 519.56], [134.05, 1215.49], [134.06, 1637.75], [134.07, 956.42], [134.08, 1064.24], [134.09, 1214.27], [134.1, 1048.24], [134.11, 663.51], [134.12, 1069.06], [134.13, 1037.14], [134.14, 1407.84], [134.15, 3840.73], [134.16, 859.56], [134.17, 1038.82], [134.18, 1138.94], [134.19, 1261.44], [134.2, 3701.02], [134.21, 583.68]], "timestamp": "2025-12-13T10:40:27.831638+00:00"}, {"symbol": "SOLUSDT", "bids": [[134.08, 513.73], [134.07, 640.74], [134.06, 1075.15], [134.05, 1604.36], [134.04, 1968.91], [134.03, 1367.08], [134.02, 1188.84], [134.01, 1422.65], [134.0, 1451.24], [133.99, 1034.94], [133.98, 1308.13], [133.97, 1072.29], [133.96, 1372.47], [133.95, 1503.42], [133.94, 3218.74], [133.93, 1151.77], [133.92, 1627.54], [133.91, 2647.85], [133.9, 1344.51], [133.89, 1095.95]], "asks": [[134.09, 992.82], [134.1, 800.33], [134.11, 1820.03], [134.12, 1124.53], [134.13, 1226.36], [134.14, 1903.28], [134.15, 2523.92], [134.16, 548.08], [134.17, 1062.52], [134.18, 1024.93], [134.19, 1052.42], [134.2, 1612.0], [134.21, 681.79], [134.22, 990.71], [134.23, 814.8], [134.24, 1420.66], [134.25, 2118.2], [134.26, 435.55], [134.27, 1107.75], [134.28, 2960.56]], "timestamp": "2025-12-13T10:41:21.592689+00:00"}, {"symbol": "SOLUSDT", "bids": [[134.18, 458.93], [134.17, 727.33], [134.16, 1397.88], [134.15, 1240.25], [134.14, 2057.24], [134.13, 1542.23], [134.12, 2128.51], [134.11, 1454.48], [134.1, 848.16], [134.09, 1322.64], [134.08, 1109.4], [134.07, 708.46], [134.06, 1051.29], [134.05, 3716.39], [134.04, 723.44], [134.03, 464.39], [134.02, 921.29], [134.01, 1549.27], [134.0, 1710.96], [133.99, 1095.34]], "asks": [[134.19, 523.63], [134.2, 1975.35], [134.21, 1287.84], [134.22, 1137.61], [134.23, 1258.21], [134.24, 1110.88], [134.25, 847.33], [134.26, 630.96], [134.27, 735.14], [134.28, 927.23], [134.29, 1526.55], [134.3, 1280.13], [134.31, 1022.83], [134.32, 1251.58], [134.33, 4199.22], [134.34, 727.17], [134.35, 724.2], [134.36, 1067.9], [134.37, 1002.74], [134.38, 1191.99]], "timestamp": "2025-12-13T10:42:15.147624+00:00"}, {"symbol": "SOLUSDT", "bids": [[134.14, 242.42], [134.13, 728.54], [134.12, 1344.71], [134.11, 925.0], [134.1, 1232.01], [134.09, 2127.35], [134.08, 989.02], [134.07, 817.48], [134.06, 1144.51], [134.05, 1317.61], [134.04, 971.14], [134.03, 1022.98], [134.02, 1380.67], [134.01, 1847.52], [134.0, 2924.98], [133.99, 827.98], [133.98, 880.34], [133.97, 925.33], [133.96, 2088.6], [133.95, 1338.33]], "asks": [[134.15, 636.79], [134.16, 1180.27], [134.17, 1940.04], [134.18, 1633.81], [134.19, 1740.57], [134.2, 1261.67], [134.21, 709.1], [134.22, 1101.49], [134.23, 566.73], [134.24, 1177.11], [134.25, 991.49], [134.26, 957.99], [134.27, 2257.88], [134.28, 854.88], [134.29, 1515.76], [134.3, 1497.66], [134.31, 809.08], [134.32, 2581.8], [134.33, 1157.01], [134.34, 846.85]], "timestamp": "2025-12-13T10:43:08.909342+00:00"}, {"symbol": "SOLUSDT", "bids": [[134.13, 1652.0], [134.12, 428.59], [134.11, 638.65], [134.1, 1221.66], [134.09, 2544.94], [134.08, 1183.26], [134.07, 881.42], [134.06, 1008.25], [134.05, 1262.11], [134.04, 781.53], [134.03, 956.95], [134.02, 1436.12], [134.01, 1494.56], [134.0, 2905.98], [133.99, 708.02], [133.98, 860.5], [133.97, 700.16], [133.96, 736.78], [133.95, 1093.75], [133.94, 1458.92]], "asks": [[134.14, 414.32], [134.15, 1111.94], [134.16, 626.5], [134.17, 1080.63], [134.18, 1579.97], [134.19, 1870.48], [134.2, 1317.88], [134.21, 1132.84], [134.22, 577.66], [134.23, 686.16], [134.24, 1049.58], [134.25, 1106.14], [134.26, 1116.54], [134.27, 2080.19], [134.28, 856.9], [134.29, 1253.39], [134.3, 3349.62], [134.31, 502.33], [134.32, 626.67], [134.33, 1549.9]], "timestamp": "2025-12-13T10:44:03.283642+00:00"}, {"symbol": "SOLUSDT", "bids": [[134.11, 119.96], [134.1, 629.25], [134.09, 1082.81], [134.08, 1034.25], [134.07, 1486.07], [134.06, 1567.98], [134.05, 1289.74], [134.04, 688.03], [134.03, 989.7], [134.02, 1524.94], [134.01, 1708.95], [134.0, 1285.1], [133.99, 841.11], [133.98, 1298.79], [133.97, 2184.72], [133.96, 547.81], [133.95, 1119.83], [133.94, 1296.32], [133.93, 844.57], [133.92, 1449.82]], "asks": [[134.12, 1514.85], [134.13, 1170.67], [134.14, 834.27], [134.15, 1194.42], [134.16, 939.77], [134.17, 1422.49], [134.18, 1297.16], [134.19, 1984.48], [134.2, 1332.75], [134.21, 948.84], [134.22, 611.65], [134.23, 695.76], [134.24, 1224.75], [134.25, 1205.65], [134.26, 1195.0], [134.27, 3887.83], [134.28, 814.44], [134.29, 1720.87], [134.3, 1352.69], [134.31, 502.33]], "timestamp": "2025-12-13T10:44:58.478433+00:00"}, {"symbol": "SOLUSDT", "bids": [[134.05, 386.01], [134.04, 1382.09], [134.03, 1550.34], [134.02, 627.32], [134.01, 1405.58], [134.0, 1999.56], [133.99, 1138.06], [133.98, 1381.0], [133.97, 791.12], [133.96, 811.26], [133.95, 1304.87], [133.94, 1031.87], [133.93, 1314.83], [133.92, 1504.26], [133.91, 2407.19], [133.9, 1460.17], [133.89, 1090.63], [133.88, 771.88], [133.87, 792.89], [133.86, 1462.3]], "asks": [[134.06, 385.81], [134.07, 1216.7], [134.08, 584.28], [134.09, 1051.55], [134.1, 2501.23], [134.11, 1363.7], [134.12, 1474.11], [134.13, 1418.25], [134.14, 766.32], [134.15, 1270.43], [134.16, 852.03], [134.17, 1145.37], [134.18, 1234.87], [134.19, 1472.27], [134.2, 3028.12], [134.21, 1111.6], [134.22, 1595.66], [134.23, 2469.02], [134.24, 1172.45], [134.25, 724.44]], "timestamp": "2025-12-13T10:45:53.058207+00:00"}, {"symbol": "SOLUSDT", "bids": [[134.02, 864.46], [134.01, 613.75], [134.0, 917.04], [133.99, 938.43], [133.98, 2030.99], [133.97, 1221.57], [133.96, 1039.52], [133.95, 1028.13], [133.94, 769.53], [133.93, 1037.69], [133.92, 1851.51], [133.91, 852.67], [133.9, 1023.49], [133.89, 1490.26], [133.88, 2296.9], [133.87, 800.51], [133.86, 1127.93], [133.85, 903.62], [133.84, 1041.64], [133.83, 2121.17]], "asks": [[134.03, 432.68], [134.04, 1325.2], [134.05, 912.15], [134.06, 1728.87], [134.07, 1550.44], [134.08, 1382.33], [134.09, 1392.9], [134.1, 1771.59], [134.11, 1259.17], [134.12, 1515.25], [134.13, 640.52], [134.14, 826.85], [134.15, 1279.11], [134.16, 1132.99], [134.17, 1508.95], [134.18, 4802.52], [134.19, 1009.28], [134.2, 1345.06], [134.21, 1385.78], [134.22, 1122.12]], "timestamp": "2025-12-13T10:46:47.026242+00:00"}, {"symbol": "SOLUSDT", "bids": [[133.97, 653.6], [133.96, 726.56], [133.95, 457.71], [133.94, 1151.1], [133.93, 996.6], [133.92, 773.32], [133.91, 1177.48], [133.9, 1070.15], [133.89, 591.25], [133.88, 804.94], [133.87, 1309.04], [133.86, 1189.65], [133.85, 982.73], [133.84, 2731.03], [133.83, 687.34], [133.82, 449.64], [133.81, 748.26], [133.8, 1491.54], [133.79, 821.98], [133.78, 1758.44]], "asks": [[133.98, 837.67], [133.99, 569.84], [134.0, 1430.33], [134.01, 1836.1], [134.02, 2169.43], [134.03, 2724.11], [134.04, 1132.19], [134.05, 1068.52], [134.06, 1237.81], [134.07, 678.17], [134.08, 1178.26], [134.09, 1296.14], [134.1, 1841.87], [134.11, 2255.61], [134.12, 1521.27], [134.13, 2718.77], [134.14, 987.66], [134.15, 1265.34], [134.16, 805.97], [134.17, 707.51]], "timestamp": "2025-12-13T10:47:41.705512+00:00"}