[{"id": "1011579751", "price": 133.02, "amount": 0.21, "side": "buy", "timestamp": 1765669348449}, {"id": "1011579752", "price": 133.02, "amount": 3.0, "side": "buy", "timestamp": 1765669348662}, {"id": "1011579753", "price": 133.01, "amount": 0.89, "side": "sell", "timestamp": 1765669348784}, {"id": "1011579754", "price": 133.02, "amount": 0.2, "side": "buy", "timestamp": 1765669349117}, {"id": "1011579755", "price": 133.01, "amount": 2.91, "side": "sell", "timestamp": 1765669349121}, {"id": "1011579756", "price": 133.02, "amount": 2.91, "side": "buy", "timestamp": 1765669349726}, {"id": "1011579757", "price": 133.02, "amount": 0.63, "side": "buy", "timestamp": 1765669350107}, {"id": "1011579758", "price": 133.01, "amount": 3.27, "side": "sell", "timestamp": 1765669350110}, {"id": "1011579759", "price": 133.01, "amount": 0.09, "side": "sell", "timestamp": 1765669351036}, {"id": "1011579760", "price": 133.01, "amount": 6.8, "side": "sell", "timestamp": 1765669352771}, {"id": "1011579761", "price": 133.01, "amount": 0.05, "side": "sell", "timestamp": 1765669353311}, {"id": "1011579762", "price": 133.01, "amount": 0.39, "side": "sell", "timestamp": 1765669354015}, {"id": "1011579763", "price": 133.01, "amount": 0.04, "side": "sell", "timestamp": 1765669354124}, {"id": "1011579764", "price": 133.01, "amount": 0.05, "side": "sell", "timestamp": 1765669355186}, {"id": "1011579765", "price": 133.01, "amount": 0.09, "side": "sell", "timestamp": 1765669355666}, {"id": "1011579766", "price": 133.02, "amount": 1.8, "side": "buy", "timestamp": 1765669356795}, {"id": "1011579767", "price": 133.01, "amount": 0.52, "side": "sell", "timestamp": 1765669356909}, {"id": "1011579768", "price": 133.01, "amount": 0.09, "side": "sell", "timestamp": 1765669357099}, {"id": "1011579769", "price": 133.02, "amount": 45.1, "side": "buy", "timestamp": 1765669357222}, {"id": "1011579770", "price": 133.01, "amount": 18.37, "side": "sell", "timestamp": 1765669357226}, {"id": "1011579771", "price": 133.01, "amount": 34.33, "side": "sell", "timestamp": 1765669357486}, {"id": "1011579772", "price": 133.02, "amount": 0.05, "side": "buy", "timestamp": 1765669357811}, {"id": "1011579773", "price": 133.02, "amount": 416.31, "side": "buy", "timestamp": 1765669358170}, {"id": "1011579774", "price": 133.02, "amount": 3.53, "side": "sell", "timestamp": 1765669358175}, {"id": "1011579775", "price": 133.03, "amount": 6.67, "side": "buy", "timestamp": 1765669358176}, {"id": "1011579776", "price": 133.03, "amount": 55.22, "side": "buy", "timestamp": 1765669358981}, {"id": "1011579777", "price": 133.02, "amount": 7.17, "side": "sell", "timestamp": 1765669360124}, {"id": "1011579778", "price": 133.02, "amount": 0.22, "side": "sell", "timestamp": 1765669360497}, {"id": "1011579779", "price": 133.03, "amount": 0.22, "side": "buy", "timestamp": 1765669362263}, {"id": "1011579780", "price": 133.02, "amount": 7.39, "side": "sell", "timestamp": 1765669362267}, {"id": "1011579781", "price": 133.02, "amount": 3.74, "side": "sell", "timestamp": 1765669363135}, {"id": "1011579782", "price": 133.02, "amount": 0.09, "side": "sell", "timestamp": 1765669363591}, {"id": "1011579783", "price": 133.03, "amount": 0.2, "side": "buy", "timestamp": 1765669365723}, {"id": "1011579784", "price": 133.02, "amount": 7.72, "side": "sell", "timestamp": 1765669365726}, {"id": "1011579785", "price": 133.02, "amount": 7.51, "side": "sell", "timestamp": 1765669365980}, {"id": "1011579786", "price": 133.02, "amount": 0.09, "side": "sell", "timestamp": 1765669366147}, {"id": "1011579787", "price": 133.02, "amount": 0.25, "side": "sell", "timestamp": 1765669367958}, {"id": "1011579788", "price": 133.03, "amount": 1.36, "side": "buy", "timestamp": 1765669368223}, {"id": "1011579789", "price": 133.02, "amount": 0.15, "side": "sell", "timestamp": 1765669369164}, {"id": "1011579790", "price": 133.02, "amount": 0.52, "side": "sell", "timestamp": 1765669369349}, {"id": "1011579791", "price": 133.03, "amount": 109.32, "side": "buy", "timestamp": 1765669370113}, {"id": "1011579792", "price": 133.03, "amount": 13.65, "side": "sell", "timestamp": 1765669370119}, {"id": "1011579793", "price": 133.04, "amount": 9.03, "side": "buy", "timestamp": 1765669370388}, {"id": "1011579794", "price": 133.04, "amount": 0.09, "side": "buy", "timestamp": 1765669371468}, {"id": "1011579795", "price": 133.03, "amount": 0.09, "side": "sell", "timestamp": 1765669372177}, {"id": "1011579796", "price": 133.04, "amount": 1.05, "side": "buy", "timestamp": 1765669372732}, {"id": "1011579797", "price": 133.04, "amount": 8.89, "side": "buy", "timestamp": 1765669373005}, {"id": "1011579798", "price": 133.03, "amount": 0.04, "side": "sell", "timestamp": 1765669373306}, {"id": "1011579799", "price": 133.04, "amount": 0.04, "side": "buy", "timestamp": 1765669374010}, {"id": "1011579800", "price": 133.04, "amount": 1.62, "side": "buy", "timestamp": 1765669374259}, {"id": "1011579845", "price": 133.04, "amount": 1.08, "side": "buy", "timestamp": 1765669395169}, {"id": "1011579846", "price": 133.03, "amount": 1.16, "side": "sell", "timestamp": 1765669395172}, {"id": "1011579847", "price": 133.03, "amount": 1.83, "side": "sell", "timestamp": 1765669396113}, {"id": "1011579848", "price": 133.04, "amount": 1.99, "side": "buy", "timestamp": 1765669396781}, {"id": "1011579849", "price": 133.04, "amount": 0.09, "side": "buy", "timestamp": 1765669397188}, {"id": "1011579850", "price": 133.03, "amount": 0.8, "side": "sell", "timestamp": 1765669397192}, {"id": "1011579851", "price": 133.03, "amount": 0.22, "side": "sell", "timestamp": 1765669397315}, {"id": "1011579852", "price": 133.04, "amount": 61.68, "side": "buy", "timestamp": 1765669398394}, {"id": "1011579853", "price": 133.03, "amount": 0.81, "side": "sell", "timestamp": 1765669398397}, {"id": "1011579854", "price": 133.04, "amount": 0.46, "side": "buy", "timestamp": 1765669398965}, {"id": "1011579855", "price": 133.03, "amount": 1.09, "side": "sell", "timestamp": 1765669399151}, {"id": "1011579856", "price": 133.03, "amount": 0.24, "side": "sell", "timestamp": 1765669399411}, {"id": "1011579857", "price": 133.03, "amount": 0.24, "side": "sell", "timestamp": 1765669399834}, {"id": "1011579858", "price": 133.03, "amount": 2.29, "side": "sell", "timestamp": 1765669400201}, {"id": "1011579859", "price": 133.03, "amount": 4.5, "side": "sell", "timestamp": 1765669400898}, {"id": "1011579860", "price": 133.03, "amount": 1.18, "side": "sell", "timestamp": 1765669402187}, {"id": "1011579861", "price": 133.03, "amount": 2.0, "side": "sell", "timestamp": 1765669402921}, {"id": "1011579862", "price": 133.03, "amount": 1.5, "side": "sell", "timestamp": 1765669403029}, {"id": "1011579863", "price": 133.04, "amount": 2.27, "side": "buy", "timestamp": 1765669404631}, {"id": "1011579864", "price": 133.03, "amount": 1.04, "side": "sell", "timestamp": 1765669404635}, {"id": "1011579865", "price": 133.03, "amount": 0.09, "side": "sell", "timestamp": 1765669405043}, {"id": "1011579866", "price": 133.03, "amount": 1.74, "side": "sell", "timestamp": 1765669408072}, {"id": "1011579867", "price": 133.04, "amount": 2.28, "side": "buy", "timestamp": 1765669409287}, {"id": "1011579868", "price": 133.03, "amount": 0.94, "side": "sell", "timestamp": 1765669409574}, {"id": "1011579869", "price": 133.03, "amount": 0.09, "side": "sell", "timestamp": 1765669411082}, {"id": "1011579870", "price": 133.03, "amount": 0.25, "side": "sell", "timestamp": 1765669411388}, {"id": "1011579871", "price": 133.03, "amount": 0.04, "side": "sell", "timestamp": 1765669412203}, {"id": "1011579872", "price": 133.04, "amount": 46.56, "side": "buy", "timestamp": 1765669414001}, {"id": "1011579873", "price": 133.03, "amount": 4.59, "side": "sell", "timestamp": 1765669414038}, {"id": "1011579874", "price": 133.03, "amount": 180.58, "side": "sell", "timestamp": 1765669415050}, {"id": "1011579875", "price": 133.04, "amount": 2.26, "side": "buy", "timestamp": 1765669415518}, {"id": "1011579876", "price": 133.03, "amount": 0.21, "side": "sell", "timestamp": 1765669415521}, {"id": "1011579877", "price": 133.03, "amount": 146.68, "side": "sell", "timestamp": 1765669415719}, {"id": "1011579878", "price": 133.03, "amount": 1.24, "side": "sell", "timestamp": 1765669416471}, {"id": "1011579879", "price": 133.03, "amount": 0.24, "side": "sell", "timestamp": 1765669417111}, {"id": "1011579880", "price": 133.04, "amount": 96.2, "side": "buy", "timestamp": 1765669417905}, {"id": "1011579881", "price": 133.03, "amount": 1.06, "side": "sell", "timestamp": 1765669420135}, {"id": "1011579882", "price": 133.03, "amount": 0.05, "side": "sell", "timestamp": 1765669420348}, {"id": "1011579883", "price": 133.04, "amount": 0.22, "side": "buy", "timestamp": 1765669422391}, {"id": "1011579884", "price": 133.03, "amount": 1.12, "side": "sell", "timestamp": 1765669422395}, {"id": "1011579885", "price": 133.03, "amount": 0.09, "side": "sell", "timestamp": 1765669423162}, {"id": "1011579886", "price": 133.03, "amount": 0.09, "side": "sell", "timestamp": 1765669424367}, {"id": "1011579887", "price": 133.04, "amount": 2.14, "side": "buy", "timestamp": 1765669424391}, {"id": "1011579888", "price": 133.03, "amount": 2.0, "side": "sell", "timestamp": 1765669424950}, {"id": "1011579889", "price": 133.03, "amount": 0.09, "side": "sell", "timestamp": 1765669426172}, {"id": "1011579890", "price": 133.03, "amount": 1.34, "side": "sell", "timestamp": 1765669426507}, {"id": "1011579891", "price": 133.03, "amount": 0.27, "side": "sell", "timestamp": 1765669427130}, {"id": "1011579892", "price": 133.03, "amount": 0.06, "side": "sell", "timestamp": 1765669427329}, {"id": "1011579893", "price": 133.03, "amount": 0.09, "side": "sell", "timestamp": 1765669427655}, {"id": "1011579894", "price": 133.04, "amount": 6.0, "side": "buy", "timestamp": 1765669428067}, {"id": "1011579939", "price": 133.03, "amount": 2.3, "side": "sell", "timestamp": 1765669450895}, {"id": "1011579940", "price": 133.04, "amount": 16.15, "side": "buy", "timestamp": 1765669450961}, {"id": "1011579941", "price": 133.03, "amount": 0.15, "side": "sell", "timestamp": 1765669451634}, {"id": "1011579942", "price": 133.03, "amount": 0.15, "side": "sell", "timestamp": 1765669451772}, {"id": "1011579943", "price": 133.03, "amount": 0.09, "side": "sell", "timestamp": 1765669453027}, {"id": "1011579944", "price": 133.03, "amount": 115.7, "side": "sell", "timestamp": 1765669453684}, {"id": "1011579945", "price": 133.03, "amount": 0.84, "side": "sell", "timestamp": 1765669455076}, {"id": "1011579946", "price": 133.04, "amount": 0.04, "side": "buy", "timestamp": 1765669455420}, {"id": "1011579947", "price": 133.03, "amount": 0.09, "side": "sell", "timestamp": 1765669456054}, {"id": "1011579948", "price": 133.03, "amount": 0.3, "side": "sell", "timestamp": 1765669456304}, {"id": "1011579949", "price": 133.03, "amount": 0.71, "side": "sell", "timestamp": 1765669456582}, {"id": "1011579950", "price": 133.03, "amount": 0.39, "side": "sell", "timestamp": 1765669457243}, {"id": "1011579951", "price": 133.04, "amount": 0.24, "side": "buy", "timestamp": 1765669457578}, {"id": "1011579952", "price": 133.03, "amount": 0.08, "side": "sell", "timestamp": 1765669457705}, {"id": "1011579953", "price": 133.03, "amount": 0.15, "side": "sell", "timestamp": 1765669458333}, {"id": "1011579954", "price": 133.03, "amount": 0.09, "side": "sell", "timestamp": 1765669459076}, {"id": "1011579955", "price": 133.03, "amount": 0.15, "side": "sell", "timestamp": 1765669459824}, {"id": "1011579956", "price": 133.03, "amount": 0.15, "side": "sell", "timestamp": 1765669459954}, {"id": "1011579957", "price": 133.03, "amount": 0.15, "side": "sell", "timestamp": 1765669460310}, {"id": "1011579958", "price": 133.03, "amount": 1.4, "side": "sell", "timestamp": 1765669460599}, {"id": "1011579959", "price": 133.03, "amount": 0.15, "side": "sell", "timestamp": 1765669460907}, {"id": "1011579960", "price": 133.03, "amount": 0.15, "side": "sell", "timestamp": 1765669462069}, {"id": "1011579961", "price": 133.04, "amount": 2.02, "side": "buy", "timestamp": 1765669462714}, {"id": "1011579962", "price": 133.04, "amount": 3.76, "side": "buy", "timestamp": 1765669463050}, {"id": "1011579963", "price": 133.03, "amount": 0.09, "side": "sell", "timestamp": 1765669463654}, {"id": "1011579964", "price": 133.03, "amount": 0.15, "side": "sell", "timestamp": 1765669463908}, {"id": "1011579965", "price": 133.03, "amount": 0.15, "side": "sell", "timestamp": 1765669464167}, {"id": "1011579966", "price": 133.04, "amount": 0.46, "side": "buy", "timestamp": 1765669464387}, {"id": "1011579967", "price": 133.03, "amount": 0.15, "side": "sell", "timestamp": 1765669465070}, {"id": "1011579968", "price": 133.03, "amount": 0.3, "side": "sell", "timestamp": 1765669465674}, {"id": "1011579969", "price": 133.03, "amount": 0.15, "side": "sell", "timestamp": 1765669467101}, {"id": "1011579970", "price": 133.04, "amount": 75.05, "side": "buy", "timestamp": 1765669467435}, {"id": "1011579971", "price": 133.03, "amount": 170.51, "side": "sell", "timestamp": 1765669467730}, {"id": "1011579972", "price": 133.02, "amount": 37.34, "side": "sell", "timestamp": 1765669467736}, {"id": "1011579973", "price": 133.01, "amount": 0.15, "side": "sell", "timestamp": 1765669468052}, {"id": "1011579974", "price": 133.02, "amount": 30.34, "side": "buy", "timestamp": 1765669468162}, {"id": "1011579975", "price": 133.01, "amount": 0.09, "side": "sell", "timestamp": 1765669470077}, {"id": "1011579976", "price": 133.01, "amount": 0.59, "side": "sell", "timestamp": 1765669470349}, {"id": "1011579977", "price": 133.02, "amount": 1.2, "side": "buy", "timestamp": 1765669470778}, {"id": "1011579978", "price": 133.02, "amount": 45.1, "side": "buy", "timestamp": 1765669471504}, {"id": "1011579979", "price": 133.02, "amount": 2.08, "side": "buy", "timestamp": 1765669472710}, {"id": "1011579980", "price": 133.02, "amount": 47.75, "side": "buy", "timestamp": 1765669473277}, {"id": "1011579981", "price": 133.01, "amount": 0.6, "side": "sell", "timestamp": 1765669473668}, {"id": "1011579982", "price": 133.01, "amount": 7.51, "side": "sell", "timestamp": 1765669473924}, {"id": "1011579983", "price": 133.02, "amount": 271.2, "side": "buy", "timestamp": 1765669474685}, {"id": "1011579984", "price": 133.02, "amount": 0.25, "side": "sell", "timestamp": 1765669475400}, {"id": "1011579985", "price": 133.02, "amount": 2.25, "side": "sell", "timestamp": 1765669475523}, {"id": "1011579986", "price": 133.02, "amount": 8.51, "side": "sell", "timestamp": 1765669476957}, {"id": "1011579987", "price": 133.02, "amount": 0.04, "side": "sell", "timestamp": 1765669477222}, {"id": "1011579988", "price": 133.02, "amount": 0.21, "side": "sell", "timestamp": 1765669477633}, {"id": "1011580070", "price": 133.02, "amount": 0.39, "side": "buy", "timestamp": 1765669514757}, {"id": "1011580071", "price": 133.01, "amount": 39.67, "side": "sell", "timestamp": 1765669515065}, {"id": "1011580072", "price": 133.01, "amount": 0.86, "side": "sell", "timestamp": 1765669515555}, {"id": "1011580073", "price": 133.01, "amount": 0.06, "side": "sell", "timestamp": 1765669515684}, {"id": "1011580074", "price": 133.02, "amount": 11.36, "side": "buy", "timestamp": 1765669516434}, {"id": "1011580075", "price": 133.01, "amount": 3.03, "side": "sell", "timestamp": 1765669516532}, {"id": "1011580076", "price": 133.02, "amount": 0.31, "side": "buy", "timestamp": 1765669517094}, {"id": "1011580077", "price": 133.01, "amount": 2.25, "side": "sell", "timestamp": 1765669517902}, {"id": "1011580078", "price": 133.01, "amount": 0.56, "side": "sell", "timestamp": 1765669518158}, {"id": "1011580079", "price": 133.02, "amount": 0.14, "side": "buy", "timestamp": 1765669519796}, {"id": "1011580080", "price": 133.02, "amount": 0.07, "side": "buy", "timestamp": 1765669519973}, {"id": "1011580081", "price": 133.02, "amount": 0.16, "side": "buy", "timestamp": 1765669520077}, {"id": "1011580082", "price": 133.02, "amount": 0.76, "side": "buy", "timestamp": 1765669520460}, {"id": "1011580083", "price": 133.02, "amount": 0.26, "side": "buy", "timestamp": 1765669521014}, {"id": "1011580084", "price": 133.01, "amount": 15.61, "side": "sell", "timestamp": 1765669521496}, {"id": "1011580085", "price": 133.02, "amount": 40.0, "side": "buy", "timestamp": 1765669522156}, {"id": "1011580086", "price": 133.02, "amount": 0.01, "side": "buy", "timestamp": 1765669523451}, {"id": "1011580087", "price": 133.02, "amount": 7.73, "side": "buy", "timestamp": 1765669523652}, {"id": "1011580088", "price": 133.01, "amount": 3.03, "side": "sell", "timestamp": 1765669524385}, {"id": "1011580089", "price": 133.02, "amount": 0.07, "side": "buy", "timestamp": 1765669524801}, {"id": "1011580090", "price": 133.02, "amount": 50.3, "side": "buy", "timestamp": 1765669524919}, {"id": "1011580091", "price": 133.01, "amount": 75.21, "side": "sell", "timestamp": 1765669524930}, {"id": "1011580092", "price": 133.01, "amount": 0.12, "side": "sell", "timestamp": 1765669525229}, {"id": "1011580093", "price": 133.02, "amount": 400.82, "side": "buy", "timestamp": 1765669527019}, {"id": "1011580094", "price": 133.01, "amount": 0.37, "side": "sell", "timestamp": 1765669527344}, {"id": "1011580095", "price": 133.02, "amount": 134.49, "side": "buy", "timestamp": 1765669527435}, {"id": "1011580096", "price": 133.02, "amount": 3.02, "side": "sell", "timestamp": 1765669527447}, {"id": "1011580097", "price": 133.03, "amount": 0.67, "side": "buy", "timestamp": 1765669527454}, {"id": "1011580098", "price": 133.02, "amount": 43.47, "side": "sell", "timestamp": 1765669527919}, {"id": "1011580099", "price": 133.02, "amount": 38.7, "side": "buy", "timestamp": 1765669528259}, {"id": "1011580100", "price": 133.01, "amount": 139.46, "side": "sell", "timestamp": 1765669528387}, {"id": "1011580101", "price": 133.0, "amount": 29.01, "side": "sell", "timestamp": 1765669528828}, {"id": "1011580102", "price": 133.01, "amount": 54.26, "side": "buy", "timestamp": 1765669529282}, {"id": "1011580103", "price": 133.0, "amount": 0.04, "side": "sell", "timestamp": 1765669529516}, {"id": "1011580104", "price": 133.01, "amount": 1.14, "side": "buy", "timestamp": 1765669530613}, {"id": "1011580105", "price": 133.01, "amount": 148.07, "side": "buy", "timestamp": 1765669530992}, {"id": "1011580106", "price": 133.0, "amount": 3.03, "side": "sell", "timestamp": 1765669531038}, {"id": "1011580107", "price": 133.01, "amount": 58.11, "side": "buy", "timestamp": 1765669531045}, {"id": "1011580108", "price": 133.01, "amount": 13.5, "side": "sell", "timestamp": 1765669531047}, {"id": "1011580109", "price": 133.02, "amount": 3.16, "side": "buy", "timestamp": 1765669531199}, {"id": "1011580110", "price": 133.02, "amount": 0.46, "side": "buy", "timestamp": 1765669531972}, {"id": "1011580111", "price": 133.01, "amount": 7.01, "side": "sell", "timestamp": 1765669531976}, {"id": "1011580112", "price": 133.02, "amount": 35.0, "side": "buy", "timestamp": 1765669532306}, {"id": "1011580113", "price": 133.01, "amount": 7.11, "side": "sell", "timestamp": 1765669532310}, {"id": "1011580114", "price": 133.01, "amount": 0.06, "side": "sell", "timestamp": 1765669532769}, {"id": "1011580115", "price": 133.02, "amount": 0.24, "side": "buy", "timestamp": 1765669532818}, {"id": "1011580116", "price": 133.02, "amount": 0.36, "side": "buy", "timestamp": 1765669533458}, {"id": "1011580117", "price": 133.01, "amount": 6.99, "side": "sell", "timestamp": 1765669533461}, {"id": "1011580118", "price": 133.01, "amount": 40.34, "side": "sell", "timestamp": 1765669533626}, {"id": "1011580119", "price": 133.01, "amount": 3.03, "side": "sell", "timestamp": 1765669534479}, {"id": "1011580170", "price": 133.02, "amount": 258.74, "side": "buy", "timestamp": 1765669560918}, {"id": "1011580171", "price": 133.01, "amount": 6.01, "side": "sell", "timestamp": 1765669561068}, {"id": "1011580172", "price": 133.02, "amount": 33.79, "side": "buy", "timestamp": 1765669561968}, {"id": "1011580173", "price": 133.01, "amount": 115.92, "side": "sell", "timestamp": 1765669562035}, {"id": "1011580174", "price": 133.02, "amount": 10.0, "side": "buy", "timestamp": 1765669562094}, {"id": "1011580175", "price": 133.01, "amount": 0.22, "side": "sell", "timestamp": 1765669563423}, {"id": "1011580176", "price": 133.01, "amount": 0.67, "side": "sell", "timestamp": 1765669563774}, {"id": "1011580177", "price": 133.02, "amount": 242.43, "side": "buy", "timestamp": 1765669564383}, {"id": "1011580178", "price": 133.02, "amount": 3.03, "side": "sell", "timestamp": 1765669564399}, {"id": "1011580179", "price": 133.03, "amount": 45.19, "side": "buy", "timestamp": 1765669564449}, {"id": "1011580180", "price": 133.04, "amount": 0.31, "side": "buy", "timestamp": 1765669564498}, {"id": "1011580181", "price": 133.04, "amount": 0.06, "side": "buy", "timestamp": 1765669565031}, {"id": "1011580182", "price": 133.04, "amount": 0.81, "side": "buy", "timestamp": 1765669566348}, {"id": "1011580183", "price": 133.04, "amount": 0.04, "side": "buy", "timestamp": 1765669566610}, {"id": "1011580184", "price": 133.04, "amount": 0.88, "side": "buy", "timestamp": 1765669569945}, {"id": "1011580185", "price": 133.03, "amount": 0.18, "side": "sell", "timestamp": 1765669571396}, {"id": "1011580186", "price": 133.03, "amount": 48.55, "side": "sell", "timestamp": 1765669571655}, {"id": "1011580187", "price": 133.04, "amount": 181.25, "side": "buy", "timestamp": 1765669571679}, {"id": "1011580188", "price": 133.05, "amount": 88.64, "side": "buy", "timestamp": 1765669571786}, {"id": "1011580189", "price": 133.06, "amount": 12.02, "side": "buy", "timestamp": 1765669572362}, {"id": "1011580190", "price": 133.06, "amount": 35.0, "side": "buy", "timestamp": 1765669573672}, {"id": "1011580191", "price": 133.06, "amount": 0.49, "side": "buy", "timestamp": 1765669573862}, {"id": "1011580192", "price": 133.05, "amount": 3.03, "side": "sell", "timestamp": 1765669574285}, {"id": "1011580193", "price": 133.06, "amount": 44.99, "side": "buy", "timestamp": 1765669574547}, {"id": "1011580194", "price": 133.06, "amount": 0.55, "side": "buy", "timestamp": 1765669576938}, {"id": "1011580195", "price": 133.06, "amount": 0.29, "side": "buy", "timestamp": 1765669577254}, {"id": "1011580196", "price": 133.05, "amount": 0.05, "side": "sell", "timestamp": 1765669577613}, {"id": "1011580197", "price": 133.06, "amount": 22.89, "side": "buy", "timestamp": 1765669577880}, {"id": "1011580198", "price": 133.06, "amount": 111.48, "side": "sell", "timestamp": 1765669577936}, {"id": "1011580199", "price": 133.07, "amount": 11.37, "side": "buy", "timestamp": 1765669578443}, {"id": "1011580200", "price": 133.07, "amount": 0.68, "side": "buy", "timestamp": 1765669579475}, {"id": "1011580201", "price": 133.06, "amount": 3.02, "side": "sell", "timestamp": 1765669579586}, {"id": "1011580202", "price": 133.07, "amount": 20.0, "side": "buy", "timestamp": 1765669580440}, {"id": "1011580203", "price": 133.06, "amount": 5.55, "side": "sell", "timestamp": 1765669580489}, {"id": "1011580204", "price": 133.06, "amount": 0.84, "side": "sell", "timestamp": 1765669581894}, {"id": "1011580205", "price": 133.07, "amount": 5.0, "side": "buy", "timestamp": 1765669583088}, {"id": "1011580206", "price": 133.07, "amount": 0.04, "side": "buy", "timestamp": 1765669583354}, {"id": "1011580207", "price": 133.07, "amount": 3.0, "side": "buy", "timestamp": 1765669583669}, {"id": "1011580208", "price": 133.07, "amount": 48.85, "side": "buy", "timestamp": 1765669583970}, {"id": "1011580209", "price": 133.08, "amount": 0.04, "side": "buy", "timestamp": 1765669584034}, {"id": "1011580210", "price": 133.08, "amount": 60.11, "side": "buy", "timestamp": 1765669584994}, {"id": "1011580211", "price": 133.08, "amount": 3.36, "side": "buy", "timestamp": 1765669585137}, {"id": "1011580212", "price": 133.08, "amount": 0.15, "side": "buy", "timestamp": 1765669586120}, {"id": "1011580213", "price": 133.08, "amount": 2.43, "side": "buy", "timestamp": 1765669586535}, {"id": "1011580214", "price": 133.08, "amount": 0.06, "side": "buy", "timestamp": 1765669586873}, {"id": "1011580215", "price": 133.08, "amount": 1.55, "side": "buy", "timestamp": 1765669587006}, {"id": "1011580216", "price": 133.08, "amount": 3.12, "side": "buy", "timestamp": 1765669587362}, {"id": "1011580217", "price": 133.08, "amount": 0.08, "side": "buy", "timestamp": 1765669587629}, {"id": "1011580218", "price": 133.08, "amount": 0.08, "side": "buy", "timestamp": 1765669587773}, {"id": "1011580219", "price": 133.08, "amount": 0.1, "side": "buy", "timestamp": 1765669587935}, {"id": "1011580324", "price": 133.12, "amount": 0.05, "side": "sell", "timestamp": 1765669622468}, {"id": "1011580325", "price": 133.13, "amount": 0.08, "side": "buy", "timestamp": 1765669622637}, {"id": "1011580326", "price": 133.12, "amount": 169.8, "side": "sell", "timestamp": 1765669622977}, {"id": "1011580327", "price": 133.11, "amount": 19.3, "side": "sell", "timestamp": 1765669623031}, {"id": "1011580328", "price": 133.1, "amount": 17.74, "side": "sell", "timestamp": 1765669623174}, {"id": "1011580329", "price": 133.09, "amount": 234.78, "side": "sell", "timestamp": 1765669623225}, {"id": "1011580330", "price": 133.09, "amount": 1.0, "side": "buy", "timestamp": 1765669623333}, {"id": "1011580331", "price": 133.09, "amount": 0.05, "side": "buy", "timestamp": 1765669623539}, {"id": "1011580332", "price": 133.08, "amount": 113.63, "side": "sell", "timestamp": 1765669623543}, {"id": "1011580333", "price": 133.09, "amount": 0.52, "side": "buy", "timestamp": 1765669623889}, {"id": "1011580334", "price": 133.09, "amount": 0.07, "side": "buy", "timestamp": 1765669624249}, {"id": "1011580335", "price": 133.08, "amount": 131.21, "side": "sell", "timestamp": 1765669624819}, {"id": "1011580336", "price": 133.08, "amount": 1.0, "side": "buy", "timestamp": 1765669624947}, {"id": "1011580337", "price": 133.08, "amount": 0.35, "side": "buy", "timestamp": 1765669625048}, {"id": "1011580338", "price": 133.07, "amount": 43.26, "side": "sell", "timestamp": 1765669625647}, {"id": "1011580339", "price": 133.07, "amount": 0.74, "side": "buy", "timestamp": 1765669626421}, {"id": "1011580340", "price": 133.06, "amount": 0.04, "side": "sell", "timestamp": 1765669627361}, {"id": "1011580341", "price": 133.07, "amount": 0.07, "side": "buy", "timestamp": 1765669627419}, {"id": "1011580342", "price": 133.07, "amount": 0.1, "side": "buy", "timestamp": 1765669628266}, {"id": "1011580343", "price": 133.06, "amount": 1.29, "side": "sell", "timestamp": 1765669628615}, {"id": "1011580344", "price": 133.06, "amount": 0.78, "side": "sell", "timestamp": 1765669628894}, {"id": "1011580345", "price": 133.06, "amount": 38.27, "side": "sell", "timestamp": 1765669629085}, {"id": "1011580346", "price": 133.06, "amount": 6.34, "side": "buy", "timestamp": 1765669629250}, {"id": "1011580347", "price": 133.05, "amount": 0.24, "side": "sell", "timestamp": 1765669629949}, {"id": "1011580348", "price": 133.05, "amount": 0.39, "side": "sell", "timestamp": 1765669630051}, {"id": "1011580349", "price": 133.06, "amount": 6.97, "side": "buy", "timestamp": 1765669631647}, {"id": "1011580350", "price": 133.05, "amount": 0.08, "side": "sell", "timestamp": 1765669631911}, {"id": "1011580351", "price": 133.06, "amount": 0.07, "side": "buy", "timestamp": 1765669632433}, {"id": "1011580352", "price": 133.06, "amount": 206.08, "side": "buy", "timestamp": 1765669632758}, {"id": "1011580353", "price": 133.07, "amount": 37.62, "side": "buy", "timestamp": 1765669632827}, {"id": "1011580354", "price": 133.08, "amount": 0.1, "side": "buy", "timestamp": 1765669633260}, {"id": "1011580355", "price": 133.08, "amount": 0.01, "side": "buy", "timestamp": 1765669633466}, {"id": "1011580356", "price": 133.08, "amount": 1.12, "side": "buy", "timestamp": 1765669634035}, {"id": "1011580357", "price": 133.08, "amount": 0.07, "side": "buy", "timestamp": 1765669634248}, {"id": "1011580358", "price": 133.07, "amount": 0.89, "side": "sell", "timestamp": 1765669634315}, {"id": "1011580359", "price": 133.08, "amount": 3.24, "side": "buy", "timestamp": 1765669634502}, {"id": "1011580360", "price": 133.08, "amount": 4.4, "side": "buy", "timestamp": 1765669635084}, {"id": "1011580361", "price": 133.08, "amount": 5.0, "side": "buy", "timestamp": 1765669635414}, {"id": "1011580362", "price": 133.08, "amount": 82.18, "side": "buy", "timestamp": 1765669636114}, {"id": "1011580363", "price": 133.07, "amount": 0.22, "side": "sell", "timestamp": 1765669637089}, {"id": "1011580364", "price": 133.08, "amount": 0.07, "side": "buy", "timestamp": 1765669637421}, {"id": "1011580365", "price": 133.07, "amount": 5.88, "side": "sell", "timestamp": 1765669637563}, {"id": "1011580366", "price": 133.07, "amount": 1.0, "side": "sell", "timestamp": 1765669637789}, {"id": "1011580367", "price": 133.07, "amount": 0.06, "side": "sell", "timestamp": 1765669637972}, {"id": "1011580368", "price": 133.08, "amount": 0.12, "side": "buy", "timestamp": 1765669638248}, {"id": "1011580369", "price": 133.08, "amount": 50.0, "side": "buy", "timestamp": 1765669638848}, {"id": "1011580370", "price": 133.08, "amount": 0.07, "side": "buy", "timestamp": 1765669639253}, {"id": "1011580371", "price": 133.08, "amount": 159.68, "side": "buy", "timestamp": 1765669639618}, {"id": "1011580372", "price": 133.08, "amount": 1.21, "side": "buy", "timestamp": 1765669639913}, {"id": "1011580373", "price": 133.08, "amount": 0.22, "side": "buy", "timestamp": 1765669640397}, {"id": "1011580441", "price": 133.1, "amount": 0.64, "side": "buy", "timestamp": 1765669675683}, {"id": "1011580442", "price": 133.1, "amount": 77.51, "side": "buy", "timestamp": 1765669675791}, {"id": "1011580443", "price": 133.09, "amount": 0.48, "side": "sell", "timestamp": 1765669676242}, {"id": "1011580444", "price": 133.1, "amount": 0.09, "side": "buy", "timestamp": 1765669676892}, {"id": "1011580445", "price": 133.1, "amount": 0.58, "side": "buy", "timestamp": 1765669677187}, {"id": "1011580446", "price": 133.1, "amount": 1.14, "side": "buy", "timestamp": 1765669677534}, {"id": "1011580447", "price": 133.09, "amount": 3.02, "side": "sell", "timestamp": 1765669677880}, {"id": "1011580448", "price": 133.1, "amount": 0.57, "side": "buy", "timestamp": 1765669678057}, {"id": "1011580449", "price": 133.1, "amount": 3.75, "side": "buy", "timestamp": 1765669679560}, {"id": "1011580450", "price": 133.09, "amount": 120.31, "side": "sell", "timestamp": 1765669679666}, {"id": "1011580451", "price": 133.1, "amount": 0.16, "side": "buy", "timestamp": 1765669679750}, {"id": "1011580452", "price": 133.09, "amount": 102.29, "side": "sell", "timestamp": 1765669680708}, {"id": "1011580453", "price": 133.08, "amount": 36.99, "side": "sell", "timestamp": 1765669680811}, {"id": "1011580454", "price": 133.08, "amount": 0.15, "side": "buy", "timestamp": 1765669680819}, {"id": "1011580455", "price": 133.07, "amount": 0.07, "side": "sell", "timestamp": 1765669680891}, {"id": "1011580456", "price": 133.07, "amount": 43.25, "side": "sell", "timestamp": 1765669681133}, {"id": "1011580457", "price": 133.07, "amount": 61.56, "side": "buy", "timestamp": 1765669681397}, {"id": "1011580458", "price": 133.06, "amount": 149.44, "side": "sell", "timestamp": 1765669681402}, {"id": "1011580459", "price": 133.07, "amount": 0.07, "side": "buy", "timestamp": 1765669681554}, {"id": "1011580460", "price": 133.07, "amount": 0.51, "side": "buy", "timestamp": 1765669681675}, {"id": "1011580461", "price": 133.06, "amount": 103.45, "side": "sell", "timestamp": 1765669681770}, {"id": "1011580462", "price": 133.07, "amount": 0.74, "side": "buy", "timestamp": 1765669682093}, {"id": "1011580463", "price": 133.07, "amount": 0.77, "side": "buy", "timestamp": 1765669682256}, {"id": "1011580464", "price": 133.07, "amount": 1.0, "side": "buy", "timestamp": 1765669682970}, {"id": "1011580465", "price": 133.06, "amount": 49.59, "side": "sell", "timestamp": 1765669683228}, {"id": "1011580466", "price": 133.07, "amount": 0.11, "side": "buy", "timestamp": 1765669683855}, {"id": "1011580467", "price": 133.06, "amount": 1.14, "side": "sell", "timestamp": 1765669684319}, {"id": "1011580468", "price": 133.06, "amount": 0.09, "side": "sell", "timestamp": 1765669684543}, {"id": "1011580469", "price": 133.07, "amount": 5.56, "side": "buy", "timestamp": 1765669684867}, {"id": "1011580470", "price": 133.06, "amount": 0.31, "side": "sell", "timestamp": 1765669685048}, {"id": "1011580471", "price": 133.06, "amount": 0.28, "side": "sell", "timestamp": 1765669685250}, {"id": "1011580472", "price": 133.07, "amount": 49.27, "side": "buy", "timestamp": 1765669685295}, {"id": "1011580473", "price": 133.06, "amount": 0.2, "side": "sell", "timestamp": 1765669685544}, {"id": "1011580474", "price": 133.07, "amount": 0.05, "side": "buy", "timestamp": 1765669685736}, {"id": "1011580475", "price": 133.06, "amount": 0.12, "side": "sell", "timestamp": 1765669685785}, {"id": "1011580476", "price": 133.07, "amount": 22.99, "side": "buy", "timestamp": 1765669686177}, {"id": "1011580477", "price": 133.06, "amount": 0.47, "side": "sell", "timestamp": 1765669686180}, {"id": "1011580478", "price": 133.07, "amount": 0.74, "side": "buy", "timestamp": 1765669686628}, {"id": "1011580479", "price": 133.07, "amount": 0.8, "side": "buy", "timestamp": 1765669686764}, {"id": "1011580480", "price": 133.06, "amount": 0.04, "side": "sell", "timestamp": 1765669686945}, {"id": "1011580481", "price": 133.06, "amount": 2.33, "side": "sell", "timestamp": 1765669687713}, {"id": "1011580482", "price": 133.07, "amount": 0.74, "side": "buy", "timestamp": 1765669688676}, {"id": "1011580483", "price": 133.07, "amount": 0.87, "side": "buy", "timestamp": 1765669689342}, {"id": "1011580484", "price": 133.06, "amount": 0.1, "side": "sell", "timestamp": 1765669691065}, {"id": "1011580485", "price": 133.07, "amount": 0.1, "side": "buy", "timestamp": 1765669691111}, {"id": "1011580486", "price": 133.07, "amount": 1.08, "side": "buy", "timestamp": 1765669691911}, {"id": "1011580487", "price": 133.07, "amount": 0.03, "side": "buy", "timestamp": 1765669692349}, {"id": "1011580488", "price": 133.06, "amount": 0.04, "side": "sell", "timestamp": 1765669692538}, {"id": "1011580489", "price": 133.07, "amount": 0.1, "side": "buy", "timestamp": 1765669692929}, {"id": "1011580490", "price": 133.07, "amount": 1.47, "side": "buy", "timestamp": 1765669694320}, {"id": "1011580521", "price": 133.07, "amount": 0.4, "side": "sell", "timestamp": 1765669716569}, {"id": "1011580522", "price": 133.08, "amount": 0.02, "side": "buy", "timestamp": 1765669716957}, {"id": "1011580523", "price": 133.07, "amount": 0.1, "side": "sell", "timestamp": 1765669717575}, {"id": "1011580524", "price": 133.08, "amount": 7.51, "side": "buy", "timestamp": 1765669717603}, {"id": "1011580525", "price": 133.08, "amount": 1.0, "side": "buy", "timestamp": 1765669718053}, {"id": "1011580526", "price": 133.08, "amount": 0.05, "side": "buy", "timestamp": 1765669719149}, {"id": "1011580527", "price": 133.07, "amount": 0.04, "side": "sell", "timestamp": 1765669719370}, {"id": "1011580528", "price": 133.07, "amount": 125.98, "side": "sell", "timestamp": 1765669719696}, {"id": "1011580529", "price": 133.06, "amount": 41.71, "side": "sell", "timestamp": 1765669719716}, {"id": "1011580530", "price": 133.06, "amount": 226.79, "side": "buy", "timestamp": 1765669720111}, {"id": "1011580531", "price": 133.05, "amount": 120.44, "side": "sell", "timestamp": 1765669720115}, {"id": "1011580532", "price": 133.06, "amount": 0.91, "side": "buy", "timestamp": 1765669722510}, {"id": "1011580533", "price": 133.06, "amount": 0.04, "side": "buy", "timestamp": 1765669723309}, {"id": "1011580534", "price": 133.06, "amount": 295.99, "side": "buy", "timestamp": 1765669723706}, {"id": "1011580535", "price": 133.07, "amount": 0.07, "side": "buy", "timestamp": 1765669724251}, {"id": "1011580536", "price": 133.06, "amount": 60.15, "side": "sell", "timestamp": 1765669724918}, {"id": "1011580537", "price": 133.06, "amount": 20.0, "side": "sell", "timestamp": 1765669726098}, {"id": "1011580538", "price": 133.07, "amount": 3.75, "side": "buy", "timestamp": 1765669726623}, {"id": "1011580539", "price": 133.06, "amount": 17.0, "side": "sell", "timestamp": 1765669726781}, {"id": "1011580540", "price": 133.07, "amount": 0.04, "side": "buy", "timestamp": 1765669727155}, {"id": "1011580541", "price": 133.06, "amount": 0.06, "side": "sell", "timestamp": 1765669727448}, {"id": "1011580542", "price": 133.07, "amount": 0.13, "side": "buy", "timestamp": 1765669727775}, {"id": "1011580543", "price": 133.06, "amount": 0.15, "side": "sell", "timestamp": 1765669727941}, {"id": "1011580544", "price": 133.07, "amount": 0.09, "side": "buy", "timestamp": 1765669728080}, {"id": "1011580545", "price": 133.06, "amount": 0.91, "side": "sell", "timestamp": 1765669728512}, {"id": "1011580546", "price": 133.06, "amount": 0.11, "side": "sell", "timestamp": 1765669729221}, {"id": "1011580547", "price": 133.06, "amount": 0.04, "side": "sell", "timestamp": 1765669729591}, {"id": "1011580548", "price": 133.06, "amount": 33.57, "side": "sell", "timestamp": 1765669730363}, {"id": "1011580549", "price": 133.07, "amount": 1.42, "side": "buy", "timestamp": 1765669731040}, {"id": "1011580550", "price": 133.07, "amount": 0.1, "side": "buy", "timestamp": 1765669731668}, {"id": "1011580551", "price": 133.06, "amount": 3.0, "side": "sell", "timestamp": 1765669733098}, {"id": "1011580552", "price": 133.07, "amount": 138.38, "side": "buy", "timestamp": 1765669733187}, {"id": "1011580553", "price": 133.08, "amount": 140.0, "side": "buy", "timestamp": 1765669733600}, {"id": "1011580554", "price": 133.08, "amount": 0.56, "side": "buy", "timestamp": 1765669733739}, {"id": "1011580555", "price": 133.08, "amount": 0.07, "side": "buy", "timestamp": 1765669734858}, {"id": "1011580556", "price": 133.08, "amount": 1.13, "side": "buy", "timestamp": 1765669735108}, {"id": "1011580557", "price": 133.08, "amount": 37.57, "side": "buy", "timestamp": 1765669735387}, {"id": "1011580558", "price": 133.08, "amount": 234.54, "side": "buy", "timestamp": 1765669739498}, {"id": "1011580559", "price": 133.09, "amount": 7.94, "side": "buy", "timestamp": 1765669739501}, {"id": "1011580560", "price": 133.08, "amount": 0.47, "side": "sell", "timestamp": 1765669741211}, {"id": "1011580561", "price": 133.09, "amount": 0.26, "side": "buy", "timestamp": 1765669741496}, {"id": "1011580562", "price": 133.09, "amount": 1.32, "side": "buy", "timestamp": 1765669742008}, {"id": "1011580563", "price": 133.08, "amount": 3.02, "side": "sell", "timestamp": 1765669743373}, {"id": "1011580564", "price": 133.09, "amount": 0.18, "side": "buy", "timestamp": 1765669744137}, {"id": "1011580565", "price": 133.09, "amount": 7.48, "side": "buy", "timestamp": 1765669744400}, {"id": "1011580566", "price": 133.08, "amount": 0.27, "side": "sell", "timestamp": 1765669744478}, {"id": "1011580567", "price": 133.09, "amount": 0.92, "side": "buy", "timestamp": 1765669744512}, {"id": "1011580568", "price": 133.09, "amount": 0.05, "side": "buy", "timestamp": 1765669744774}, {"id": "1011580569", "price": 133.08, "amount": 0.06, "side": "sell", "timestamp": 1765669745034}, {"id": "1011580570", "price": 133.08, "amount": 144.3, "side": "sell", "timestamp": 1765669745714}, {"id": "1011580637", "price": 133.0, "amount": 15.39, "side": "sell", "timestamp": 1765669775992}, {"id": "1011580638", "price": 133.0, "amount": 0.06, "side": "sell", "timestamp": 1765669776908}, {"id": "1011580639", "price": 133.01, "amount": 3.16, "side": "buy", "timestamp": 1765669777016}, {"id": "1011580640", "price": 133.01, "amount": 4.33, "side": "buy", "timestamp": 1765669777239}, {"id": "1011580641", "price": 133.01, "amount": 607.83, "side": "buy", "timestamp": 1765669778009}, {"id": "1011580642", "price": 133.02, "amount": 23.48, "side": "buy", "timestamp": 1765669778014}, {"id": "1011580643", "price": 133.01, "amount": 109.5, "side": "sell", "timestamp": 1765669778100}, {"id": "1011580644", "price": 133.01, "amount": 10.27, "side": "sell", "timestamp": 1765669778547}, {"id": "1011580645", "price": 133.02, "amount": 2.68, "side": "buy", "timestamp": 1765669778887}, {"id": "1011580646", "price": 133.02, "amount": 8.34, "side": "buy", "timestamp": 1765669778997}, {"id": "1011580647", "price": 133.02, "amount": 0.09, "side": "buy", "timestamp": 1765669779788}, {"id": "1011580648", "price": 133.02, "amount": 3.43, "side": "buy", "timestamp": 1765669780425}, {"id": "1011580649", "price": 133.02, "amount": 0.89, "side": "buy", "timestamp": 1765669780710}, {"id": "1011580650", "price": 133.02, "amount": 0.17, "side": "buy", "timestamp": 1765669781229}, {"id": "1011580651", "price": 133.02, "amount": 0.08, "side": "buy", "timestamp": 1765669781971}, {"id": "1011580652", "price": 133.02, "amount": 0.23, "side": "buy", "timestamp": 1765669783807}, {"id": "1011580653", "price": 133.01, "amount": 0.06, "side": "sell", "timestamp": 1765669783901}, {"id": "1011580654", "price": 133.02, "amount": 0.03, "side": "buy", "timestamp": 1765669784051}, {"id": "1011580655", "price": 133.01, "amount": 239.32, "side": "sell", "timestamp": 1765669784899}, {"id": "1011580656", "price": 133.02, "amount": 22.64, "side": "buy", "timestamp": 1765669785125}, {"id": "1011580657", "price": 133.02, "amount": 2.0, "side": "buy", "timestamp": 1765669785724}, {"id": "1011580658", "price": 133.01, "amount": 3.01, "side": "sell", "timestamp": 1765669785883}, {"id": "1011580659", "price": 133.01, "amount": 0.06, "side": "sell", "timestamp": 1765669787135}, {"id": "1011580660", "price": 133.02, "amount": 3.18, "side": "buy", "timestamp": 1765669787490}, {"id": "1011580661", "price": 133.01, "amount": 0.09, "side": "sell", "timestamp": 1765669787659}, {"id": "1011580662", "price": 133.01, "amount": 0.26, "side": "sell", "timestamp": 1765669787900}, {"id": "1011580663", "price": 133.02, "amount": 0.05, "side": "buy", "timestamp": 1765669788115}, {"id": "1011580664", "price": 133.02, "amount": 0.04, "side": "buy", "timestamp": 1765669788543}, {"id": "1011580665", "price": 133.01, "amount": 0.04, "side": "sell", "timestamp": 1765669789187}, {"id": "1011580666", "price": 133.02, "amount": 0.09, "side": "buy", "timestamp": 1765669789645}, {"id": "1011580667", "price": 133.01, "amount": 754.42, "side": "sell", "timestamp": 1765669789729}, {"id": "1011580668", "price": 133.0, "amount": 0.07, "side": "sell", "timestamp": 1765669792136}, {"id": "1011580669", "price": 133.01, "amount": 0.74, "side": "buy", "timestamp": 1765669792478}, {"id": "1011580670", "price": 133.0, "amount": 0.15, "side": "sell", "timestamp": 1765669792613}, {"id": "1011580671", "price": 133.01, "amount": 35.43, "side": "buy", "timestamp": 1765669793033}, {"id": "1011580672", "price": 133.0, "amount": 0.07, "side": "sell", "timestamp": 1765669795138}, {"id": "1011580673", "price": 133.01, "amount": 0.34, "side": "buy", "timestamp": 1765669795165}, {"id": "1011580674", "price": 133.01, "amount": 0.03, "side": "buy", "timestamp": 1765669795438}, {"id": "1011580675", "price": 133.01, "amount": 0.04, "side": "buy", "timestamp": 1765669795626}, {"id": "1011580676", "price": 133.0, "amount": 1.79, "side": "sell", "timestamp": 1765669795721}, {"id": "1011580677", "price": 133.01, "amount": 0.46, "side": "buy", "timestamp": 1765669798351}, {"id": "1011580678", "price": 133.01, "amount": 198.39, "side": "buy", "timestamp": 1765669798540}, {"id": "1011580679", "price": 133.01, "amount": 0.04, "side": "sell", "timestamp": 1765669798590}, {"id": "1011580680", "price": 133.01, "amount": 0.05, "side": "sell", "timestamp": 1765669799588}, {"id": "1011580681", "price": 133.01, "amount": 0.11, "side": "sell", "timestamp": 1765669799979}, {"id": "1011580682", "price": 133.02, "amount": 93.16, "side": "buy", "timestamp": 1765669800137}, {"id": "1011580683", "price": 133.02, "amount": 1.03, "side": "sell", "timestamp": 1765669800231}, {"id": "1011580684", "price": 133.03, "amount": 25.11, "side": "buy", "timestamp": 1765669800264}, {"id": "1011580685", "price": 133.04, "amount": 15.61, "side": "buy", "timestamp": 1765669800421}, {"id": "1011580686", "price": 133.05, "amount": 1.81, "side": "buy", "timestamp": 1765669800484}, {"id": "1011580745", "price": 133.09, "amount": 1.14, "side": "sell", "timestamp": 1765669831122}, {"id": "1011580746", "price": 133.09, "amount": 0.04, "side": "sell", "timestamp": 1765669831507}, {"id": "1011580747", "price": 133.1, "amount": 0.13, "side": "buy", "timestamp": 1765669832731}, {"id": "1011580748", "price": 133.1, "amount": 0.01, "side": "buy", "timestamp": 1765669833049}, {"id": "1011580749", "price": 133.1, "amount": 0.12, "side": "buy", "timestamp": 1765669833210}, {"id": "1011580750", "price": 133.09, "amount": 0.05, "side": "sell", "timestamp": 1765669833216}, {"id": "1011580751", "price": 133.1, "amount": 6.52, "side": "buy", "timestamp": 1765669833240}, {"id": "1011580752", "price": 133.09, "amount": 0.11, "side": "sell", "timestamp": 1765669833894}, {"id": "1011580753", "price": 133.1, "amount": 21.72, "side": "buy", "timestamp": 1765669834023}, {"id": "1011580754", "price": 133.1, "amount": 0.75, "side": "buy", "timestamp": 1765669834973}, {"id": "1011580755", "price": 133.1, "amount": 0.12, "side": "buy", "timestamp": 1765669835137}, {"id": "1011580756", "price": 133.09, "amount": 0.08, "side": "sell", "timestamp": 1765669836296}, {"id": "1011580757", "price": 133.09, "amount": 273.0, "side": "sell", "timestamp": 1765669836490}, {"id": "1011580758", "price": 133.1, "amount": 0.01, "side": "buy", "timestamp": 1765669837644}, {"id": "1011580759", "price": 133.09, "amount": 0.87, "side": "sell", "timestamp": 1765669837740}, {"id": "1011580760", "price": 133.1, "amount": 0.13, "side": "buy", "timestamp": 1765669837822}, {"id": "1011580761", "price": 133.1, "amount": 0.02, "side": "buy", "timestamp": 1765669837989}, {"id": "1011580762", "price": 133.1, "amount": 0.11, "side": "buy", "timestamp": 1765669838526}, {"id": "1011580763", "price": 133.1, "amount": 1.41, "side": "buy", "timestamp": 1765669838882}, {"id": "1011580764", "price": 133.09, "amount": 0.04, "side": "sell", "timestamp": 1765669839208}, {"id": "1011580765", "price": 133.09, "amount": 5.85, "side": "sell", "timestamp": 1765669839463}, {"id": "1011580766", "price": 133.1, "amount": 35.44, "side": "buy", "timestamp": 1765669839572}, {"id": "1011580767", "price": 133.1, "amount": 31.54, "side": "buy", "timestamp": 1765669840017}, {"id": "1011580768", "price": 133.1, "amount": 0.12, "side": "buy", "timestamp": 1765669840676}, {"id": "1011580769", "price": 133.09, "amount": 18.76, "side": "sell", "timestamp": 1765669841046}, {"id": "1011580770", "price": 133.1, "amount": 7.33, "side": "buy", "timestamp": 1765669841898}, {"id": "1011580771", "price": 133.09, "amount": 0.23, "side": "sell", "timestamp": 1765669844105}, {"id": "1011580772", "price": 133.1, "amount": 0.01, "side": "buy", "timestamp": 1765669845013}, {"id": "1011580773", "price": 133.1, "amount": 45.29, "side": "buy", "timestamp": 1765669845289}, {"id": "1011580774", "price": 133.1, "amount": 66.4, "side": "buy", "timestamp": 1765669845408}, {"id": "1011580775", "price": 133.1, "amount": 155.28, "side": "sell", "timestamp": 1765669845418}, {"id": "1011580776", "price": 133.1, "amount": 0.05, "side": "sell", "timestamp": 1765669846931}, {"id": "1011580777", "price": 133.11, "amount": 0.11, "side": "buy", "timestamp": 1765669846991}, {"id": "1011580778", "price": 133.1, "amount": 0.14, "side": "sell", "timestamp": 1765669847522}, {"id": "1011580779", "price": 133.1, "amount": 448.28, "side": "sell", "timestamp": 1765669847648}, {"id": "1011580780", "price": 133.1, "amount": 0.01, "side": "buy", "timestamp": 1765669848079}, {"id": "1011580781", "price": 133.1, "amount": 0.13, "side": "buy", "timestamp": 1765669848719}, {"id": "1011580782", "price": 133.09, "amount": 0.46, "side": "sell", "timestamp": 1765669849236}, {"id": "1011580783", "price": 133.1, "amount": 0.12, "side": "buy", "timestamp": 1765669849244}, {"id": "1011580784", "price": 133.09, "amount": 0.23, "side": "sell", "timestamp": 1765669849675}, {"id": "1011580785", "price": 133.1, "amount": 138.18, "side": "buy", "timestamp": 1765669849871}, {"id": "1011580786", "price": 133.1, "amount": 1.87, "side": "buy", "timestamp": 1765669850605}, {"id": "1011580787", "price": 133.1, "amount": 0.12, "side": "buy", "timestamp": 1765669850832}, {"id": "1011580788", "price": 133.09, "amount": 0.06, "side": "sell", "timestamp": 1765669851667}, {"id": "1011580789", "price": 133.1, "amount": 1.62, "side": "buy", "timestamp": 1765669852111}, {"id": "1011580790", "price": 133.09, "amount": 0.34, "side": "sell", "timestamp": 1765669852379}, {"id": "1011580791", "price": 133.1, "amount": 3.94, "side": "buy", "timestamp": 1765669852810}, {"id": "1011580792", "price": 133.1, "amount": 0.13, "side": "buy", "timestamp": 1765669853074}, {"id": "1011580793", "price": 133.09, "amount": 1.88, "side": "sell", "timestamp": 1765669853398}, {"id": "1011580794", "price": 133.09, "amount": 0.08, "side": "sell", "timestamp": 1765669854342}, {"id": "1011580944", "price": 133.15, "amount": 33.4, "side": "sell", "timestamp": 1765669892372}, {"id": "1011580945", "price": 133.15, "amount": 0.15, "side": "buy", "timestamp": 1765669892374}, {"id": "1011580946", "price": 133.14, "amount": 49.67, "side": "sell", "timestamp": 1765669892381}, {"id": "1011580947", "price": 133.14, "amount": 0.15, "side": "buy", "timestamp": 1765669892384}, {"id": "1011580948", "price": 133.13, "amount": 26.6, "side": "sell", "timestamp": 1765669892424}, {"id": "1011580949", "price": 133.12, "amount": 23.77, "side": "sell", "timestamp": 1765669892472}, {"id": "1011580950", "price": 133.11, "amount": 106.25, "side": "sell", "timestamp": 1765669892520}, {"id": "1011580951", "price": 133.1, "amount": 8.93, "side": "sell", "timestamp": 1765669892599}, {"id": "1011580952", "price": 133.09, "amount": 10.52, "side": "sell", "timestamp": 1765669892735}, {"id": "1011580953", "price": 133.09, "amount": 3.29, "side": "buy", "timestamp": 1765669893557}, {"id": "1011580954", "price": 133.08, "amount": 10.75, "side": "sell", "timestamp": 1765669893560}, {"id": "1011580955", "price": 133.08, "amount": 0.85, "side": "sell", "timestamp": 1765669893857}, {"id": "1011580956", "price": 133.09, "amount": 4.47, "side": "buy", "timestamp": 1765669894132}, {"id": "1011580957", "price": 133.08, "amount": 2.85, "side": "sell", "timestamp": 1765669894136}, {"id": "1011580958", "price": 133.09, "amount": 18.07, "side": "buy", "timestamp": 1765669894608}, {"id": "1011580959", "price": 133.09, "amount": 51.9, "side": "buy", "timestamp": 1765669894773}, {"id": "1011580960", "price": 133.1, "amount": 29.48, "side": "buy", "timestamp": 1765669894859}, {"id": "1011580961", "price": 133.11, "amount": 1.12, "side": "buy", "timestamp": 1765669895487}, {"id": "1011580962", "price": 133.1, "amount": 2.69, "side": "sell", "timestamp": 1765669895490}, {"id": "1011580963", "price": 133.1, "amount": 27.29, "side": "sell", "timestamp": 1765669895672}, {"id": "1011580964", "price": 133.11, "amount": 0.12, "side": "buy", "timestamp": 1765669896148}, {"id": "1011580965", "price": 133.1, "amount": 3.16, "side": "sell", "timestamp": 1765669896153}, {"id": "1011580966", "price": 133.11, "amount": 0.87, "side": "buy", "timestamp": 1765669896330}, {"id": "1011580967", "price": 133.1, "amount": 0.04, "side": "sell", "timestamp": 1765669896376}, {"id": "1011580968", "price": 133.11, "amount": 3.75, "side": "buy", "timestamp": 1765669896655}, {"id": "1011580969", "price": 133.11, "amount": 43.0, "side": "buy", "timestamp": 1765669896914}, {"id": "1011580970", "price": 133.11, "amount": 0.11, "side": "buy", "timestamp": 1765669897840}, {"id": "1011580971", "price": 133.1, "amount": 2.9, "side": "sell", "timestamp": 1765669897844}, {"id": "1011580972", "price": 133.11, "amount": 1.42, "side": "buy", "timestamp": 1765669898136}, {"id": "1011580973", "price": 133.1, "amount": 2.67, "side": "sell", "timestamp": 1765669898140}, {"id": "1011580974", "price": 133.11, "amount": 2.23, "side": "buy", "timestamp": 1765669898712}, {"id": "1011580975", "price": 133.1, "amount": 32.57, "side": "sell", "timestamp": 1765669899916}, {"id": "1011580976", "price": 133.1, "amount": 8.57, "side": "sell", "timestamp": 1765669900848}, {"id": "1011580977", "price": 133.11, "amount": 0.39, "side": "buy", "timestamp": 1765669901064}, {"id": "1011580978", "price": 133.11, "amount": 4.49, "side": "buy", "timestamp": 1765669902004}, {"id": "1011580979", "price": 133.1, "amount": 14.54, "side": "sell", "timestamp": 1765669902178}, {"id": "1011580980", "price": 133.1, "amount": 0.76, "side": "sell", "timestamp": 1765669903219}, {"id": "1011580981", "price": 133.11, "amount": 1.22, "side": "buy", "timestamp": 1765669904180}, {"id": "1011580982", "price": 133.1, "amount": 11.04, "side": "sell", "timestamp": 1765669904776}, {"id": "1011580983", "price": 133.11, "amount": 0.19, "side": "buy", "timestamp": 1765669904970}, {"id": "1011580984", "price": 133.11, "amount": 83.03, "side": "buy", "timestamp": 1765669905370}, {"id": "1011580985", "price": 133.1, "amount": 10.01, "side": "sell", "timestamp": 1765669905374}, {"id": "1011580986", "price": 133.11, "amount": 2.06, "side": "buy", "timestamp": 1765669906221}, {"id": "1011580987", "price": 133.1, "amount": 100.0, "side": "sell", "timestamp": 1765669906296}, {"id": "1011580988", "price": 133.11, "amount": 0.51, "side": "buy", "timestamp": 1765669906296}, {"id": "1011580989", "price": 133.1, "amount": 3.6, "side": "sell", "timestamp": 1765669906300}, {"id": "1011580990", "price": 133.11, "amount": 1.05, "side": "buy", "timestamp": 1765669906747}, {"id": "1011580991", "price": 133.11, "amount": 0.5, "side": "buy", "timestamp": 1765669906929}, {"id": "1011580992", "price": 133.1, "amount": 3.63, "side": "sell", "timestamp": 1765669907206}, {"id": "1011580993", "price": 133.11, "amount": 2.65, "side": "buy", "timestamp": 1765669907399}, {"id": "1011581079", "price": 133.18, "amount": 2.26, "side": "buy", "timestamp": 1765669937765}, {"id": "1011581080", "price": 133.18, "amount": 0.96, "side": "buy", "timestamp": 1765669940023}, {"id": "1011581081", "price": 133.18, "amount": 0.1, "side": "buy", "timestamp": 1765669941091}, {"id": "1011581082", "price": 133.18, "amount": 9.49, "side": "buy", "timestamp": 1765669942306}, {"id": "1011581083", "price": 133.18, "amount": 19.4, "side": "buy", "timestamp": 1765669942410}, {"id": "1011581084", "price": 133.17, "amount": 0.04, "side": "sell", "timestamp": 1765669942819}, {"id": "1011581085", "price": 133.17, "amount": 0.04, "side": "sell", "timestamp": 1765669943026}, {"id": "1011581086", "price": 133.18, "amount": 0.12, "side": "buy", "timestamp": 1765669943103}, {"id": "1011581087", "price": 133.18, "amount": 16.13, "side": "buy", "timestamp": 1765669943412}, {"id": "1011581088", "price": 133.17, "amount": 13.3, "side": "sell", "timestamp": 1765669943688}, {"id": "1011581089", "price": 133.17, "amount": 97.62, "side": "sell", "timestamp": 1765669944537}, {"id": "1011581090", "price": 133.16, "amount": 16.98, "side": "sell", "timestamp": 1765669944599}, {"id": "1011581091", "price": 133.16, "amount": 0.15, "side": "buy", "timestamp": 1765669944601}, {"id": "1011581092", "price": 133.16, "amount": 32.89, "side": "buy", "timestamp": 1765669945022}, {"id": "1011581093", "price": 133.16, "amount": 9.94, "side": "buy", "timestamp": 1765669945267}, {"id": "1011581094", "price": 133.15, "amount": 0.68, "side": "sell", "timestamp": 1765669945271}, {"id": "1011581095", "price": 133.16, "amount": 67.66, "side": "buy", "timestamp": 1765669946037}, {"id": "1011581096", "price": 133.16, "amount": 0.48, "side": "buy", "timestamp": 1765669947701}, {"id": "1011581097", "price": 133.15, "amount": 1.49, "side": "sell", "timestamp": 1765669947705}, {"id": "1011581098", "price": 133.16, "amount": 0.48, "side": "buy", "timestamp": 1765669947935}, {"id": "1011581099", "price": 133.15, "amount": 0.75, "side": "sell", "timestamp": 1765669948417}, {"id": "1011581100", "price": 133.16, "amount": 0.04, "side": "buy", "timestamp": 1765669949831}, {"id": "1011581101", "price": 133.15, "amount": 0.74, "side": "sell", "timestamp": 1765669949834}, {"id": "1011581102", "price": 133.16, "amount": 0.48, "side": "buy", "timestamp": 1765669949960}, {"id": "1011581103", "price": 133.15, "amount": 0.51, "side": "sell", "timestamp": 1765669950183}, {"id": "1011581104", "price": 133.16, "amount": 1.17, "side": "buy", "timestamp": 1765669950191}, {"id": "1011581105", "price": 133.15, "amount": 13.51, "side": "sell", "timestamp": 1765669950433}, {"id": "1011581106", "price": 133.15, "amount": 0.05, "side": "sell", "timestamp": 1765669950929}, {"id": "1011581107", "price": 133.15, "amount": 0.04, "side": "sell", "timestamp": 1765669951084}, {"id": "1011581108", "price": 133.16, "amount": 0.25, "side": "buy", "timestamp": 1765669951923}, {"id": "1011581109", "price": 133.15, "amount": 0.51, "side": "sell", "timestamp": 1765669951927}, {"id": "1011581110", "price": 133.16, "amount": 0.31, "side": "buy", "timestamp": 1765669952542}, {"id": "1011581111", "price": 133.15, "amount": 0.73, "side": "sell", "timestamp": 1765669952546}, {"id": "1011581112", "price": 133.16, "amount": 0.3, "side": "buy", "timestamp": 1765669953957}, {"id": "1011581113", "price": 133.15, "amount": 0.6, "side": "sell", "timestamp": 1765669953961}, {"id": "1011581114", "price": 133.16, "amount": 1.1, "side": "buy", "timestamp": 1765669953965}, {"id": "1011581115", "price": 133.15, "amount": 0.05, "side": "sell", "timestamp": 1765669954185}, {"id": "1011581116", "price": 133.15, "amount": 30.61, "side": "sell", "timestamp": 1765669954298}, {"id": "1011581117", "price": 133.15, "amount": 0.04, "side": "sell", "timestamp": 1765669954712}, {"id": "1011581118", "price": 133.16, "amount": 0.07, "side": "buy", "timestamp": 1765669954854}, {"id": "1011581119", "price": 133.16, "amount": 0.12, "side": "buy", "timestamp": 1765669956833}, {"id": "1011581120", "price": 133.15, "amount": 1.16, "side": "sell", "timestamp": 1765669956837}, {"id": "1011581121", "price": 133.15, "amount": 0.95, "side": "sell", "timestamp": 1765669958041}, {"id": "1011581122", "price": 133.15, "amount": 92.01, "side": "sell", "timestamp": 1765669958142}, {"id": "1011581123", "price": 133.16, "amount": 7.84, "side": "buy", "timestamp": 1765669959271}, {"id": "1011581124", "price": 133.15, "amount": 1.1, "side": "sell", "timestamp": 1765669959275}, {"id": "1011581125", "price": 133.16, "amount": 0.12, "side": "buy", "timestamp": 1765669959454}, {"id": "1011581126", "price": 133.15, "amount": 0.24, "side": "sell", "timestamp": 1765669959473}, {"id": "1011581127", "price": 133.15, "amount": 54.64, "side": "sell", "timestamp": 1765669960466}, {"id": "1011581128", "price": 133.14, "amount": 76.28, "side": "sell", "timestamp": 1765669960466}, {"id": "1011581174", "price": 133.15, "amount": 0.04, "side": "sell", "timestamp": 1765669984692}, {"id": "1011581175", "price": 133.15, "amount": 0.04, "side": "sell", "timestamp": 1765669985139}, {"id": "1011581176", "price": 133.16, "amount": 1.43, "side": "buy", "timestamp": 1765669985215}, {"id": "1011581177", "price": 133.15, "amount": 0.2, "side": "sell", "timestamp": 1765669985267}, {"id": "1011581178", "price": 133.15, "amount": 0.06, "side": "sell", "timestamp": 1765669985575}, {"id": "1011581179", "price": 133.16, "amount": 0.49, "side": "buy", "timestamp": 1765669989749}, {"id": "1011581180", "price": 133.16, "amount": 0.49, "side": "buy", "timestamp": 1765669989868}, {"id": "1011581181", "price": 133.16, "amount": 1.07, "side": "buy", "timestamp": 1765669990567}, {"id": "1011581182", "price": 133.16, "amount": 0.62, "side": "buy", "timestamp": 1765669990701}, {"id": "1011581183", "price": 133.16, "amount": 1.5, "side": "buy", "timestamp": 1765669992023}, {"id": "1011581184", "price": 133.16, "amount": 5.86, "side": "buy", "timestamp": 1765669992273}, {"id": "1011581185", "price": 133.16, "amount": 1.39, "side": "buy", "timestamp": 1765669993560}, {"id": "1011581186", "price": 133.16, "amount": 0.65, "side": "buy", "timestamp": 1765669993998}, {"id": "1011581187", "price": 133.15, "amount": 0.15, "side": "sell", "timestamp": 1765669994823}, {"id": "1011581188", "price": 133.15, "amount": 0.05, "side": "sell", "timestamp": 1765669995638}, {"id": "1011581189", "price": 133.15, "amount": 7.19, "side": "sell", "timestamp": 1765669995962}, {"id": "1011581190", "price": 133.16, "amount": 0.46, "side": "buy", "timestamp": 1765669997363}, {"id": "1011581191", "price": 133.16, "amount": 0.35, "side": "buy", "timestamp": 1765669997546}, {"id": "1011581192", "price": 133.16, "amount": 0.11, "side": "buy", "timestamp": 1765669997664}, {"id": "1011581193", "price": 133.15, "amount": 0.19, "side": "sell", "timestamp": 1765669997738}, {"id": "1011581194", "price": 133.16, "amount": 37.0, "side": "buy", "timestamp": 1765669998194}, {"id": "1011581195", "price": 133.15, "amount": 0.07, "side": "sell", "timestamp": 1765669998588}, {"id": "1011581196", "price": 133.16, "amount": 2.09, "side": "buy", "timestamp": 1765670000885}, {"id": "1011581197", "price": 133.16, "amount": 12.44, "side": "buy", "timestamp": 1765670001513}, {"id": "1011581198", "price": 133.15, "amount": 7.51, "side": "sell", "timestamp": 1765670001670}, {"id": "1011581199", "price": 133.15, "amount": 18.2, "side": "sell", "timestamp": 1765670002786}, {"id": "1011581200", "price": 133.15, "amount": 1.46, "side": "sell", "timestamp": 1765670003112}, {"id": "1011581201", "price": 133.15, "amount": 111.75, "side": "sell", "timestamp": 1765670003561}, {"id": "1011581202", "price": 133.16, "amount": 0.12, "side": "buy", "timestamp": 1765670004264}, {"id": "1011581203", "price": 133.16, "amount": 1.31, "side": "buy", "timestamp": 1765670005341}, {"id": "1011581204", "price": 133.15, "amount": 4.03, "side": "sell", "timestamp": 1765670005423}, {"id": "1011581205", "price": 133.16, "amount": 1.35, "side": "buy", "timestamp": 1765670005919}, {"id": "1011581206", "price": 133.15, "amount": 172.28, "side": "sell", "timestamp": 1765670006035}, {"id": "1011581207", "price": 133.14, "amount": 105.85, "side": "sell", "timestamp": 1765670006062}, {"id": "1011581208", "price": 133.13, "amount": 42.18, "side": "sell", "timestamp": 1765670006084}, {"id": "1011581209", "price": 133.12, "amount": 1.13, "side": "sell", "timestamp": 1765670007717}, {"id": "1011581210", "price": 133.12, "amount": 1.02, "side": "sell", "timestamp": 1765670008126}, {"id": "1011581211", "price": 133.13, "amount": 0.77, "side": "buy", "timestamp": 1765670009023}, {"id": "1011581212", "price": 133.13, "amount": 0.09, "side": "buy", "timestamp": 1765670009187}, {"id": "1011581213", "price": 133.12, "amount": 1.05, "side": "sell", "timestamp": 1765670009190}, {"id": "1011581214", "price": 133.13, "amount": 0.1, "side": "buy", "timestamp": 1765670010441}, {"id": "1011581215", "price": 133.12, "amount": 0.82, "side": "sell", "timestamp": 1765670010446}, {"id": "1011581216", "price": 133.12, "amount": 0.05, "side": "sell", "timestamp": 1765670010937}, {"id": "1011581217", "price": 133.12, "amount": 0.78, "side": "sell", "timestamp": 1765670011116}, {"id": "1011581218", "price": 133.13, "amount": 1.08, "side": "buy", "timestamp": 1765670012242}, {"id": "1011581219", "price": 133.12, "amount": 0.91, "side": "sell", "timestamp": 1765670012246}, {"id": "1011581220", "price": 133.13, "amount": 0.08, "side": "buy", "timestamp": 1765670013861}, {"id": "1011581221", "price": 133.12, "amount": 0.91, "side": "sell", "timestamp": 1765670013866}, {"id": "1011581222", "price": 133.13, "amount": 3.86, "side": "buy", "timestamp": 1765670014541}, {"id": "1011581223", "price": 133.12, "amount": 0.84, "side": "sell", "timestamp": 1765670014545}, {"id": "1011581286", "price": 133.13, "amount": 0.1, "side": "buy", "timestamp": 1765670041490}, {"id": "1011581287", "price": 133.12, "amount": 3.41, "side": "sell", "timestamp": 1765670042343}, {"id": "1011581288", "price": 133.13, "amount": 0.57, "side": "buy", "timestamp": 1765670042848}, {"id": "1011581289", "price": 133.12, "amount": 0.05, "side": "sell", "timestamp": 1765670042965}, {"id": "1011581290", "price": 133.13, "amount": 0.08, "side": "buy", "timestamp": 1765670043580}, {"id": "1011581291", "price": 133.13, "amount": 3.02, "side": "buy", "timestamp": 1765670043882}, {"id": "1011581292", "price": 133.12, "amount": 1.25, "side": "sell", "timestamp": 1765670044467}, {"id": "1011581293", "price": 133.12, "amount": 73.45, "side": "sell", "timestamp": 1765670044626}, {"id": "1011581294", "price": 133.11, "amount": 17.45, "side": "sell", "timestamp": 1765670044636}, {"id": "1011581295", "price": 133.11, "amount": 0.15, "side": "buy", "timestamp": 1765670044731}, {"id": "1011581296", "price": 133.11, "amount": 1.47, "side": "buy", "timestamp": 1765670045690}, {"id": "1011581297", "price": 133.1, "amount": 4.62, "side": "sell", "timestamp": 1765670045694}, {"id": "1011581298", "price": 133.1, "amount": 15.2, "side": "sell", "timestamp": 1765670045882}, {"id": "1011581299", "price": 133.1, "amount": 6.09, "side": "sell", "timestamp": 1765670048385}, {"id": "1011581300", "price": 133.11, "amount": 0.12, "side": "buy", "timestamp": 1765670048835}, {"id": "1011581301", "price": 133.11, "amount": 58.87, "side": "buy", "timestamp": 1765670049081}, {"id": "1011581302", "price": 133.11, "amount": 1.77, "side": "sell", "timestamp": 1765670049177}, {"id": "1011581303", "price": 133.12, "amount": 23.09, "side": "buy", "timestamp": 1765670049260}, {"id": "1011581304", "price": 133.12, "amount": 0.41, "side": "buy", "timestamp": 1765670050069}, {"id": "1011581305", "price": 133.12, "amount": 0.1, "side": "buy", "timestamp": 1765670051460}, {"id": "1011581306", "price": 133.11, "amount": 4.07, "side": "sell", "timestamp": 1765670051464}, {"id": "1011581307", "price": 133.12, "amount": 0.99, "side": "buy", "timestamp": 1765670051900}, {"id": "1011581308", "price": 133.11, "amount": 26.3, "side": "sell", "timestamp": 1765670053721}, {"id": "1011581309", "price": 133.12, "amount": 0.78, "side": "buy", "timestamp": 1765670053757}, {"id": "1011581310", "price": 133.12, "amount": 0.5, "side": "buy", "timestamp": 1765670054240}, {"id": "1011581311", "price": 133.12, "amount": 0.33, "side": "buy", "timestamp": 1765670054537}, {"id": "1011581312", "price": 133.12, "amount": 0.06, "side": "buy", "timestamp": 1765670054879}, {"id": "1011581313", "price": 133.11, "amount": 34.17, "side": "sell", "timestamp": 1765670055204}, {"id": "1011581314", "price": 133.12, "amount": 7.36, "side": "buy", "timestamp": 1765670055887}, {"id": "1011581315", "price": 133.12, "amount": 0.14, "side": "buy", "timestamp": 1765670056281}, {"id": "1011581316", "price": 133.12, "amount": 0.07, "side": "buy", "timestamp": 1765670056578}, {"id": "1011581317", "price": 133.12, "amount": 0.23, "side": "buy", "timestamp": 1765670057283}, {"id": "1011581318", "price": 133.12, "amount": 0.31, "side": "buy", "timestamp": 1765670058908}, {"id": "1011581319", "price": 133.11, "amount": 3.94, "side": "sell", "timestamp": 1765670060374}, {"id": "1011581320", "price": 133.12, "amount": 1.49, "side": "buy", "timestamp": 1765670060403}, {"id": "1011581321", "price": 133.12, "amount": 1.26, "side": "buy", "timestamp": 1765670060552}, {"id": "1011581322", "price": 133.12, "amount": 0.08, "side": "buy", "timestamp": 1765670061117}, {"id": "1011581323", "price": 133.11, "amount": 173.24, "side": "sell", "timestamp": 1765670061898}, {"id": "1011581324", "price": 133.11, "amount": 0.12, "side": "buy", "timestamp": 1765670063353}, {"id": "1011581325", "price": 133.1, "amount": 19.26, "side": "sell", "timestamp": 1765670063358}, {"id": "1011581326", "price": 133.11, "amount": 2.07, "side": "buy", "timestamp": 1765670063744}, {"id": "1011581327", "price": 133.11, "amount": 1.59, "side": "buy", "timestamp": 1765670063995}, {"id": "1011581328", "price": 133.1, "amount": 7.83, "side": "sell", "timestamp": 1765670064860}, {"id": "1011581329", "price": 133.11, "amount": 30.44, "side": "buy", "timestamp": 1765670065483}, {"id": "1011581330", "price": 133.11, "amount": 0.22, "side": "buy", "timestamp": 1765670065840}, {"id": "1011581331", "price": 133.11, "amount": 4.69, "side": "buy", "timestamp": 1765670067311}, {"id": "1011581332", "price": 133.11, "amount": 117.51, "side": "buy", "timestamp": 1765670067861}, {"id": "1011581333", "price": 133.11, "amount": 8.42, "side": "sell", "timestamp": 1765670067868}, {"id": "1011581334", "price": 133.11, "amount": 219.0, "side": "sell", "timestamp": 1765670067973}, {"id": "1011581335", "price": 133.11, "amount": 68.52, "side": "sell", "timestamp": 1765670068254}, {"id": "1011581419", "price": 133.08, "amount": 9.25, "side": "sell", "timestamp": 1765670101603}, {"id": "1011581420", "price": 133.09, "amount": 0.06, "side": "buy", "timestamp": 1765670101664}, {"id": "1011581421", "price": 133.08, "amount": 0.36, "side": "sell", "timestamp": 1765670101892}, {"id": "1011581422", "price": 133.09, "amount": 4.65, "side": "buy", "timestamp": 1765670102538}, {"id": "1011581423", "price": 133.08, "amount": 0.05, "side": "sell", "timestamp": 1765670102747}, {"id": "1011581424", "price": 133.08, "amount": 0.41, "side": "sell", "timestamp": 1765670103019}, {"id": "1011581425", "price": 133.09, "amount": 3.53, "side": "buy", "timestamp": 1765670103324}, {"id": "1011581426", "price": 133.09, "amount": 0.06, "side": "buy", "timestamp": 1765670103719}, {"id": "1011581427", "price": 133.09, "amount": 280.65, "side": "buy", "timestamp": 1765670104064}, {"id": "1011581428", "price": 133.09, "amount": 16.92, "side": "sell", "timestamp": 1765670104076}, {"id": "1011581429", "price": 133.1, "amount": 40.09, "side": "buy", "timestamp": 1765670104117}, {"id": "1011581430", "price": 133.1, "amount": 0.17, "side": "sell", "timestamp": 1765670104127}, {"id": "1011581431", "price": 133.11, "amount": 0.6, "side": "buy", "timestamp": 1765670104406}, {"id": "1011581432", "price": 133.1, "amount": 8.61, "side": "sell", "timestamp": 1765670104411}, {"id": "1011581433", "price": 133.1, "amount": 0.04, "side": "sell", "timestamp": 1765670104808}, {"id": "1011581434", "price": 133.1, "amount": 0.31, "side": "sell", "timestamp": 1765670105095}, {"id": "1011581435", "price": 133.1, "amount": 17.88, "side": "sell", "timestamp": 1765670106236}, {"id": "1011581436", "price": 133.1, "amount": 2.0, "side": "sell", "timestamp": 1765670106509}, {"id": "1011581437", "price": 133.1, "amount": 0.25, "side": "sell", "timestamp": 1765670107376}, {"id": "1011581438", "price": 133.1, "amount": 27.66, "side": "sell", "timestamp": 1765670107541}, {"id": "1011581439", "price": 133.11, "amount": 0.12, "side": "buy", "timestamp": 1765670108491}, {"id": "1011581440", "price": 133.1, "amount": 0.45, "side": "sell", "timestamp": 1765670108493}, {"id": "1011581441", "price": 133.1, "amount": 0.53, "side": "sell", "timestamp": 1765670109563}, {"id": "1011581442", "price": 133.11, "amount": 1.21, "side": "buy", "timestamp": 1765670109581}, {"id": "1011581443", "price": 133.11, "amount": 0.34, "side": "buy", "timestamp": 1765670109734}, {"id": "1011581444", "price": 133.11, "amount": 0.05, "side": "buy", "timestamp": 1765670109898}, {"id": "1011581445", "price": 133.11, "amount": 0.08, "side": "buy", "timestamp": 1765670110065}, {"id": "1011581446", "price": 133.1, "amount": 0.22, "side": "sell", "timestamp": 1765670110737}, {"id": "1011581447", "price": 133.1, "amount": 0.09, "side": "sell", "timestamp": 1765670111668}, {"id": "1011581448", "price": 133.1, "amount": 2.81, "side": "sell", "timestamp": 1765670111799}, {"id": "1011581449", "price": 133.11, "amount": 6.4, "side": "buy", "timestamp": 1765670112106}, {"id": "1011581450", "price": 133.11, "amount": 3.75, "side": "buy", "timestamp": 1765670112847}, {"id": "1011581451", "price": 133.1, "amount": 0.2, "side": "sell", "timestamp": 1765670112939}, {"id": "1011581452", "price": 133.1, "amount": 0.94, "side": "sell", "timestamp": 1765670113954}, {"id": "1011581453", "price": 133.1, "amount": 3.0, "side": "sell", "timestamp": 1765670114981}, {"id": "1011581454", "price": 133.1, "amount": 0.24, "side": "sell", "timestamp": 1765670115237}, {"id": "1011581455", "price": 133.1, "amount": 0.39, "side": "sell", "timestamp": 1765670116559}, {"id": "1011581456", "price": 133.1, "amount": 460.11, "side": "sell", "timestamp": 1765670117370}, {"id": "1011581457", "price": 133.09, "amount": 94.03, "side": "sell", "timestamp": 1765670117717}, {"id": "1011581458", "price": 133.09, "amount": 1.1, "side": "sell", "timestamp": 1765670118861}, {"id": "1011581459", "price": 133.1, "amount": 5.0, "side": "buy", "timestamp": 1765670119267}, {"id": "1011581460", "price": 133.1, "amount": 3.91, "side": "buy", "timestamp": 1765670119535}, {"id": "1011581461", "price": 133.09, "amount": 13.6, "side": "sell", "timestamp": 1765670119933}, {"id": "1011581462", "price": 133.09, "amount": 0.23, "side": "sell", "timestamp": 1765670120094}, {"id": "1011581463", "price": 133.09, "amount": 2.48, "side": "sell", "timestamp": 1765670120341}, {"id": "1011581464", "price": 133.09, "amount": 10.0, "side": "sell", "timestamp": 1765670120871}, {"id": "1011581465", "price": 133.09, "amount": 0.23, "side": "sell", "timestamp": 1765670121187}, {"id": "1011581466", "price": 133.1, "amount": 18.79, "side": "buy", "timestamp": 1765670121776}, {"id": "1011581467", "price": 133.09, "amount": 1.12, "side": "sell", "timestamp": 1765670122315}, {"id": "1011581468", "price": 133.1, "amount": 0.12, "side": "buy", "timestamp": 1765670122850}, {"id": "1011581551", "price": 133.11, "amount": 20.6, "side": "buy", "timestamp": 1765670156306}, {"id": "1011581552", "price": 133.1, "amount": 11.3, "side": "sell", "timestamp": 1765670156362}, {"id": "1011581553", "price": 133.1, "amount": 0.38, "side": "sell", "timestamp": 1765670156506}, {"id": "1011581554", "price": 133.1, "amount": 0.07, "side": "sell", "timestamp": 1765670157233}, {"id": "1011581555", "price": 133.1, "amount": 0.22, "side": "sell", "timestamp": 1765670157600}, {"id": "1011581556", "price": 133.11, "amount": 75.35, "side": "buy", "timestamp": 1765670157768}, {"id": "1011581557", "price": 133.12, "amount": 6.58, "side": "buy", "timestamp": 1765670157771}, {"id": "1011581558", "price": 133.12, "amount": 37.02, "side": "buy", "timestamp": 1765670158379}, {"id": "1011581559", "price": 133.13, "amount": 18.26, "side": "buy", "timestamp": 1765670158381}, {"id": "1011581560", "price": 133.12, "amount": 2.89, "side": "sell", "timestamp": 1765670158666}, {"id": "1011581561", "price": 133.13, "amount": 0.46, "side": "buy", "timestamp": 1765670158773}, {"id": "1011581562", "price": 133.12, "amount": 0.24, "side": "sell", "timestamp": 1765670159938}, {"id": "1011581563", "price": 133.12, "amount": 0.2, "side": "sell", "timestamp": 1765670160662}, {"id": "1011581564", "price": 133.12, "amount": 1.7, "side": "sell", "timestamp": 1765670160980}, {"id": "1011581565", "price": 133.12, "amount": 0.1, "side": "sell", "timestamp": 1765670161085}, {"id": "1011581566", "price": 133.13, "amount": 0.74, "side": "buy", "timestamp": 1765670161697}, {"id": "1011581567", "price": 133.12, "amount": 0.01, "side": "sell", "timestamp": 1765670162022}, {"id": "1011581568", "price": 133.13, "amount": 1.01, "side": "buy", "timestamp": 1765670162362}, {"id": "1011581569", "price": 133.13, "amount": 11.59, "side": "buy", "timestamp": 1765670162959}, {"id": "1011581570", "price": 133.12, "amount": 0.01, "side": "sell", "timestamp": 1765670163147}, {"id": "1011581571", "price": 133.13, "amount": 0.11, "side": "buy", "timestamp": 1765670163764}, {"id": "1011581572", "price": 133.12, "amount": 0.34, "side": "sell", "timestamp": 1765670164182}, {"id": "1011581573", "price": 133.13, "amount": 0.78, "side": "buy", "timestamp": 1765670164578}, {"id": "1011581574", "price": 133.13, "amount": 3.7, "side": "buy", "timestamp": 1765670164947}, {"id": "1011581575", "price": 133.12, "amount": 0.05, "side": "sell", "timestamp": 1765670165371}, {"id": "1011581576", "price": 133.12, "amount": 0.06, "side": "sell", "timestamp": 1765670165501}, {"id": "1011581577", "price": 133.13, "amount": 46.92, "side": "buy", "timestamp": 1765670165685}, {"id": "1011581578", "price": 133.13, "amount": 2.26, "side": "buy", "timestamp": 1765670165923}, {"id": "1011581579", "price": 133.12, "amount": 0.03, "side": "sell", "timestamp": 1765670166511}, {"id": "1011581580", "price": 133.13, "amount": 43.69, "side": "buy", "timestamp": 1765670166921}, {"id": "1011581581", "price": 133.14, "amount": 7.36, "side": "buy", "timestamp": 1765670166925}, {"id": "1011581582", "price": 133.13, "amount": 0.04, "side": "sell", "timestamp": 1765670167601}, {"id": "1011581583", "price": 133.13, "amount": 0.05, "side": "sell", "timestamp": 1765670168713}, {"id": "1011581584", "price": 133.13, "amount": 0.09, "side": "sell", "timestamp": 1765670169723}, {"id": "1011581585", "price": 133.14, "amount": 0.52, "side": "buy", "timestamp": 1765670169766}, {"id": "1011581586", "price": 133.14, "amount": 0.22, "side": "buy", "timestamp": 1765670169966}, {"id": "1011581587", "price": 133.14, "amount": 0.06, "side": "buy", "timestamp": 1765670170804}, {"id": "1011581588", "price": 133.13, "amount": 0.03, "side": "sell", "timestamp": 1765670170871}, {"id": "1011581589", "price": 133.13, "amount": 4.0, "side": "sell", "timestamp": 1765670171449}, {"id": "1011581590", "price": 133.14, "amount": 1.83, "side": "buy", "timestamp": 1765670171858}, {"id": "1011581591", "price": 133.13, "amount": 0.06, "side": "sell", "timestamp": 1765670171958}, {"id": "1011581592", "price": 133.14, "amount": 0.15, "side": "buy", "timestamp": 1765670172169}, {"id": "1011581593", "price": 133.13, "amount": 193.33, "side": "sell", "timestamp": 1765670172745}, {"id": "1011581594", "price": 133.14, "amount": 0.01, "side": "buy", "timestamp": 1765670173059}, {"id": "1011581595", "price": 133.13, "amount": 0.07, "side": "sell", "timestamp": 1765670173193}, {"id": "1011581596", "price": 133.13, "amount": 145.33, "side": "sell", "timestamp": 1765670173372}, {"id": "1011581597", "price": 133.12, "amount": 59.58, "side": "sell", "timestamp": 1765670173380}, {"id": "1011581598", "price": 133.11, "amount": 0.04, "side": "sell", "timestamp": 1765670174286}, {"id": "1011581599", "price": 133.11, "amount": 0.05, "side": "sell", "timestamp": 1765670175307}, {"id": "1011581600", "price": 133.11, "amount": 0.04, "side": "sell", "timestamp": 1765670175630}, {"id": "1011581642", "price": 133.08, "amount": 0.66, "side": "sell", "timestamp": 1765670203039}, {"id": "1011581643", "price": 133.09, "amount": 0.12, "side": "buy", "timestamp": 1765670203300}, {"id": "1011581644", "price": 133.08, "amount": 0.05, "side": "sell", "timestamp": 1765670203367}, {"id": "1011581645", "price": 133.09, "amount": 0.01, "side": "buy", "timestamp": 1765670203619}, {"id": "1011581646", "price": 133.09, "amount": 0.45, "side": "buy", "timestamp": 1765670204399}, {"id": "1011581647", "price": 133.09, "amount": 0.14, "side": "buy", "timestamp": 1765670204599}, {"id": "1011581648", "price": 133.09, "amount": 0.22, "side": "buy", "timestamp": 1765670205329}, {"id": "1011581649", "price": 133.09, "amount": 0.07, "side": "buy", "timestamp": 1765670205704}, {"id": "1011581650", "price": 133.08, "amount": 0.33, "side": "sell", "timestamp": 1765670206288}, {"id": "1011581651", "price": 133.09, "amount": 1.05, "side": "buy", "timestamp": 1765670207110}, {"id": "1011581652", "price": 133.08, "amount": 0.04, "side": "sell", "timestamp": 1765670207325}, {"id": "1011581653", "price": 133.08, "amount": 0.07, "side": "sell", "timestamp": 1765670207504}, {"id": "1011581654", "price": 133.09, "amount": 34.69, "side": "buy", "timestamp": 1765670208562}, {"id": "1011581655", "price": 133.08, "amount": 0.04, "side": "sell", "timestamp": 1765670209986}, {"id": "1011581656", "price": 133.08, "amount": 252.46, "side": "sell", "timestamp": 1765670210198}, {"id": "1011581657", "price": 133.09, "amount": 1.19, "side": "buy", "timestamp": 1765670210254}, {"id": "1011581658", "price": 133.09, "amount": 0.04, "side": "buy", "timestamp": 1765670212016}, {"id": "1011581659", "price": 133.09, "amount": 5.75, "side": "buy", "timestamp": 1765670212368}, {"id": "1011581660", "price": 133.09, "amount": 66.0, "side": "buy", "timestamp": 1765670213480}, {"id": "1011581661", "price": 133.1, "amount": 0.85, "side": "buy", "timestamp": 1765670213480}, {"id": "1011581662", "price": 133.1, "amount": 32.73, "side": "buy", "timestamp": 1765670213591}, {"id": "1011581663", "price": 133.11, "amount": 0.01, "side": "buy", "timestamp": 1765670213696}, {"id": "1011581664", "price": 133.11, "amount": 0.24, "side": "buy", "timestamp": 1765670214376}, {"id": "1011581665", "price": 133.11, "amount": 0.02, "side": "buy", "timestamp": 1765670214575}, {"id": "1011581666", "price": 133.11, "amount": 0.02, "side": "buy", "timestamp": 1765670214709}, {"id": "1011581667", "price": 133.11, "amount": 0.56, "side": "buy", "timestamp": 1765670215089}, {"id": "1011581668", "price": 133.1, "amount": 0.04, "side": "sell", "timestamp": 1765670215375}, {"id": "1011581669", "price": 133.11, "amount": 10.71, "side": "buy", "timestamp": 1765670215694}, {"id": "1011581670", "price": 133.12, "amount": 2.83, "side": "buy", "timestamp": 1765670215699}, {"id": "1011581671", "price": 133.12, "amount": 0.87, "side": "buy", "timestamp": 1765670216049}, {"id": "1011581672", "price": 133.12, "amount": 0.02, "side": "buy", "timestamp": 1765670216362}, {"id": "1011581673", "price": 133.11, "amount": 7.83, "side": "sell", "timestamp": 1765670216891}, {"id": "1011581674", "price": 133.12, "amount": 0.46, "side": "buy", "timestamp": 1765670216936}, {"id": "1011581675", "price": 133.11, "amount": 382.82, "side": "sell", "timestamp": 1765670219651}, {"id": "1011581676", "price": 133.11, "amount": 0.13, "side": "buy", "timestamp": 1765670219851}, {"id": "1011581677", "price": 133.1, "amount": 34.05, "side": "sell", "timestamp": 1765670220647}, {"id": "1011581678", "price": 133.1, "amount": 154.58, "side": "sell", "timestamp": 1765670220756}, {"id": "1011581679", "price": 133.11, "amount": 1.18, "side": "buy", "timestamp": 1765670221145}, {"id": "1011581680", "price": 133.1, "amount": 0.34, "side": "sell", "timestamp": 1765670221151}, {"id": "1011581681", "price": 133.1, "amount": 7.44, "side": "sell", "timestamp": 1765670221310}, {"id": "1011581682", "price": 133.1, "amount": 154.28, "side": "sell", "timestamp": 1765670222392}, {"id": "1011581683", "price": 133.1, "amount": 3.0, "side": "buy", "timestamp": 1765670223064}, {"id": "1011581684", "price": 133.1, "amount": 0.07, "side": "buy", "timestamp": 1765670223456}, {"id": "1011581685", "price": 133.1, "amount": 115.26, "side": "buy", "timestamp": 1765670224546}, {"id": "1011581686", "price": 133.1, "amount": 0.06, "side": "buy", "timestamp": 1765670225192}, {"id": "1011581687", "price": 133.1, "amount": 40.75, "side": "buy", "timestamp": 1765670226333}, {"id": "1011581688", "price": 133.09, "amount": 60.0, "side": "sell", "timestamp": 1765670227511}, {"id": "1011581689", "price": 133.09, "amount": 7.5, "side": "sell", "timestamp": 1765670228329}, {"id": "1011581690", "price": 133.09, "amount": 10.0, "side": "sell", "timestamp": 1765670228483}, {"id": "1011581691", "price": 133.09, "amount": 7.51, "side": "sell", "timestamp": 1765670229306}, {"id": "1011581725", "price": 133.12, "amount": 37.56, "side": "buy", "timestamp": 1765670252707}, {"id": "1011581726", "price": 133.11, "amount": 134.28, "side": "sell", "timestamp": 1765670253478}, {"id": "1011581727", "price": 133.12, "amount": 3.02, "side": "buy", "timestamp": 1765670253921}, {"id": "1011581728", "price": 133.12, "amount": 0.01, "side": "buy", "timestamp": 1765670254786}, {"id": "1011581729", "price": 133.12, "amount": 4.89, "side": "buy", "timestamp": 1765670255113}, {"id": "1011581730", "price": 133.11, "amount": 190.94, "side": "sell", "timestamp": 1765670255672}, {"id": "1011581731", "price": 133.11, "amount": 27.19, "side": "sell", "timestamp": 1765670255781}, {"id": "1011581732", "price": 133.11, "amount": 0.01, "side": "buy", "timestamp": 1765670255963}, {"id": "1011581733", "price": 133.1, "amount": 10.74, "side": "sell", "timestamp": 1765670256521}, {"id": "1011581734", "price": 133.1, "amount": 2726.17, "side": "sell", "timestamp": 1765670257141}, {"id": "1011581735", "price": 133.09, "amount": 0.3, "side": "sell", "timestamp": 1765670257154}, {"id": "1011581736", "price": 133.1, "amount": 3.56, "side": "buy", "timestamp": 1765670259388}, {"id": "1011581737", "price": 133.09, "amount": 218.83, "side": "sell", "timestamp": 1765670259392}, {"id": "1011581738", "price": 133.1, "amount": 0.01, "side": "buy", "timestamp": 1765670261021}, {"id": "1011581739", "price": 133.1, "amount": 43.21, "side": "buy", "timestamp": 1765670261516}, {"id": "1011581740", "price": 133.11, "amount": 0.01, "side": "buy", "timestamp": 1765670262174}, {"id": "1011581741", "price": 133.11, "amount": 0.05, "side": "buy", "timestamp": 1765670262951}, {"id": "1011581742", "price": 133.1, "amount": 0.04, "side": "sell", "timestamp": 1765670263176}, {"id": "1011581743", "price": 133.11, "amount": 15.02, "side": "buy", "timestamp": 1765670264355}, {"id": "1011581744", "price": 133.1, "amount": 2.57, "side": "sell", "timestamp": 1765670265324}, {"id": "1011581745", "price": 133.11, "amount": 0.22, "side": "buy", "timestamp": 1765670265450}, {"id": "1011581746", "price": 133.11, "amount": 0.54, "side": "buy", "timestamp": 1765670265956}, {"id": "1011581747", "price": 133.1, "amount": 4.2, "side": "sell", "timestamp": 1765670266480}, {"id": "1011581748", "price": 133.1, "amount": 0.05, "side": "sell", "timestamp": 1765670267088}, {"id": "1011581749", "price": 133.1, "amount": 3.75, "side": "sell", "timestamp": 1765670270359}, {"id": "1011581750", "price": 133.1, "amount": 0.3, "side": "sell", "timestamp": 1765670272254}, {"id": "1011581751", "price": 133.11, "amount": 2.85, "side": "buy", "timestamp": 1765670272610}, {"id": "1011581752", "price": 133.1, "amount": 0.05, "side": "sell", "timestamp": 1765670273152}, {"id": "1011581753", "price": 133.11, "amount": 0.16, "side": "buy", "timestamp": 1765670273190}, {"id": "1011581754", "price": 133.11, "amount": 0.87, "side": "buy", "timestamp": 1765670273304}, {"id": "1011581755", "price": 133.11, "amount": 0.01, "side": "buy", "timestamp": 1765670274509}, {"id": "1011581756", "price": 133.11, "amount": 0.01, "side": "buy", "timestamp": 1765670275619}, {"id": "1011581757", "price": 133.11, "amount": 6.61, "side": "buy", "timestamp": 1765670275994}, {"id": "1011581758", "price": 133.11, "amount": 0.06, "side": "buy", "timestamp": 1765670276235}, {"id": "1011581759", "price": 133.11, "amount": 1.15, "side": "buy", "timestamp": 1765670277416}, {"id": "1011581760", "price": 133.11, "amount": 0.46, "side": "buy", "timestamp": 1765670277927}, {"id": "1011581761", "price": 133.11, "amount": 0.18, "side": "buy", "timestamp": 1765670279214}, {"id": "1011581762", "price": 133.1, "amount": 0.04, "side": "sell", "timestamp": 1765670279267}, {"id": "1011581763", "price": 133.1, "amount": 0.07, "side": "sell", "timestamp": 1765670280103}, {"id": "1011581764", "price": 133.11, "amount": 0.01, "side": "buy", "timestamp": 1765670280402}, {"id": "1011581765", "price": 133.1, "amount": 0.05, "side": "sell", "timestamp": 1765670280603}, {"id": "1011581766", "price": 133.11, "amount": 31.28, "side": "buy", "timestamp": 1765670280673}, {"id": "1011581767", "price": 133.12, "amount": 2.49, "side": "buy", "timestamp": 1765670281133}, {"id": "1011581768", "price": 133.12, "amount": 28.96, "side": "buy", "timestamp": 1765670281760}, {"id": "1011581769", "price": 133.12, "amount": 207.99, "side": "buy", "timestamp": 1765670281880}, {"id": "1011581770", "price": 133.13, "amount": 3.39, "side": "buy", "timestamp": 1765670281886}, {"id": "1011581771", "price": 133.13, "amount": 5.72, "side": "buy", "timestamp": 1765670281997}, {"id": "1011581772", "price": 133.13, "amount": 0.46, "side": "buy", "timestamp": 1765670282143}, {"id": "1011581773", "price": 133.13, "amount": 0.23, "side": "buy", "timestamp": 1765670282639}, {"id": "1011581774", "price": 133.13, "amount": 0.29, "side": "buy", "timestamp": 1765670283076}, {"id": "1011581814", "price": 133.12, "amount": 68.26, "side": "sell", "timestamp": 1765670308139}, {"id": "1011581815", "price": 133.13, "amount": 0.01, "side": "buy", "timestamp": 1765670308183}, {"id": "1011581816", "price": 133.12, "amount": 74.07, "side": "sell", "timestamp": 1765670308185}, {"id": "1011581817", "price": 133.11, "amount": 0.05, "side": "sell", "timestamp": 1765670308223}, {"id": "1011581818", "price": 133.11, "amount": 307.83, "side": "sell", "timestamp": 1765670308455}, {"id": "1011581819", "price": 133.11, "amount": 0.09, "side": "sell", "timestamp": 1765670309106}, {"id": "1011581820", "price": 133.12, "amount": 28.28, "side": "buy", "timestamp": 1765670309401}, {"id": "1011581821", "price": 133.11, "amount": 0.22, "side": "sell", "timestamp": 1765670309790}, {"id": "1011581822", "price": 133.11, "amount": 0.04, "side": "sell", "timestamp": 1765670312288}, {"id": "1011581823", "price": 133.12, "amount": 0.01, "side": "buy", "timestamp": 1765670312401}, {"id": "1011581824", "price": 133.12, "amount": 2.57, "side": "buy", "timestamp": 1765670313719}, {"id": "1011581825", "price": 133.12, "amount": 17.17, "side": "buy", "timestamp": 1765670314798}, {"id": "1011581826", "price": 133.11, "amount": 70.25, "side": "sell", "timestamp": 1765670316232}, {"id": "1011581827", "price": 133.1, "amount": 33.9, "side": "sell", "timestamp": 1765670316249}, {"id": "1011581828", "price": 133.1, "amount": 8.13, "side": "buy", "timestamp": 1765670316520}, {"id": "1011581829", "price": 133.11, "amount": 0.02, "side": "buy", "timestamp": 1765670316521}, {"id": "1011581830", "price": 133.11, "amount": 2.06, "side": "buy", "timestamp": 1765670316675}, {"id": "1011581831", "price": 133.1, "amount": 0.24, "side": "sell", "timestamp": 1765670317597}, {"id": "1011581832", "price": 133.1, "amount": 5.0, "side": "sell", "timestamp": 1765670317946}, {"id": "1011581833", "price": 133.11, "amount": 2.28, "side": "buy", "timestamp": 1765670318839}, {"id": "1011581834", "price": 133.11, "amount": 5.0, "side": "buy", "timestamp": 1765670319260}, {"id": "1011581835", "price": 133.11, "amount": 0.01, "side": "buy", "timestamp": 1765670319975}, {"id": "1011581836", "price": 133.1, "amount": 0.05, "side": "sell", "timestamp": 1765670320312}, {"id": "1011581837", "price": 133.1, "amount": 0.04, "side": "sell", "timestamp": 1765670322274}, {"id": "1011581838", "price": 133.11, "amount": 5.1, "side": "buy", "timestamp": 1765670323553}, {"id": "1011581839", "price": 133.11, "amount": 0.37, "side": "buy", "timestamp": 1765670324768}, {"id": "1011581840", "price": 133.1, "amount": 1.29, "side": "sell", "timestamp": 1765670325233}, {"id": "1011581841", "price": 133.1, "amount": 0.23, "side": "sell", "timestamp": 1765670325715}, {"id": "1011581842", "price": 133.11, "amount": 126.97, "side": "buy", "timestamp": 1765670325811}, {"id": "1011581843", "price": 133.11, "amount": 1.5, "side": "sell", "timestamp": 1765670325938}, {"id": "1011581844", "price": 133.12, "amount": 0.01, "side": "buy", "timestamp": 1765670326467}, {"id": "1011581845", "price": 133.11, "amount": 77.61, "side": "sell", "timestamp": 1765670327578}, {"id": "1011581846", "price": 133.11, "amount": 0.05, "side": "sell", "timestamp": 1765670328006}, {"id": "1011581847", "price": 133.11, "amount": 0.07, "side": "sell", "timestamp": 1765670330086}, {"id": "1011581848", "price": 133.11, "amount": 1.13, "side": "sell", "timestamp": 1765670330420}, {"id": "1011581849", "price": 133.12, "amount": 21.59, "side": "buy", "timestamp": 1765670330943}, {"id": "1011581850", "price": 133.12, "amount": 0.04, "side": "buy", "timestamp": 1765670331193}, {"id": "1011581851", "price": 133.12, "amount": 0.01, "side": "buy", "timestamp": 1765670331356}, {"id": "1011581852", "price": 133.12, "amount": 0.08, "side": "buy", "timestamp": 1765670331744}, {"id": "1011581853", "price": 133.11, "amount": 4.54, "side": "sell", "timestamp": 1765670332079}, {"id": "1011581854", "price": 133.12, "amount": 4.56, "side": "buy", "timestamp": 1765670332222}, {"id": "1011581855", "price": 133.12, "amount": 1.07, "side": "buy", "timestamp": 1765670332505}, {"id": "1011581856", "price": 133.12, "amount": 0.01, "side": "buy", "timestamp": 1765670333650}, {"id": "1011581857", "price": 133.11, "amount": 165.85, "side": "sell", "timestamp": 1765670333718}, {"id": "1011581858", "price": 133.12, "amount": 0.06, "side": "buy", "timestamp": 1765670334142}, {"id": "1011581859", "price": 133.11, "amount": 0.06, "side": "sell", "timestamp": 1765670334704}, {"id": "1011581860", "price": 133.12, "amount": 0.01, "side": "buy", "timestamp": 1765670335046}, {"id": "1011581861", "price": 133.12, "amount": 0.21, "side": "buy", "timestamp": 1765670335260}, {"id": "1011581862", "price": 133.11, "amount": 95.89, "side": "sell", "timestamp": 1765670335946}, {"id": "1011581863", "price": 133.1, "amount": 139.91, "side": "sell", "timestamp": 1765670335948}, {"id": "1011581911", "price": 133.1, "amount": 0.28, "side": "buy", "timestamp": 1765670366046}, {"id": "1011581912", "price": 133.09, "amount": 0.04, "side": "sell", "timestamp": 1765670368117}, {"id": "1011581913", "price": 133.1, "amount": 0.35, "side": "buy", "timestamp": 1765670368700}, {"id": "1011581914", "price": 133.09, "amount": 3.14, "side": "sell", "timestamp": 1765670369168}, {"id": "1011581915", "price": 133.1, "amount": 0.35, "side": "buy", "timestamp": 1765670369695}, {"id": "1011581916", "price": 133.1, "amount": 0.17, "side": "buy", "timestamp": 1765670369851}, {"id": "1011581917", "price": 133.09, "amount": 0.02, "side": "sell", "timestamp": 1765670371018}, {"id": "1011581918", "price": 133.1, "amount": 0.17, "side": "buy", "timestamp": 1765670371258}, {"id": "1011581919", "price": 133.1, "amount": 0.18, "side": "buy", "timestamp": 1765670371680}, {"id": "1011581920", "price": 133.09, "amount": 0.05, "side": "sell", "timestamp": 1765670372131}, {"id": "1011581921", "price": 133.09, "amount": 0.38, "side": "sell", "timestamp": 1765670372692}, {"id": "1011581922", "price": 133.1, "amount": 0.01, "side": "buy", "timestamp": 1765670373068}, {"id": "1011581923", "price": 133.09, "amount": 0.05, "side": "sell", "timestamp": 1765670373367}, {"id": "1011581924", "price": 133.09, "amount": 1.05, "side": "sell", "timestamp": 1765670374280}, {"id": "1011581925", "price": 133.1, "amount": 46.93, "side": "buy", "timestamp": 1765670374455}, {"id": "1011581926", "price": 133.1, "amount": 0.09, "side": "buy", "timestamp": 1765670374822}, {"id": "1011581927", "price": 133.1, "amount": 6.63, "side": "buy", "timestamp": 1765670374951}, {"id": "1011581928", "price": 133.09, "amount": 864.53, "side": "sell", "timestamp": 1765670375541}, {"id": "1011581929", "price": 133.08, "amount": 81.15, "side": "sell", "timestamp": 1765670375546}, {"id": "1011581930", "price": 133.07, "amount": 29.98, "side": "sell", "timestamp": 1765670375550}, {"id": "1011581931", "price": 133.06, "amount": 8.04, "side": "sell", "timestamp": 1765670375554}, {"id": "1011581932", "price": 133.07, "amount": 18.05, "side": "buy", "timestamp": 1765670375603}, {"id": "1011581933", "price": 133.07, "amount": 0.01, "side": "buy", "timestamp": 1765670377070}, {"id": "1011581934", "price": 133.06, "amount": 57.35, "side": "sell", "timestamp": 1765670377074}, {"id": "1011581935", "price": 133.06, "amount": 0.01, "side": "buy", "timestamp": 1765670377620}, {"id": "1011581936", "price": 133.05, "amount": 238.46, "side": "sell", "timestamp": 1765670377624}, {"id": "1011581937", "price": 133.04, "amount": 0.3, "side": "sell", "timestamp": 1765670377662}, {"id": "1011581938", "price": 133.04, "amount": 28.77, "side": "sell", "timestamp": 1765670378134}, {"id": "1011581939", "price": 133.04, "amount": 0.01, "side": "buy", "timestamp": 1765670378767}, {"id": "1011581940", "price": 133.03, "amount": 2.0, "side": "sell", "timestamp": 1765670379638}, {"id": "1011581941", "price": 133.03, "amount": 0.04, "side": "sell", "timestamp": 1765670380306}, {"id": "1011581942", "price": 133.03, "amount": 940.4, "side": "sell", "timestamp": 1765670380629}, {"id": "1011581943", "price": 133.02, "amount": 396.83, "side": "sell", "timestamp": 1765670380629}, {"id": "1011581944", "price": 133.03, "amount": 86.21, "side": "buy", "timestamp": 1765670380634}, {"id": "1011581945", "price": 133.04, "amount": 0.23, "side": "buy", "timestamp": 1765670380798}, {"id": "1011581946", "price": 133.03, "amount": 1.0, "side": "sell", "timestamp": 1765670380961}, {"id": "1011581947", "price": 133.04, "amount": 43.16, "side": "buy", "timestamp": 1765670381957}, {"id": "1011581948", "price": 133.04, "amount": 11.34, "side": "sell", "timestamp": 1765670382047}, {"id": "1011581949", "price": 133.05, "amount": 0.01, "side": "buy", "timestamp": 1765670382256}, {"id": "1011581950", "price": 133.04, "amount": 0.05, "side": "sell", "timestamp": 1765670382502}, {"id": "1011581951", "price": 133.04, "amount": 0.05, "side": "sell", "timestamp": 1765670384357}, {"id": "1011581952", "price": 133.04, "amount": 184.46, "side": "sell", "timestamp": 1765670384507}, {"id": "1011581953", "price": 133.04, "amount": 0.23, "side": "sell", "timestamp": 1765670385828}, {"id": "1011581954", "price": 133.05, "amount": 0.13, "side": "buy", "timestamp": 1765670387187}, {"id": "1011581955", "price": 133.04, "amount": 12.85, "side": "sell", "timestamp": 1765670387716}, {"id": "1011581956", "price": 133.04, "amount": 1.51, "side": "sell", "timestamp": 1765670388755}, {"id": "1011581957", "price": 133.04, "amount": 0.05, "side": "sell", "timestamp": 1765670389143}, {"id": "1011581958", "price": 133.04, "amount": 1.63, "side": "sell", "timestamp": 1765670390124}, {"id": "1011581959", "price": 133.05, "amount": 0.08, "side": "buy", "timestamp": 1765670390667}, {"id": "1011581960", "price": 133.04, "amount": 0.06, "side": "sell", "timestamp": 1765670390783}]