[{"symbol": "BTCUSDT", "bids": [[87332.0, 1.39], [87331.9, 0.002], [87331.7, 0.002], [87331.6, 0.021], [87331.4, 0.002], [87331.2, 0.004], [87331.1, 0.002], [87330.7, 0.002], [87330.5, 0.002], [87330.3, 0.013], [87330.2, 0.002], [87330.1, 0.002], [87330.0, 0.007], [87329.8, 0.002], [87329.7, 0.002], [87329.2, 0.005], [87329.1, 0.003], [87328.9, 0.002], [87328.8, 0.006], [87328.7, 0.007]], "asks": [[87332.1, 6.574], [87332.2, 0.006], [87332.7, 0.131], [87332.8, 0.04], [87332.9, 0.002], [87333.0, 0.017], [87333.2, 0.002], [87333.8, 0.08], [87333.9, 0.002], [87334.0, 0.002], [87334.1, 0.644], [87334.8, 0.003], [87335.0, 0.002], [87335.1, 0.112], [87335.6, 0.003], [87335.8, 0.057], [87335.9, 0.006], [87336.0, 0.017], [87336.3, 0.002], [87336.4, 0.002]], "timestamp": "2025-12-19T17:38:08.905374+00:00"}, {"symbol": "BTCUSDT", "bids": [[87246.9, 0.341], [87246.8, 0.004], [87246.5, 0.002], [87246.1, 0.002], [87246.0, 0.064], [87245.6, 0.002], [87245.5, 0.002], [87245.4, 0.003], [87245.0, 0.002], [87244.9, 0.002], [87244.6, 0.005], [87244.4, 0.002], [87244.1, 0.003], [87244.0, 0.002], [87243.9, 0.002], [87243.8, 0.002], [87243.7, 0.012], [87243.6, 0.009], [87243.3, 0.093], [87243.2, 0.004]], "asks": [[87247.0, 3.07], [87247.1, 0.004], [87247.4, 0.002], [87247.8, 0.002], [87247.9, 0.694], [87248.0, 1.993], [87248.1, 0.002], [87248.2, 0.006], [87248.5, 0.214], [87249.0, 0.005], [87249.5, 0.002], [87249.6, 0.002], [87249.8, 0.003], [87250.0, 0.002], [87250.3, 3.085], [87250.4, 0.432], [87250.5, 0.01], [87250.6, 0.043], [87251.3, 0.138], [87251.4, 0.205]], "timestamp": "2025-12-19T17:39:01.934564+00:00"}, {"symbol": "BTCUSDT", "bids": [[87298.8, 6.918], [87298.7, 0.062], [87298.0, 0.011], [87297.6, 0.373], [87297.5, 0.002], [87297.2, 0.002], [87297.0, 0.002], [87296.8, 0.003], [87296.4, 0.004], [87296.3, 0.011], [87296.1, 0.002], [87295.8, 0.002], [87295.6, 0.005], [87295.0, 0.004], [87294.8, 0.007], [87294.6, 0.235], [87294.5, 0.018], [87294.1, 0.002], [87294.0, 0.233], [87293.7, 0.004]], "asks": [[87298.9, 0.923], [87299.0, 0.048], [87299.2, 0.002], [87299.6, 0.002], [87299.7, 0.006], [87300.0, 10.774], [87300.1, 0.006], [87300.2, 0.006], [87300.3, 0.003], [87300.5, 0.005], [87300.6, 0.002], [87300.7, 0.002], [87300.8, 0.075], [87301.2, 0.002], [87301.3, 0.005], [87301.4, 0.01], [87301.5, 0.002], [87301.7, 0.005], [87301.8, 0.002], [87301.9, 0.002]], "timestamp": "2025-12-19T17:39:55.185889+00:00"}, {"symbol": "BTCUSDT", "bids": [[87084.0, 7.833], [87083.9, 0.004], [87083.6, 0.002], [87082.8, 0.002], [87082.2, 0.002], [87082.0, 0.003], [87081.5, 0.006], [87081.2, 0.003], [87080.9, 0.002], [87080.5, 0.002], [87080.4, 0.003], [87080.3, 0.033], [87080.2, 0.046], [87080.1, 0.003], [87080.0, 0.11], [87079.9, 0.138], [87079.6, 0.002], [87079.3, 0.002], [87079.2, 0.007], [87078.8, 0.002]], "asks": [[87084.1, 0.065], [87084.2, 0.002], [87084.3, 0.002], [87084.6, 0.002], [87084.7, 0.002], [87084.9, 0.057], [87085.1, 0.002], [87086.0, 0.004], [87086.3, 0.002], [87086.7, 0.002], [87087.0, 0.002], [87087.3, 0.002], [87087.5, 0.003], [87087.6, 0.013], [87088.1, 0.002], [87088.2, 0.002], [87088.3, 0.003], [87088.5, 0.056], [87088.6, 0.002], [87088.7, 0.082]], "timestamp": "2025-12-19T17:40:48.532265+00:00"}, {"symbol": "BTCUSDT", "bids": [[86992.8, 20.256], [86992.3, 0.149], [86992.1, 0.193], [86992.0, 1.348], [86991.7, 0.734], [86991.4, 0.788], [86991.3, 0.831], [86991.2, 1.111], [86991.1, 0.855], [86991.0, 0.983], [86990.9, 2.009], [86990.8, 0.004], [86990.7, 0.002], [86990.5, 0.002], [86990.4, 0.002], [86989.5, 0.002], [86989.1, 0.002], [86988.9, 0.003], [86988.4, 0.002], [86988.1, 0.003]], "asks": [[86992.9, 0.125], [86993.0, 0.002], [86993.1, 0.002], [86993.2, 0.005], [86993.3, 0.004], [86993.4, 0.002], [86993.9, 0.005], [86994.0, 0.013], [86994.4, 0.002], [86994.7, 0.012], [86994.9, 0.002], [86995.0, 0.006], [86995.3, 0.166], [86995.4, 0.002], [86995.5, 0.005], [86995.8, 0.003], [86995.9, 0.004], [86996.0, 0.004], [86996.2, 0.007], [86996.3, 0.005]], "timestamp": "2025-12-19T17:41:40.862348+00:00"}, {"symbol": "BTCUSDT", "bids": [[87080.8, 3.173], [87080.7, 0.004], [87080.6, 0.002], [87080.5, 0.004], [87080.4, 0.328], [87080.2, 0.002], [87079.9, 0.002], [87079.8, 0.002], [87079.6, 0.002], [87079.2, 0.002], [87078.9, 0.002], [87078.8, 0.002], [87078.6, 0.013], [87078.5, 0.002], [87078.4, 0.003], [87078.3, 0.002], [87078.0, 0.225], [87077.9, 0.002], [87077.8, 0.002], [87077.7, 0.002]], "asks": [[87080.9, 3.687], [87081.0, 0.004], [87081.1, 0.002], [87081.3, 0.026], [87081.6, 0.004], [87082.1, 0.002], [87082.6, 0.002], [87082.7, 0.002], [87082.9, 0.003], [87083.1, 0.036], [87083.6, 0.002], [87083.7, 0.118], [87084.0, 0.004], [87084.1, 0.002], [87084.5, 0.003], [87084.6, 0.002], [87084.7, 0.006], [87084.8, 0.002], [87085.0, 0.002], [87085.1, 0.002]], "timestamp": "2025-12-19T17:42:33.598739+00:00"}, {"symbol": "BTCUSDT", "bids": [[87146.9, 0.976], [87146.8, 0.008], [87146.4, 0.002], [87146.1, 0.002], [87146.0, 0.002], [87145.9, 0.002], [87145.5, 0.004], [87145.2, 0.002], [87145.1, 0.002], [87145.0, 0.002], [87144.9, 0.003], [87144.7, 0.002], [87144.1, 0.003], [87144.0, 0.008], [87143.8, 0.002], [87143.7, 0.043], [87143.3, 0.003], [87143.2, 0.003], [87143.1, 0.002], [87143.0, 0.002]], "asks": [[87147.0, 2.233], [87147.1, 0.002], [87147.2, 0.035], [87147.7, 0.007], [87147.8, 0.048], [87147.9, 0.033], [87148.0, 0.016], [87148.1, 0.004], [87148.2, 0.002], [87148.4, 0.02], [87148.6, 0.004], [87148.7, 0.123], [87149.1, 0.003], [87149.2, 0.002], [87149.3, 0.003], [87149.4, 0.004], [87149.5, 0.002], [87149.7, 0.004], [87149.8, 0.003], [87149.9, 0.003]], "timestamp": "2025-12-19T17:43:26.623652+00:00"}, {"symbol": "BTCUSDT", "bids": [[87238.0, 6.902], [87237.9, 0.004], [87237.8, 0.002], [87237.5, 0.002], [87237.0, 0.006], [87236.9, 0.002], [87236.5, 0.004], [87236.2, 0.002], [87236.0, 0.005], [87235.8, 0.006], [87235.2, 0.003], [87235.1, 0.013], [87235.0, 0.003], [87234.9, 0.041], [87234.8, 0.23], [87234.6, 0.025], [87234.5, 0.003], [87234.4, 0.003], [87234.3, 0.024], [87234.1, 0.004]], "asks": [[87238.1, 0.78], [87238.2, 0.008], [87238.4, 0.007], [87238.5, 0.002], [87238.9, 0.002], [87239.1, 0.082], [87239.4, 0.002], [87239.8, 0.006], [87239.9, 0.018], [87240.0, 0.004], [87240.1, 0.002], [87240.4, 0.006], [87240.5, 0.003], [87240.9, 0.002], [87241.0, 0.002], [87241.3, 0.003], [87241.5, 0.002], [87241.6, 0.007], [87241.7, 0.002], [87241.8, 0.002]], "timestamp": "2025-12-19T17:44:19.174038+00:00"}, {"symbol": "BTCUSDT", "bids": [[87062.0, 1.839], [87061.9, 0.002], [87061.5, 0.002], [87061.0, 0.004], [87060.5, 0.006], [87060.3, 0.002], [87060.2, 0.002], [87060.1, 0.002], [87060.0, 0.002], [87059.8, 0.002], [87059.7, 0.003], [87059.4, 0.002], [87059.2, 0.003], [87059.1, 0.002], [87059.0, 0.002], [87058.8, 0.011], [87058.5, 0.002], [87058.4, 0.003], [87058.0, 0.002], [87057.6, 0.002]], "asks": [[87062.1, 5.144], [87062.2, 0.009], [87062.7, 0.002], [87062.8, 0.173], [87062.9, 1.002], [87063.2, 0.002], [87063.3, 0.005], [87063.4, 0.082], [87063.8, 0.002], [87063.9, 0.005], [87064.1, 0.003], [87064.3, 0.002], [87064.9, 0.003], [87065.0, 0.004], [87065.2, 0.002], [87065.5, 0.002], [87065.7, 0.003], [87066.0, 0.004], [87066.1, 0.006], [87066.3, 0.003]], "timestamp": "2025-12-19T17:45:12.013018+00:00"}, {"symbol": "BTCUSDT", "bids": [[86945.4, 1.384], [86945.3, 0.034], [86945.1, 0.017], [86945.0, 0.002], [86944.6, 0.104], [86944.5, 0.013], [86944.4, 0.008], [86944.1, 0.049], [86944.0, 0.015], [86943.8, 0.052], [86943.6, 0.002], [86943.5, 0.002], [86943.4, 0.067], [86943.3, 0.101], [86942.9, 0.002], [86942.8, 0.002], [86942.6, 0.002], [86942.4, 0.002], [86942.3, 0.002], [86942.2, 0.003]], "asks": [[86945.5, 1.967], [86945.6, 0.004], [86945.7, 0.079], [86945.8, 0.416], [86945.9, 0.002], [86946.1, 0.004], [86946.3, 0.011], [86946.6, 0.002], [86946.7, 0.08], [86946.8, 0.002], [86947.1, 0.002], [86947.3, 0.002], [86947.5, 0.003], [86947.6, 0.002], [86947.7, 0.002], [86947.9, 0.003], [86948.1, 0.002], [86948.2, 0.002], [86948.5, 0.003], [86948.8, 0.002]], "timestamp": "2025-12-19T17:46:05.262716+00:00"}, {"symbol": "BTCUSDT", "bids": [[86911.0, 7.543], [86910.9, 0.004], [86910.3, 0.013], [86910.0, 0.002], [86909.5, 0.008], [86909.3, 0.034], [86909.0, 0.005], [86908.5, 0.002], [86908.4, 0.002], [86908.2, 0.003], [86908.0, 0.002], [86907.6, 0.002], [86907.5, 0.002], [86907.4, 0.003], [86907.0, 0.002], [86906.7, 0.002], [86906.6, 0.052], [86906.5, 0.002], [86906.3, 0.003], [86905.9, 0.002]], "asks": [[86911.1, 2.613], [86911.2, 0.002], [86911.5, 0.002], [86911.6, 0.08], [86911.7, 0.002], [86911.8, 0.002], [86912.2, 0.002], [86912.4, 0.002], [86912.6, 0.003], [86912.8, 0.002], [86913.0, 0.004], [86913.4, 0.003], [86913.5, 0.199], [86913.6, 0.466], [86913.7, 0.002], [86913.9, 0.658], [86914.0, 0.005], [86914.2, 0.005], [86914.4, 0.004], [86914.7, 0.004]], "timestamp": "2025-12-19T17:46:58.103361+00:00"}, {"symbol": "BTCUSDT", "bids": [[86928.9, 9.537], [86928.8, 0.065], [86928.5, 0.002], [86928.3, 0.057], [86928.0, 0.002], [86927.9, 0.002], [86927.6, 0.002], [86927.1, 0.002], [86927.0, 0.002], [86926.9, 0.003], [86926.7, 0.05], [86926.5, 0.004], [86926.1, 0.003], [86925.9, 0.004], [86925.6, 0.034], [86925.4, 0.002], [86925.3, 0.005], [86925.0, 0.004], [86924.9, 0.008], [86924.8, 0.003]], "asks": [[86929.0, 1.463], [86929.1, 0.002], [86929.2, 0.003], [86929.3, 0.002], [86929.4, 0.048], [86929.6, 0.104], [86929.9, 0.002], [86930.0, 0.34], [86930.2, 0.002], [86930.4, 0.007], [86930.5, 0.002], [86931.0, 0.019], [86931.3, 0.002], [86931.5, 0.002], [86931.6, 0.023], [86931.7, 0.002], [86931.9, 0.002], [86932.0, 0.002], [86932.2, 0.007], [86932.4, 0.002]], "timestamp": "2025-12-19T17:47:51.556077+00:00"}, {"symbol": "BTCUSDT", "bids": [[87101.9, 3.807], [87101.8, 0.004], [87101.7, 0.002], [87101.6, 0.002], [87101.5, 0.004], [87101.2, 0.002], [87100.6, 0.002], [87100.4, 0.002], [87100.0, 0.298], [87099.9, 0.005], [87099.8, 0.033], [87099.5, 0.002], [87099.4, 0.044], [87099.3, 0.002], [87099.2, 0.003], [87098.6, 0.008], [87098.5, 0.002], [87098.4, 0.003], [87098.3, 0.005], [87098.2, 0.23]], "asks": [[87102.0, 0.049], [87102.1, 0.004], [87102.7, 0.08], [87102.9, 0.057], [87104.0, 0.003], [87104.1, 0.55], [87104.4, 0.002], [87104.5, 0.002], [87104.6, 0.013], [87104.8, 0.003], [87105.0, 0.002], [87105.1, 0.002], [87105.5, 0.003], [87105.6, 0.002], [87106.1, 0.002], [87106.5, 0.036], [87106.6, 0.005], [87106.7, 0.002], [87106.9, 0.109], [87107.1, 0.01]], "timestamp": "2025-12-19T17:48:45.111332+00:00"}, {"symbol": "BTCUSDT", "bids": [[87249.3, 5.834], [87249.2, 0.008], [87249.1, 0.002], [87248.9, 0.002], [87248.7, 1.816], [87248.6, 0.011], [87248.4, 0.002], [87247.9, 0.002], [87247.8, 0.002], [87247.5, 0.002], [87247.3, 0.003], [87247.0, 0.004], [87246.7, 0.003], [87246.6, 0.612], [87246.5, 0.413], [87246.4, 0.002], [87246.2, 0.002], [87246.0, 0.004], [87245.9, 0.003], [87245.6, 0.004]], "asks": [[87249.4, 1.879], [87249.5, 0.004], [87250.9, 0.007], [87251.0, 0.002], [87251.2, 0.016], [87251.4, 0.003], [87251.7, 0.002], [87252.3, 0.002], [87252.4, 0.002], [87252.6, 0.003], [87252.9, 0.002], [87253.1, 0.002], [87253.4, 0.007], [87253.6, 0.002], [87253.7, 0.053], [87253.8, 0.008], [87253.9, 0.108], [87254.1, 0.005], [87254.2, 0.003], [87254.4, 0.008]], "timestamp": "2025-12-19T17:49:37.950394+00:00"}, {"symbol": "BTCUSDT", "bids": [[87276.4, 11.768], [87276.3, 0.076], [87276.2, 0.004], [87276.1, 0.004], [87275.8, 0.101], [87275.7, 0.23], [87275.6, 0.06], [87275.5, 0.004], [87275.3, 0.02], [87275.1, 0.002], [87274.8, 0.004], [87274.6, 0.002], [87274.4, 0.003], [87274.1, 0.002], [87273.6, 0.002], [87273.5, 0.002], [87273.3, 0.003], [87273.0, 0.091], [87272.9, 0.232], [87272.8, 0.002]], "asks": [[87276.5, 0.067], [87276.6, 0.002], [87276.8, 0.004], [87277.2, 0.003], [87277.3, 0.002], [87277.4, 0.003], [87277.5, 0.015], [87277.7, 0.003], [87277.8, 0.002], [87277.9, 0.002], [87278.3, 0.002], [87278.4, 0.016], [87278.8, 0.004], [87279.0, 0.003], [87279.2, 0.002], [87279.3, 0.002], [87279.4, 0.002], [87279.6, 0.003], [87279.8, 0.002], [87280.0, 0.004]], "timestamp": "2025-12-19T17:50:31.096332+00:00"}, {"symbol": "BTCUSDT", "bids": [[87380.9, 11.193], [87380.8, 12.196], [87380.7, 4.14], [87380.4, 3.231], [87380.2, 0.364], [87380.1, 0.26], [87380.0, 3.389], [87379.9, 0.968], [87379.6, 0.115], [87379.5, 0.809], [87379.4, 0.002], [87379.1, 0.11], [87379.0, 0.11], [87378.9, 0.11], [87378.8, 0.111], [87378.6, 0.002], [87378.5, 1.183], [87378.4, 0.704], [87378.3, 0.11], [87378.2, 0.108]], "asks": [[87381.0, 0.014], [87381.1, 0.021], [87381.3, 0.006], [87381.5, 0.002], [87381.6, 0.006], [87381.7, 0.021], [87382.0, 0.023], [87382.1, 0.006], [87382.4, 0.031], [87382.5, 0.002], [87382.7, 0.013], [87382.8, 0.006], [87383.0, 0.023], [87383.3, 0.004], [87383.4, 0.004], [87383.5, 0.005], [87383.9, 0.003], [87384.0, 0.002], [87384.3, 0.019], [87384.4, 0.003]], "timestamp": "2025-12-19T17:51:24.347077+00:00"}, {"symbol": "BTCUSDT", "bids": [[87382.8, 0.014], [87382.7, 0.002], [87382.6, 0.002], [87382.5, 0.004], [87382.1, 0.004], [87381.6, 0.002], [87381.1, 0.002], [87381.0, 0.002], [87380.8, 0.005], [87380.6, 0.002], [87380.2, 0.002], [87380.1, 0.002], [87380.0, 0.003], [87379.9, 0.002], [87379.7, 0.003], [87379.6, 0.002], [87379.5, 0.004], [87379.2, 0.002], [87379.1, 0.002], [87378.9, 0.003]], "asks": [[87382.9, 4.982], [87383.0, 0.004], [87384.6, 0.002], [87384.7, 0.002], [87384.9, 0.003], [87385.0, 0.002], [87385.5, 0.002], [87385.7, 0.003], [87386.0, 0.002], [87386.5, 0.003], [87386.6, 0.006], [87387.2, 0.002], [87387.3, 0.003], [87387.7, 0.002], [87387.9, 0.017], [87388.1, 0.002], [87388.2, 0.006], [87388.3, 0.033], [87388.4, 0.221], [87388.5, 0.09]], "timestamp": "2025-12-19T17:52:17.696377+00:00"}, {"symbol": "BTCUSDT", "bids": [[87206.5, 1.426], [87206.4, 0.002], [87206.3, 0.002], [87206.2, 0.002], [87206.0, 0.002], [87205.7, 0.002], [87205.4, 0.005], [87205.2, 0.002], [87205.0, 0.002], [87204.9, 0.002], [87204.7, 0.002], [87204.5, 0.042], [87204.2, 0.004], [87204.0, 0.014], [87203.9, 0.002], [87203.8, 0.24], [87203.7, 0.002], [87203.4, 0.002], [87203.2, 0.002], [87203.0, 0.048]], "asks": [[87206.6, 8.037], [87206.7, 0.004], [87206.8, 0.002], [87206.9, 0.25], [87207.3, 0.004], [87207.4, 0.002], [87207.8, 0.002], [87208.3, 0.019], [87208.5, 0.002], [87208.6, 0.003], [87208.8, 0.082], [87209.1, 0.013], [87209.3, 0.022], [87209.9, 0.002], [87210.0, 0.006], [87210.1, 0.003], [87210.3, 0.08], [87210.5, 0.004], [87210.6, 0.006], [87210.8, 0.002]], "timestamp": "2025-12-19T17:53:10.739999+00:00"}, {"symbol": "BTCUSDT", "bids": [[87178.1, 3.473], [87178.0, 0.008], [87177.9, 0.004], [87177.5, 0.002], [87177.4, 0.002], [87177.1, 0.004], [87176.9, 0.002], [87176.6, 0.002], [87176.5, 0.005], [87176.4, 0.002], [87176.1, 0.003], [87176.0, 0.051], [87175.9, 0.002], [87175.8, 0.006], [87175.7, 0.104], [87175.6, 0.006], [87175.5, 0.002], [87175.4, 0.006], [87175.3, 0.002], [87175.1, 0.006]], "asks": [[87178.2, 6.305], [87178.3, 0.173], [87178.5, 0.002], [87179.0, 0.002], [87179.4, 0.057], [87179.5, 0.002], [87179.9, 0.063], [87180.0, 0.864], [87180.1, 0.416], [87180.2, 0.005], [87180.3, 0.002], [87180.4, 0.002], [87180.8, 0.002], [87180.9, 0.002], [87181.0, 0.003], [87181.1, 0.006], [87181.2, 0.011], [87181.3, 0.002], [87181.4, 0.002], [87181.9, 0.002]], "timestamp": "2025-12-19T17:54:04.196221+00:00"}, {"symbol": "BTCUSDT", "bids": [[87222.5, 7.144], [87222.4, 0.006], [87222.2, 0.002], [87221.7, 0.002], [87221.6, 0.017], [87221.2, 0.002], [87220.9, 0.002], [87220.8, 0.002], [87220.7, 0.002], [87220.5, 0.003], [87220.4, 0.002], [87220.0, 0.002], [87219.9, 0.002], [87219.7, 0.003], [87219.4, 0.004], [87219.0, 0.002], [87218.9, 0.005], [87218.6, 0.002], [87218.4, 0.002], [87218.2, 0.003]], "asks": [[87222.6, 2.159], [87222.7, 0.002], [87222.8, 0.002], [87223.0, 0.002], [87223.4, 0.002], [87223.5, 0.01], [87223.7, 0.002], [87224.1, 0.002], [87224.2, 0.002], [87224.5, 0.027], [87224.6, 0.005], [87224.7, 0.002], [87224.8, 0.002], [87225.0, 0.002], [87225.2, 0.004], [87225.3, 0.003], [87225.5, 0.002], [87225.6, 0.005], [87225.7, 0.064], [87225.8, 0.004]], "timestamp": "2025-12-19T17:54:57.954992+00:00"}, {"symbol": "BTCUSDT", "bids": [[87204.1, 0.009], [87204.0, 0.008], [87203.9, 0.002], [87203.8, 0.018], [87203.7, 0.002], [87203.6, 0.002], [87203.4, 0.002], [87202.9, 0.002], [87202.6, 0.003], [87202.4, 0.002], [87202.2, 0.003], [87201.9, 0.002], [87201.5, 0.006], [87201.4, 0.007], [87201.2, 0.004], [87201.0, 0.005], [87200.9, 0.004], [87200.5, 0.008], [87200.4, 0.002], [87200.3, 0.006]], "asks": [[87204.2, 3.906], [87204.3, 0.035], [87204.5, 0.004], [87204.6, 0.002], [87204.7, 0.002], [87205.0, 0.004], [87205.2, 0.002], [87205.4, 0.002], [87205.6, 0.002], [87205.7, 0.002], [87205.9, 0.347], [87206.0, 0.86], [87206.1, 0.86], [87206.2, 0.007], [87206.4, 0.057], [87206.6, 0.023], [87206.7, 0.002], [87206.8, 0.006], [87207.0, 0.003], [87207.1, 0.114]], "timestamp": "2025-12-19T17:55:51.203586+00:00"}, {"symbol": "BTCUSDT", "bids": [[87323.6, 6.872], [87323.5, 0.002], [87323.4, 0.014], [87323.3, 0.006], [87322.8, 0.003], [87322.5, 0.004], [87322.4, 0.002], [87322.0, 0.002], [87321.8, 0.003], [87321.7, 0.007], [87321.6, 0.003], [87321.2, 0.002], [87321.0, 0.008], [87320.8, 0.003], [87320.7, 0.004], [87320.6, 0.002], [87320.4, 0.006], [87320.1, 0.125], [87320.0, 0.009], [87319.9, 0.005]], "asks": [[87323.7, 0.158], [87323.8, 0.002], [87324.1, 0.002], [87324.2, 0.002], [87324.7, 0.002], [87324.9, 0.002], [87325.2, 0.002], [87325.7, 0.003], [87325.9, 0.002], [87326.0, 0.17], [87326.1, 0.08], [87326.5, 0.002], [87326.7, 0.002], [87326.8, 0.002], [87326.9, 0.003], [87327.0, 0.004], [87327.3, 0.003], [87327.5, 0.006], [87327.7, 0.002], [87327.8, 0.002]], "timestamp": "2025-12-19T17:56:44.350698+00:00"}, {"symbol": "BTCUSDT", "bids": [[87305.6, 1.474], [87305.5, 0.002], [87305.1, 0.002], [87305.0, 0.002], [87304.9, 0.002], [87304.6, 0.002], [87304.3, 0.009], [87304.1, 0.004], [87303.9, 0.002], [87303.7, 0.002], [87303.6, 0.005], [87303.2, 0.031], [87303.1, 0.002], [87303.0, 0.005], [87302.9, 0.002], [87302.8, 0.002], [87302.5, 0.002], [87302.4, 0.004], [87302.3, 0.005], [87302.2, 0.002]], "asks": [[87305.7, 2.968], [87305.8, 0.006], [87306.0, 0.004], [87306.1, 0.016], [87306.5, 0.08], [87306.6, 0.002], [87306.7, 0.002], [87307.2, 0.059], [87307.5, 0.002], [87307.6, 0.002], [87307.7, 0.003], [87308.0, 0.004], [87308.3, 0.002], [87308.5, 0.007], [87308.8, 0.002], [87309.0, 0.004], [87309.5, 0.003], [87309.6, 0.002], [87309.9, 0.015], [87310.0, 0.002]], "timestamp": "2025-12-19T17:57:37.496370+00:00"}, {"symbol": "BTCUSDT", "bids": [[87212.8, 2.2], [87212.7, 0.023], [87212.6, 0.023], [87212.3, 0.002], [87211.8, 0.002], [87211.1, 0.002], [87211.0, 0.002], [87210.8, 0.003], [87210.7, 0.002], [87210.6, 0.002], [87210.5, 0.002], [87210.0, 0.019], [87209.9, 0.005], [87209.4, 0.002], [87209.3, 0.002], [87209.2, 0.118], [87208.8, 0.002], [87208.6, 0.002], [87208.5, 0.041], [87208.4, 0.002]], "asks": [[87212.9, 1.884], [87213.0, 0.006], [87213.1, 0.002], [87213.2, 0.002], [87213.5, 0.046], [87213.6, 0.061], [87213.7, 0.002], [87214.1, 0.004], [87214.2, 0.009], [87214.3, 0.002], [87214.4, 0.05], [87214.6, 0.002], [87214.7, 0.002], [87214.9, 0.023], [87215.0, 0.006], [87215.1, 0.012], [87215.2, 0.002], [87215.3, 0.057], [87215.4, 0.003], [87215.6, 0.002]], "timestamp": "2025-12-19T17:58:30.440599+00:00"}, {"symbol": "BTCUSDT", "bids": [[87067.1, 1.512], [87067.0, 0.204], [87066.9, 0.002], [87066.8, 0.002], [87066.5, 0.002], [87066.2, 0.002], [87066.0, 0.002], [87065.9, 0.07], [87065.8, 0.1], [87065.6, 0.002], [87065.5, 0.003], [87065.4, 0.002], [87065.0, 0.002], [87064.9, 0.004], [87064.7, 0.003], [87064.4, 0.002], [87064.3, 0.002], [87064.2, 0.002], [87064.0, 0.002], [87063.9, 0.003]], "asks": [[87067.2, 4.529], [87067.3, 0.01], [87067.5, 0.004], [87067.9, 0.082], [87068.0, 0.006], [87068.2, 0.002], [87068.3, 0.002], [87068.7, 0.004], [87069.1, 0.002], [87069.2, 0.005], [87069.6, 0.061], [87069.7, 0.005], [87070.0, 0.005], [87070.1, 0.002], [87070.7, 0.002], [87070.8, 0.003], [87071.1, 0.002], [87071.2, 0.002], [87071.4, 0.013], [87071.6, 0.003]], "timestamp": "2025-12-19T17:59:23.380708+00:00"}, {"symbol": "BTCUSDT", "bids": [[86931.6, 1.173], [86931.5, 0.002], [86931.4, 0.002], [86931.3, 0.02], [86931.0, 0.006], [86930.6, 0.102], [86930.2, 0.002], [86929.9, 0.017], [86929.6, 0.002], [86929.4, 0.002], [86929.2, 0.006], [86929.0, 0.003], [86928.8, 0.004], [86928.4, 0.01], [86928.1, 0.002], [86928.0, 0.004], [86927.6, 0.003], [86927.5, 0.002], [86927.3, 0.002], [86927.2, 0.009]], "asks": [[86931.7, 7.216], [86931.8, 0.006], [86931.9, 0.002], [86932.2, 0.002], [86932.5, 0.116], [86932.7, 0.002], [86933.3, 0.002], [86933.5, 0.002], [86933.7, 0.003], [86933.9, 0.002], [86934.0, 0.002], [86934.4, 0.002], [86934.5, 0.006], [86934.6, 0.362], [86934.7, 2.602], [86934.8, 0.002], [86935.0, 0.005], [86935.3, 0.003], [86935.5, 0.002], [86935.7, 0.002]], "timestamp": "2025-12-19T18:00:17.038072+00:00"}, {"symbol": "BTCUSDT", "bids": [[86882.5, 1.293], [86882.4, 0.002], [86882.2, 0.002], [86881.9, 0.002], [86881.7, 0.002], [86881.1, 0.002], [86880.7, 0.002], [86880.3, 0.003], [86880.0, 0.002], [86879.9, 0.002], [86879.8, 0.022], [86879.7, 0.102], [86879.6, 0.011], [86879.5, 0.003], [86879.3, 0.002], [86879.0, 0.002], [86878.9, 0.013], [86878.7, 0.002], [86878.4, 0.002], [86878.2, 0.002]], "asks": [[86882.6, 2.382], [86882.7, 0.004], [86883.2, 0.004], [86883.3, 0.005], [86883.8, 0.002], [86884.2, 0.002], [86884.3, 0.002], [86884.6, 0.003], [86884.8, 0.002], [86885.0, 0.022], [86885.1, 0.002], [86885.3, 0.004], [86885.4, 0.018], [86885.5, 0.004], [86885.8, 0.046], [86886.0, 0.002], [86886.2, 0.003], [86886.3, 0.002], [86886.4, 0.002], [86886.5, 0.006]], "timestamp": "2025-12-19T18:01:10.799116+00:00"}, {"symbol": "BTCUSDT", "bids": [[87046.5, 0.623], [87046.4, 0.004], [87046.3, 0.006], [87046.0, 0.012], [87045.7, 0.002], [87045.6, 0.002], [87045.4, 0.005], [87044.9, 0.002], [87044.5, 0.003], [87044.3, 0.002], [87044.2, 0.002], [87043.7, 0.005], [87043.2, 0.002], [87043.1, 0.002], [87042.9, 0.003], [87042.6, 0.066], [87042.5, 0.004], [87042.1, 0.003], [87042.0, 0.002], [87041.8, 0.002]], "asks": [[87046.6, 2.538], [87046.7, 0.04], [87046.8, 0.014], [87047.0, 0.002], [87047.1, 0.002], [87047.6, 0.002], [87047.9, 0.002], [87048.0, 0.006], [87048.1, 0.002], [87048.2, 0.014], [87048.3, 0.016], [87048.4, 0.002], [87048.6, 0.002], [87048.9, 0.012], [87049.0, 0.017], [87049.1, 0.002], [87049.3, 0.008], [87049.6, 0.004], [87049.7, 0.014], [87049.8, 0.006]], "timestamp": "2025-12-19T18:02:03.534876+00:00"}, {"symbol": "BTCUSDT", "bids": [[87066.3, 7.83], [87066.2, 0.006], [87066.0, 0.015], [87065.4, 0.002], [87065.1, 0.04], [87064.9, 0.002], [87064.6, 0.006], [87064.4, 0.002], [87064.3, 0.026], [87064.2, 0.002], [87063.8, 0.115], [87063.7, 0.23], [87063.6, 0.002], [87063.5, 0.003], [87063.3, 0.002], [87063.0, 0.051], [87062.9, 0.005], [87062.7, 0.003], [87062.4, 0.025], [87062.3, 0.002]], "asks": [[87066.4, 0.929], [87066.5, 0.002], [87066.6, 0.002], [87067.3, 0.006], [87067.5, 0.004], [87067.7, 0.002], [87067.8, 0.002], [87068.3, 0.004], [87068.4, 0.002], [87068.6, 0.002], [87068.8, 0.007], [87069.2, 0.002], [87069.4, 0.002], [87069.6, 0.003], [87069.9, 0.002], [87070.0, 0.004], [87070.1, 0.006], [87070.4, 0.003], [87070.6, 0.002], [87070.7, 0.003]], "timestamp": "2025-12-19T18:02:56.683041+00:00"}, {"symbol": "BTCUSDT", "bids": [[86997.5, 2.84], [86997.4, 0.004], [86997.1, 0.002], [86997.0, 0.002], [86996.6, 0.005], [86996.1, 0.005], [86996.0, 0.004], [86995.7, 0.002], [86995.6, 0.002], [86995.4, 0.002], [86995.3, 0.003], [86995.2, 0.028], [86995.1, 0.128], [86995.0, 0.004], [86994.9, 0.003], [86994.8, 0.008], [86994.7, 0.002], [86994.6, 0.004], [86994.5, 0.003], [86994.4, 0.004]], "asks": [[86997.6, 4.411], [86997.7, 0.052], [86997.8, 0.105], [86998.0, 0.002], [86998.3, 0.004], [86998.5, 0.002], [86998.7, 0.017], [86999.0, 0.002], [86999.2, 0.004], [86999.4, 0.038], [86999.6, 0.002], [86999.8, 0.003], [87000.0, 0.004], [87000.1, 0.084], [87000.3, 0.024], [87000.6, 0.005], [87000.9, 0.002], [87001.1, 0.004], [87001.2, 0.003], [87001.3, 0.002]], "timestamp": "2025-12-19T18:03:50.035860+00:00"}, {"symbol": "BTCUSDT", "bids": [[87039.4, 1.625], [87039.3, 0.002], [87039.2, 0.004], [87039.0, 0.002], [87038.8, 0.004], [87038.6, 0.002], [87038.3, 0.002], [87038.0, 0.012], [87037.8, 0.002], [87037.6, 0.005], [87037.3, 0.002], [87037.2, 0.003], [87036.9, 0.004], [87036.8, 0.002], [87036.7, 0.003], [87036.5, 0.006], [87036.3, 0.007], [87036.2, 0.006], [87036.1, 0.437], [87036.0, 0.005]], "asks": [[87039.5, 9.585], [87039.6, 0.006], [87039.9, 0.002], [87040.2, 0.002], [87040.7, 0.002], [87041.2, 0.002], [87041.3, 0.002], [87041.5, 0.002], [87041.6, 0.003], [87041.7, 0.002], [87042.2, 0.002], [87042.4, 0.003], [87042.6, 0.09], [87042.7, 0.082], [87043.1, 0.003], [87043.2, 0.115], [87043.3, 0.002], [87043.4, 0.002], [87043.5, 0.002], [87043.9, 0.005]], "timestamp": "2025-12-19T18:04:43.999092+00:00"}, {"symbol": "BTCUSDT", "bids": [[87085.0, 4.106], [87084.9, 0.004], [87084.8, 0.068], [87084.6, 0.002], [87084.1, 0.002], [87084.0, 0.004], [87083.4, 0.002], [87083.1, 0.002], [87083.0, 0.003], [87082.9, 0.002], [87082.8, 0.008], [87082.5, 0.003], [87082.2, 0.002], [87082.1, 0.034], [87081.7, 0.003], [87081.6, 0.002], [87081.4, 0.176], [87081.3, 0.119], [87081.1, 0.003], [87080.8, 0.002]], "asks": [[87085.1, 2.54], [87085.2, 0.002], [87085.4, 0.019], [87085.7, 0.214], [87085.9, 0.004], [87086.2, 0.003], [87086.4, 0.002], [87086.7, 0.002], [87086.9, 0.002], [87087.0, 0.004], [87087.1, 0.003], [87087.4, 0.002], [87087.5, 0.004], [87087.6, 0.004], [87087.8, 0.003], [87088.0, 0.002], [87088.1, 0.002], [87088.2, 0.047], [87088.3, 0.08], [87088.5, 0.002]], "timestamp": "2025-12-19T18:05:37.145650+00:00"}, {"symbol": "BTCUSDT", "bids": [[87052.4, 5.19], [87052.3, 0.046], [87052.2, 0.002], [87051.9, 0.002], [87051.7, 0.002], [87051.2, 0.002], [87050.7, 0.004], [87050.6, 0.002], [87050.4, 0.003], [87050.2, 0.004], [87050.0, 0.002], [87049.7, 0.002], [87049.6, 0.003], [87049.3, 0.005], [87049.2, 0.232], [87049.0, 0.115], [87048.8, 0.003], [87048.7, 0.002], [87048.4, 0.002], [87048.3, 0.002]], "asks": [[87052.5, 1.31], [87052.6, 0.004], [87052.7, 0.008], [87053.2, 0.004], [87053.3, 0.011], [87053.7, 0.002], [87053.8, 0.006], [87054.2, 0.002], [87054.4, 0.003], [87054.5, 0.002], [87054.8, 0.007], [87054.9, 0.003], [87055.0, 0.002], [87055.1, 0.037], [87055.2, 0.04], [87055.3, 0.006], [87055.5, 0.002], [87055.6, 0.004], [87055.8, 0.002], [87055.9, 0.023]], "timestamp": "2025-12-19T18:06:29.984121+00:00"}, {"symbol": "BTCUSDT", "bids": [[87070.0, 1.719], [87069.9, 0.004], [87069.4, 0.002], [87069.2, 0.002], [87069.0, 0.861], [87068.9, 0.002], [87068.8, 0.002], [87068.4, 0.004], [87068.0, 0.005], [87067.9, 0.004], [87067.8, 0.002], [87067.6, 0.002], [87067.5, 0.002], [87067.4, 0.002], [87067.2, 0.003], [87066.9, 0.004], [87066.7, 0.002], [87066.6, 0.117], [87066.5, 0.002], [87066.4, 0.006]], "asks": [[87070.1, 4.907], [87070.2, 0.884], [87070.3, 0.018], [87070.6, 0.002], [87070.8, 0.002], [87071.4, 0.002], [87071.5, 0.017], [87071.7, 0.082], [87071.8, 0.002], [87072.1, 0.002], [87072.3, 0.004], [87072.4, 0.003], [87072.5, 1.0], [87072.8, 0.002], [87073.2, 1.003], [87073.4, 0.004], [87073.9, 0.003], [87074.0, 0.002], [87074.1, 0.002], [87074.3, 0.002]], "timestamp": "2025-12-19T18:07:23.029706+00:00"}, {"symbol": "BTCUSDT", "bids": [[87048.5, 0.767], [87048.4, 0.002], [87048.2, 0.002], [87048.1, 0.002], [87048.0, 0.004], [87047.6, 0.032], [87047.2, 0.864], [87047.1, 0.002], [87046.6, 0.002], [87046.5, 0.005], [87046.3, 0.006], [87046.2, 0.115], [87046.1, 0.002], [87046.0, 0.002], [87045.8, 0.003], [87045.6, 0.002], [87045.4, 0.004], [87045.3, 0.006], [87045.1, 0.002], [87045.0, 0.014]], "asks": [[87048.6, 2.541], [87048.7, 0.097], [87048.8, 0.749], [87049.0, 0.004], [87049.6, 0.005], [87049.8, 0.011], [87050.0, 0.002], [87050.1, 0.003], [87050.2, 0.002], [87050.5, 0.002], [87050.7, 0.005], [87050.8, 0.002], [87050.9, 0.022], [87051.3, 0.002], [87051.5, 0.005], [87051.6, 0.002], [87051.8, 0.006], [87052.3, 0.005], [87052.5, 0.002], [87052.6, 0.004]], "timestamp": "2025-12-19T18:08:16.673634+00:00"}, {"symbol": "BTCUSDT", "bids": [[87081.2, 0.826], [87081.1, 0.002], [87080.7, 0.004], [87080.5, 0.004], [87080.4, 0.002], [87080.2, 0.009], [87079.8, 0.004], [87079.6, 0.003], [87079.4, 0.002], [87079.2, 0.004], [87079.1, 0.006], [87079.0, 0.009], [87078.9, 0.002], [87078.8, 0.002], [87078.7, 0.004], [87078.2, 0.003], [87078.1, 0.861], [87078.0, 0.002], [87077.9, 0.002], [87077.8, 0.005]], "asks": [[87081.3, 7.045], [87081.4, 0.27], [87081.5, 0.694], [87081.6, 0.587], [87081.8, 0.018], [87082.0, 0.002], [87082.3, 0.002], [87082.8, 1.002], [87083.0, 0.08], [87083.1, 0.038], [87083.3, 0.005], [87083.5, 0.022], [87084.0, 0.002], [87084.1, 0.005], [87084.4, 0.002], [87084.6, 0.006], [87084.9, 0.005], [87085.0, 0.002], [87085.3, 0.004], [87085.5, 0.003]], "timestamp": "2025-12-19T18:09:09.833198+00:00"}, {"symbol": "BTCUSDT", "bids": [[87105.8, 0.622], [87105.4, 11.133], [87105.3, 1.628], [87105.2, 4.715], [87105.1, 1.22], [87105.0, 2.002], [87104.9, 0.66], [87104.8, 1.766], [87104.5, 0.199], [87104.3, 0.24], [87104.2, 0.002], [87103.9, 1.427], [87103.8, 2.534], [87103.6, 1.623], [87103.5, 1.769], [87103.2, 0.255], [87103.1, 2.704], [87103.0, 2.034], [87102.9, 0.234], [87102.8, 1.439]], "asks": [[87105.9, 0.002], [87106.1, 0.003], [87106.4, 0.002], [87106.5, 0.002], [87106.6, 0.01], [87106.9, 0.005], [87107.1, 0.002], [87107.3, 0.036], [87107.4, 0.004], [87107.5, 0.021], [87107.8, 0.008], [87107.9, 0.008], [87108.0, 0.002], [87108.2, 0.003], [87108.3, 0.002], [87108.4, 0.002], [87108.5, 0.085], [87108.6, 0.003], [87108.7, 0.003], [87108.8, 0.002]], "timestamp": "2025-12-19T18:10:03.810982+00:00"}, {"symbol": "BTCUSDT", "bids": [[87205.4, 2.897], [87205.3, 0.021], [87205.2, 0.343], [87205.1, 0.002], [87205.0, 0.002], [87204.6, 0.006], [87204.4, 0.002], [87204.0, 0.007], [87203.9, 0.002], [87203.7, 0.002], [87203.4, 0.003], [87203.1, 0.002], [87202.9, 0.002], [87202.8, 0.17], [87202.6, 0.003], [87202.5, 0.025], [87202.1, 0.002], [87202.0, 0.002], [87201.9, 0.004], [87201.8, 0.003]], "asks": [[87205.5, 2.898], [87205.6, 0.004], [87205.8, 0.002], [87206.0, 0.017], [87206.2, 0.002], [87206.3, 0.002], [87206.8, 0.002], [87206.9, 0.057], [87207.0, 0.034], [87207.1, 0.004], [87207.2, 0.122], [87207.3, 0.013], [87207.4, 0.002], [87207.5, 0.003], [87207.9, 0.002], [87208.0, 0.019], [87208.2, 0.022], [87208.3, 0.105], [87208.4, 0.004], [87208.7, 0.004]], "timestamp": "2025-12-19T18:10:56.945099+00:00"}, {"symbol": "BTCUSDT", "bids": [[87140.5, 2.57], [87140.4, 0.022], [87140.0, 0.004], [87139.9, 0.026], [87139.8, 0.002], [87139.3, 0.002], [87139.0, 0.002], [87138.8, 0.002], [87138.7, 0.002], [87138.5, 0.003], [87138.0, 0.004], [87137.9, 0.006], [87137.8, 0.115], [87137.7, 0.003], [87137.5, 0.002], [87137.2, 0.541], [87137.1, 0.002], [87137.0, 0.004], [87136.9, 0.003], [87136.6, 0.004]], "asks": [[87140.6, 1.997], [87140.7, 0.021], [87140.8, 0.004], [87141.3, 0.002], [87141.6, 0.004], [87141.8, 0.008], [87142.1, 0.006], [87142.2, 0.002], [87142.3, 0.084], [87142.4, 0.004], [87142.5, 0.002], [87142.6, 0.003], [87142.8, 0.011], [87143.1, 0.002], [87143.3, 0.007], [87143.4, 0.002], [87143.5, 0.002], [87143.8, 0.005], [87144.0, 0.002], [87144.1, 0.004]], "timestamp": "2025-12-19T18:11:49.919183+00:00"}, {"symbol": "BTCUSDT", "bids": [[87091.7, 18.745], [87091.6, 4.572], [87091.5, 2.417], [87091.4, 0.002], [87091.3, 0.256], [87091.2, 3.288], [87091.1, 4.203], [87091.0, 0.002], [87090.8, 0.019], [87090.7, 0.729], [87090.6, 0.002], [87090.5, 0.011], [87090.4, 0.717], [87090.3, 0.115], [87090.2, 0.011], [87090.0, 0.013], [87089.9, 2.09], [87089.8, 1.015], [87089.7, 0.007], [87089.5, 0.011]], "asks": [[87091.8, 0.402], [87091.9, 0.002], [87092.2, 0.004], [87092.3, 0.003], [87092.4, 0.002], [87092.7, 0.002], [87092.9, 0.002], [87093.0, 0.013], [87093.5, 0.002], [87093.6, 0.003], [87093.8, 0.005], [87093.9, 0.034], [87094.2, 0.002], [87094.3, 0.006], [87094.6, 0.019], [87094.8, 0.004], [87095.0, 0.002], [87095.3, 0.013], [87095.4, 0.003], [87095.5, 0.022]], "timestamp": "2025-12-19T18:12:42.930775+00:00"}, {"symbol": "BTCUSDT", "bids": [[87146.7, 9.697], [87146.6, 0.095], [87146.5, 0.854], [87146.4, 0.002], [87146.3, 0.253], [87146.1, 0.034], [87145.9, 0.002], [87145.5, 0.002], [87145.4, 0.015], [87145.2, 0.002], [87145.0, 0.002], [87144.7, 0.003], [87144.6, 0.044], [87144.5, 0.292], [87144.1, 0.002], [87144.0, 0.115], [87143.9, 0.003], [87143.8, 1.443], [87143.7, 0.006], [87143.6, 0.593]], "asks": [[87146.8, 0.067], [87146.9, 0.004], [87147.0, 0.004], [87147.6, 0.002], [87147.7, 0.004], [87147.8, 0.002], [87147.9, 0.002], [87148.0, 0.017], [87148.1, 0.008], [87148.6, 0.006], [87149.0, 0.002], [87149.1, 0.003], [87149.2, 0.002], [87149.4, 0.002], [87149.5, 0.004], [87149.7, 0.003], [87149.8, 0.002], [87150.0, 0.361], [87150.2, 0.009], [87150.3, 0.006]], "timestamp": "2025-12-19T18:13:35.974782+00:00"}, {"symbol": "BTCUSDT", "bids": [[87115.6, 1.557], [87115.5, 0.026], [87115.4, 0.01], [87115.2, 0.002], [87114.8, 0.008], [87114.7, 0.002], [87114.6, 0.002], [87114.5, 0.003], [87114.1, 0.002], [87114.0, 0.005], [87113.8, 0.002], [87113.7, 0.004], [87113.6, 0.011], [87113.5, 0.002], [87113.4, 0.003], [87113.1, 0.003], [87113.0, 0.002], [87112.9, 0.004], [87112.8, 0.134], [87112.7, 0.861]], "asks": [[87115.7, 2.732], [87115.8, 0.006], [87115.9, 0.01], [87116.0, 0.002], [87116.2, 0.099], [87116.3, 0.004], [87116.8, 0.002], [87117.3, 0.002], [87117.5, 0.002], [87117.7, 0.003], [87117.8, 0.002], [87118.0, 0.002], [87118.2, 0.013], [87118.3, 0.008], [87118.5, 0.003], [87118.8, 0.002], [87118.9, 0.002], [87119.1, 0.08], [87119.3, 0.118], [87119.4, 0.002]], "timestamp": "2025-12-19T18:14:28.713918+00:00"}, {"symbol": "BTCUSDT", "bids": [[87157.2, 0.31], [87157.1, 0.021], [87157.0, 0.002], [87156.7, 0.004], [87156.5, 0.002], [87156.2, 0.002], [87156.0, 0.002], [87155.9, 0.002], [87155.7, 0.02], [87155.3, 0.002], [87155.2, 0.005], [87155.0, 0.018], [87154.8, 0.002], [87154.7, 0.004], [87154.6, 0.21], [87154.5, 0.002], [87154.1, 0.003], [87154.0, 0.002], [87153.8, 0.004], [87153.7, 0.002]], "asks": [[87157.3, 3.608], [87157.4, 0.008], [87157.9, 0.025], [87158.2, 0.016], [87158.5, 0.115], [87158.7, 0.002], [87158.8, 0.023], [87159.0, 0.004], [87159.2, 0.002], [87159.3, 0.003], [87159.6, 0.002], [87159.7, 0.152], [87159.8, 0.083], [87159.9, 0.002], [87160.0, 0.002], [87160.2, 0.008], [87160.3, 0.002], [87160.6, 0.026], [87160.8, 0.004], [87161.0, 0.002]], "timestamp": "2025-12-19T18:15:22.164604+00:00"}, {"symbol": "BTCUSDT", "bids": [[87230.6, 1.984], [87230.5, 0.02], [87230.3, 0.002], [87230.0, 0.002], [87229.9, 0.004], [87229.8, 0.006], [87229.3, 0.047], [87229.2, 0.002], [87229.0, 0.012], [87228.8, 0.076], [87228.7, 0.002], [87228.6, 0.003], [87228.5, 0.015], [87228.1, 0.004], [87228.0, 0.004], [87227.7, 0.002], [87227.6, 0.005], [87227.4, 0.002], [87227.3, 0.866], [87227.2, 0.002]], "asks": [[87230.7, 11.969], [87230.8, 0.257], [87230.9, 0.469], [87231.6, 0.015], [87232.5, 0.022], [87232.7, 0.005], [87232.9, 0.121], [87233.3, 0.134], [87233.4, 0.846], [87233.5, 0.003], [87234.0, 0.002], [87234.1, 0.002], [87234.2, 0.002], [87234.3, 0.028], [87234.5, 0.004], [87234.7, 0.002], [87234.8, 0.002], [87234.9, 0.003], [87235.0, 0.004], [87235.2, 0.091]], "timestamp": "2025-12-19T18:16:15.311186+00:00"}, {"symbol": "BTCUSDT", "bids": [[87203.5, 3.298], [87203.4, 0.004], [87203.3, 0.077], [87203.1, 0.019], [87203.0, 0.01], [87202.5, 0.002], [87201.9, 0.002], [87201.6, 0.002], [87201.5, 0.003], [87201.1, 0.86], [87201.0, 0.005], [87200.8, 0.115], [87200.7, 0.002], [87200.3, 0.002], [87200.1, 0.003], [87200.0, 0.004], [87199.7, 0.233], [87199.6, 0.008], [87199.3, 0.003], [87199.2, 0.002]], "asks": [[87203.6, 2.763], [87203.7, 0.002], [87204.0, 0.137], [87204.1, 0.002], [87204.2, 0.057], [87204.8, 0.002], [87205.3, 0.002], [87205.4, 0.002], [87205.5, 0.003], [87205.8, 0.002], [87205.9, 0.002], [87206.1, 0.003], [87206.3, 0.002], [87206.4, 0.002], [87206.6, 0.002], [87206.7, 0.002], [87206.8, 0.006], [87206.9, 0.003], [87207.2, 0.002], [87207.3, 0.002]], "timestamp": "2025-12-19T18:17:08.255224+00:00"}, {"symbol": "BTCUSDT", "bids": [[87041.0, 4.173], [87040.9, 0.014], [87040.7, 0.002], [87039.9, 0.011], [87039.0, 0.007], [87038.7, 0.006], [87038.2, 0.003], [87037.8, 0.002], [87037.7, 0.002], [87037.4, 0.003], [87037.3, 0.002], [87037.2, 0.002], [87036.8, 0.002], [87036.6, 0.003], [87036.4, 0.002], [87036.3, 0.002], [87036.0, 0.002], [87035.8, 0.005], [87035.6, 0.002], [87035.5, 0.122]], "asks": [[87041.1, 2.638], [87041.2, 0.002], [87041.3, 0.002], [87041.5, 0.002], [87042.0, 0.028], [87042.1, 0.017], [87042.2, 0.002], [87042.5, 0.002], [87042.8, 0.002], [87043.0, 0.002], [87043.1, 0.016], [87043.2, 0.003], [87043.3, 0.002], [87043.5, 0.005], [87043.8, 0.011], [87043.9, 0.003], [87044.0, 0.002], [87044.5, 0.027], [87044.9, 0.002], [87045.0, 0.004]], "timestamp": "2025-12-19T18:18:02.321076+00:00"}, {"symbol": "BTCUSDT", "bids": [[87170.9, 3.628], [87170.8, 0.393], [87170.7, 0.002], [87170.5, 0.002], [87170.3, 0.063], [87170.2, 0.002], [87169.7, 0.004], [87169.5, 0.002], [87169.2, 0.002], [87169.1, 2.072], [87169.0, 0.002], [87168.7, 0.003], [87168.6, 0.027], [87168.3, 0.214], [87167.9, 0.003], [87167.8, 0.004], [87167.6, 0.003], [87167.3, 0.005], [87167.2, 0.044], [87167.0, 0.002]], "asks": [[87171.0, 2.156], [87171.1, 0.009], [87171.2, 0.004], [87171.3, 0.019], [87171.5, 0.002], [87171.7, 0.002], [87172.0, 0.002], [87172.2, 0.002], [87172.6, 0.003], [87172.7, 0.004], [87172.8, 0.008], [87173.0, 0.002], [87173.1, 0.035], [87173.2, 0.004], [87173.4, 0.005], [87173.7, 0.002], [87173.9, 0.008], [87174.0, 0.004], [87174.1, 0.003], [87174.2, 0.007]], "timestamp": "2025-12-19T18:18:56.594554+00:00"}, {"symbol": "BTCUSDT", "bids": [[87214.0, 1.999], [87213.9, 0.052], [87213.4, 0.002], [87213.3, 0.002], [87213.0, 0.002], [87212.6, 0.004], [87212.4, 0.002], [87212.2, 0.006], [87212.1, 0.002], [87211.8, 0.007], [87211.7, 0.002], [87211.6, 0.002], [87211.5, 0.002], [87211.3, 0.115], [87211.0, 0.007], [87210.9, 0.002], [87210.8, 0.002], [87210.7, 0.004], [87210.6, 0.005], [87210.5, 0.002]], "asks": [[87214.1, 2.004], [87214.2, 0.002], [87214.6, 0.002], [87215.0, 0.004], [87215.1, 0.002], [87215.4, 0.011], [87215.6, 0.002], [87216.1, 0.005], [87216.3, 0.024], [87216.8, 0.002], [87216.9, 0.003], [87217.0, 0.026], [87217.2, 0.034], [87217.3, 0.002], [87217.5, 0.115], [87217.6, 0.002], [87217.7, 0.003], [87217.8, 0.002], [87218.0, 0.023], [87218.1, 0.004]], "timestamp": "2025-12-19T18:19:49.945057+00:00"}, {"symbol": "BTCUSDT", "bids": [[87265.5, 8.528], [87265.4, 0.032], [87264.8, 0.024], [87264.2, 0.006], [87264.1, 0.011], [87264.0, 0.015], [87263.7, 0.002], [87263.5, 0.003], [87263.4, 0.002], [87262.9, 0.002], [87262.7, 0.003], [87262.5, 0.002], [87262.4, 0.002], [87262.2, 0.14], [87262.1, 0.034], [87262.0, 0.002], [87261.9, 0.032], [87261.8, 0.007], [87261.7, 0.115], [87261.6, 0.002]], "asks": [[87265.6, 1.145], [87265.7, 0.002], [87265.8, 0.011], [87265.9, 0.004], [87266.0, 0.002], [87266.1, 0.08], [87266.4, 0.008], [87266.5, 0.002], [87267.1, 0.002], [87267.2, 0.002], [87267.3, 0.002], [87267.7, 0.003], [87268.0, 0.002], [87268.3, 0.002], [87268.4, 0.006], [87268.5, 0.006], [87269.0, 0.006], [87269.1, 0.002], [87269.3, 0.007], [87269.5, 0.004]], "timestamp": "2025-12-19T18:20:43.091173+00:00"}, {"symbol": "BTCUSDT", "bids": [[87350.0, 2.315], [87349.9, 0.012], [87349.7, 0.002], [87349.6, 0.054], [87349.3, 0.002], [87349.0, 0.002], [87348.9, 0.002], [87348.8, 0.05], [87348.6, 0.02], [87348.4, 0.004], [87348.3, 0.005], [87348.0, 0.005], [87347.9, 0.393], [87347.8, 1.438], [87347.7, 0.006], [87347.6, 0.323], [87347.4, 0.002], [87347.1, 0.005], [87347.0, 0.006], [87346.9, 0.007]], "asks": [[87350.1, 2.325], [87350.2, 0.046], [87350.4, 0.002], [87352.1, 0.085], [87352.8, 0.004], [87353.0, 0.008], [87353.3, 0.002], [87353.5, 0.002], [87353.8, 0.005], [87354.0, 0.002], [87354.2, 0.002], [87354.3, 0.002], [87354.5, 0.003], [87354.9, 0.004], [87355.0, 0.121], [87355.1, 0.002], [87355.3, 0.003], [87355.4, 0.002], [87355.8, 0.023], [87355.9, 0.004]], "timestamp": "2025-12-19T18:21:35.624100+00:00"}, {"symbol": "BTCUSDT", "bids": [[87314.6, 8.659], [87314.5, 0.006], [87314.3, 0.011], [87314.1, 0.002], [87313.6, 0.345], [87313.5, 0.065], [87313.4, 0.004], [87313.1, 0.132], [87312.9, 0.002], [87312.8, 0.004], [87312.7, 0.016], [87312.6, 0.005], [87312.5, 0.044], [87312.2, 0.008], [87312.1, 0.003], [87312.0, 0.002], [87311.6, 0.002], [87311.5, 0.005], [87311.2, 0.188], [87311.0, 0.117]], "asks": [[87314.7, 0.145], [87314.8, 0.002], [87315.0, 0.002], [87315.3, 0.002], [87315.4, 0.002], [87315.5, 0.003], [87315.8, 0.004], [87316.2, 0.004], [87316.3, 0.002], [87316.8, 0.002], [87316.9, 0.004], [87317.4, 0.003], [87317.5, 0.002], [87317.8, 0.004], [87318.0, 0.006], [87318.1, 0.002], [87318.2, 0.091], [87318.4, 0.002], [87318.5, 0.002], [87318.6, 0.002]], "timestamp": "2025-12-19T18:22:29.281855+00:00"}, {"symbol": "BTCUSDT", "bids": [[87252.2, 4.712], [87252.1, 0.017], [87252.0, 0.007], [87251.7, 0.002], [87251.5, 0.002], [87251.4, 0.002], [87250.8, 0.004], [87250.4, 0.002], [87250.2, 0.033], [87250.1, 0.115], [87250.0, 0.004], [87249.5, 0.004], [87249.3, 0.003], [87249.1, 0.002], [87248.8, 0.002], [87248.7, 0.017], [87248.5, 0.003], [87248.3, 0.002], [87248.1, 0.002], [87248.0, 0.002]], "asks": [[87252.3, 2.51], [87252.4, 0.002], [87252.5, 0.002], [87252.6, 0.083], [87252.8, 0.05], [87252.9, 0.008], [87253.0, 0.006], [87253.1, 0.002], [87253.4, 0.006], [87253.6, 0.105], [87253.9, 0.002], [87254.2, 0.002], [87254.3, 0.005], [87254.4, 0.004], [87254.5, 0.005], [87254.7, 0.002], [87254.9, 0.002], [87255.0, 0.007], [87255.1, 0.004], [87255.2, 0.017]], "timestamp": "2025-12-19T18:23:22.019587+00:00"}, {"symbol": "BTCUSDT", "bids": [[87262.4, 7.971], [87262.3, 0.1], [87262.2, 0.002], [87261.8, 0.002], [87261.4, 0.363], [87261.3, 0.004], [87261.0, 0.002], [87260.6, 0.002], [87260.5, 0.117], [87260.4, 0.005], [87260.0, 0.002], [87259.6, 0.005], [87259.3, 0.002], [87259.1, 0.23], [87259.0, 0.002], [87258.8, 0.003], [87258.6, 0.002], [87258.5, 0.004], [87258.3, 0.002], [87258.0, 0.866]], "asks": [[87262.5, 2.252], [87262.6, 0.002], [87262.7, 0.002], [87262.8, 0.023], [87262.9, 0.023], [87263.0, 0.004], [87263.1, 0.08], [87263.2, 0.002], [87263.3, 0.017], [87263.4, 0.015], [87263.7, 0.002], [87263.8, 0.002], [87264.0, 0.045], [87264.1, 0.002], [87264.2, 0.002], [87264.3, 0.003], [87264.5, 0.015], [87264.6, 0.002], [87264.7, 0.007], [87265.0, 0.002]], "timestamp": "2025-12-19T18:24:15.381822+00:00"}, {"symbol": "BTCUSDT", "bids": [[87263.5, 3.43], [87263.4, 0.004], [87263.1, 0.037], [87263.0, 0.026], [87262.9, 0.127], [87262.7, 0.008], [87262.4, 0.002], [87262.2, 0.004], [87262.1, 0.786], [87261.9, 0.01], [87261.4, 0.002], [87261.3, 0.007], [87261.0, 0.018], [87260.8, 0.002], [87260.6, 0.142], [87260.5, 0.009], [87260.4, 0.002], [87260.3, 0.006], [87260.0, 0.004], [87259.9, 0.002]], "asks": [[87263.6, 1.306], [87263.7, 0.004], [87263.8, 0.082], [87263.9, 0.002], [87264.0, 0.045], [87264.1, 0.002], [87264.2, 0.004], [87264.5, 0.015], [87264.7, 0.002], [87264.8, 0.002], [87265.0, 0.002], [87265.2, 0.002], [87265.6, 0.006], [87265.7, 0.005], [87266.0, 0.002], [87266.1, 0.004], [87266.2, 0.005], [87266.4, 0.004], [87266.5, 0.027], [87266.7, 0.004]], "timestamp": "2025-12-19T18:25:08.619386+00:00"}, {"symbol": "BTCUSDT", "bids": [[87274.2, 0.999], [87274.1, 0.002], [87273.7, 0.002], [87273.6, 0.002], [87273.5, 0.004], [87273.4, 0.025], [87273.1, 0.017], [87273.0, 0.002], [87272.9, 0.025], [87272.8, 0.004], [87272.7, 0.004], [87272.4, 0.008], [87272.2, 0.005], [87272.1, 0.011], [87272.0, 0.003], [87271.9, 0.002], [87271.8, 0.004], [87271.6, 0.002], [87271.5, 0.004], [87271.4, 0.004]], "asks": [[87274.3, 3.673], [87274.4, 0.006], [87274.7, 0.115], [87275.2, 0.002], [87275.3, 0.084], [87275.5, 0.017], [87276.1, 0.002], [87276.3, 0.003], [87276.5, 0.002], [87277.0, 0.002], [87277.1, 0.01], [87277.4, 0.005], [87277.5, 0.059], [87277.6, 0.117], [87278.0, 0.002], [87278.1, 0.01], [87278.2, 0.005], [87278.3, 0.004], [87278.5, 0.195], [87278.6, 0.002]], "timestamp": "2025-12-19T18:26:01.868997+00:00"}, {"symbol": "BTCUSDT", "bids": [[87378.4, 1.324], [87378.3, 0.004], [87378.2, 0.002], [87378.0, 0.004], [87377.9, 0.002], [87377.7, 0.017], [87377.6, 0.052], [87377.4, 0.008], [87377.1, 0.004], [87376.6, 0.002], [87376.5, 0.002], [87376.1, 0.005], [87375.8, 0.002], [87375.6, 0.004], [87375.3, 0.003], [87375.1, 0.002], [87375.0, 0.005], [87374.9, 0.002], [87374.8, 0.002], [87374.7, 0.069]], "asks": [[87378.5, 7.656], [87378.6, 0.006], [87379.0, 0.215], [87379.2, 0.002], [87379.5, 0.002], [87379.7, 0.047], [87379.8, 0.018], [87380.0, 0.264], [87380.1, 0.002], [87380.2, 0.002], [87380.3, 0.005], [87380.4, 0.002], [87380.7, 0.002], [87380.8, 0.005], [87380.9, 0.002], [87381.0, 0.002], [87381.2, 0.002], [87381.6, 0.006], [87381.7, 0.002], [87381.9, 0.025]], "timestamp": "2025-12-19T18:26:55.320768+00:00"}, {"symbol": "BTCUSDT", "bids": [[87356.3, 4.105], [87356.2, 0.008], [87355.8, 0.002], [87355.7, 0.006], [87355.6, 0.016], [87355.4, 0.03], [87355.1, 0.002], [87354.9, 0.002], [87354.8, 0.002], [87354.6, 0.002], [87354.3, 0.003], [87354.0, 0.063], [87353.5, 0.004], [87353.4, 0.138], [87353.3, 0.002], [87353.1, 0.341], [87353.0, 0.002], [87352.8, 0.003], [87352.7, 0.003], [87352.5, 0.006]], "asks": [[87356.4, 1.663], [87356.5, 0.004], [87356.6, 0.114], [87356.9, 0.002], [87357.0, 0.002], [87357.2, 0.005], [87357.4, 0.004], [87357.5, 0.006], [87357.8, 0.002], [87358.0, 0.018], [87358.1, 0.002], [87358.2, 0.002], [87358.3, 0.002], [87358.4, 0.003], [87358.6, 0.002], [87358.9, 0.005], [87359.0, 0.004], [87359.1, 0.002], [87359.4, 0.005], [87359.6, 0.002]], "timestamp": "2025-12-19T18:27:48.262267+00:00"}, {"symbol": "BTCUSDT", "bids": [[87284.2, 3.514], [87284.1, 0.016], [87284.0, 0.002], [87283.5, 0.004], [87283.4, 0.002], [87283.1, 0.002], [87283.0, 0.005], [87282.9, 0.231], [87282.7, 0.002], [87282.6, 0.235], [87282.5, 0.281], [87282.4, 0.004], [87282.3, 0.002], [87282.2, 0.005], [87282.1, 0.006], [87282.0, 0.008], [87281.5, 0.006], [87281.4, 0.005], [87281.3, 0.01], [87281.2, 0.121]], "asks": [[87284.3, 2.146], [87284.4, 0.43], [87284.5, 0.002], [87285.0, 0.006], [87285.8, 0.08], [87285.9, 0.002], [87286.0, 0.002], [87286.1, 0.002], [87286.3, 0.003], [87286.4, 0.002], [87287.1, 0.003], [87287.3, 0.002], [87287.4, 0.002], [87287.8, 0.002], [87287.9, 0.003], [87288.2, 0.002], [87288.3, 0.013], [87288.5, 0.002], [87288.7, 0.005], [87288.8, 0.002]], "timestamp": "2025-12-19T18:28:41.101374+00:00"}, {"symbol": "BTCUSDT", "bids": [[87321.6, 2.429], [87321.5, 0.016], [87321.3, 0.002], [87321.0, 0.017], [87320.9, 0.002], [87320.8, 0.004], [87320.7, 0.019], [87320.1, 0.002], [87320.0, 0.004], [87319.9, 0.066], [87319.8, 0.038], [87319.6, 0.005], [87319.5, 0.002], [87319.2, 0.115], [87319.0, 0.002], [87318.9, 0.002], [87318.8, 0.061], [87318.4, 0.005], [87318.3, 0.01], [87318.2, 0.006]], "asks": [[87321.7, 2.408], [87321.8, 0.002], [87322.9, 0.003], [87323.2, 0.002], [87323.7, 0.003], [87323.9, 0.002], [87324.4, 0.002], [87324.5, 0.005], [87324.7, 0.002], [87325.0, 0.004], [87325.1, 0.006], [87325.2, 0.057], [87325.3, 0.003], [87325.6, 0.002], [87325.9, 0.002], [87326.0, 0.002], [87326.1, 0.005], [87326.2, 0.008], [87326.5, 0.002], [87326.8, 0.002]], "timestamp": "2025-12-19T18:29:34.042770+00:00"}, {"symbol": "BTCUSDT", "bids": [[87315.3, 8.694], [87315.2, 0.627], [87315.1, 0.002], [87315.0, 0.016], [87314.6, 0.002], [87314.1, 0.002], [87314.0, 0.115], [87313.7, 0.231], [87313.6, 0.757], [87313.5, 0.005], [87313.4, 0.002], [87313.3, 0.003], [87313.2, 0.002], [87313.1, 0.002], [87313.0, 0.004], [87312.8, 0.004], [87312.6, 0.234], [87312.5, 0.003], [87312.4, 0.067], [87312.3, 0.002]], "asks": [[87315.4, 1.08], [87315.5, 0.002], [87315.8, 0.004], [87315.9, 0.002], [87316.1, 0.002], [87316.3, 0.002], [87316.5, 0.002], [87316.8, 0.002], [87317.1, 0.002], [87317.4, 0.003], [87317.7, 0.004], [87317.9, 0.002], [87318.0, 0.002], [87318.2, 0.01], [87318.3, 0.002], [87318.4, 0.007], [87318.5, 0.08], [87318.6, 0.002], [87318.8, 0.002], [87318.9, 0.002]], "timestamp": "2025-12-19T18:30:27.087501+00:00"}, {"symbol": "BTCUSDT", "bids": [[87265.7, 0.796], [87265.6, 0.007], [87265.5, 0.004], [87265.4, 0.006], [87265.2, 0.004], [87265.0, 0.002], [87264.8, 0.002], [87264.7, 0.007], [87264.4, 0.005], [87264.3, 0.002], [87264.2, 0.006], [87264.1, 0.007], [87264.0, 0.028], [87263.9, 0.002], [87263.8, 0.002], [87263.7, 0.002], [87263.6, 0.227], [87263.4, 0.005], [87263.3, 0.002], [87263.2, 0.002]], "asks": [[87265.8, 9.525], [87265.9, 0.011], [87266.0, 0.006], [87266.2, 0.003], [87266.4, 0.002], [87266.7, 0.002], [87267.0, 0.002], [87267.4, 0.12], [87267.7, 0.002], [87267.8, 0.005], [87267.9, 0.002], [87268.5, 0.002], [87268.6, 1.167], [87268.7, 0.104], [87268.8, 0.002], [87269.0, 0.002], [87269.3, 0.008], [87269.4, 0.005], [87269.8, 0.161], [87270.0, 0.002]], "timestamp": "2025-12-19T18:31:19.925872+00:00"}, {"symbol": "BTCUSDT", "bids": [[87227.0, 8.53], [87226.9, 0.012], [87226.3, 0.056], [87225.8, 0.011], [87225.6, 0.011], [87225.5, 0.002], [87225.2, 0.017], [87225.0, 0.005], [87224.6, 0.002], [87224.2, 0.003], [87224.0, 0.002], [87223.9, 0.002], [87223.6, 0.042], [87223.4, 0.003], [87223.3, 0.002], [87223.1, 0.025], [87222.8, 0.002], [87222.6, 0.064], [87222.5, 0.117], [87222.2, 0.002]], "asks": [[87227.1, 2.411], [87227.2, 0.008], [87227.4, 0.002], [87227.6, 0.006], [87228.0, 0.054], [87228.1, 0.004], [87228.6, 0.002], [87228.8, 0.052], [87228.9, 0.002], [87229.0, 0.002], [87229.1, 0.002], [87229.2, 0.003], [87229.3, 0.002], [87229.6, 0.004], [87229.7, 0.099], [87229.8, 0.004], [87230.0, 0.007], [87230.1, 0.002], [87230.2, 0.006], [87230.3, 0.002]], "timestamp": "2025-12-19T18:32:12.867621+00:00"}, {"symbol": "BTCUSDT", "bids": [[87170.0, 1.29], [87169.9, 0.002], [87169.7, 0.002], [87169.6, 0.004], [87169.5, 0.002], [87169.3, 0.255], [87169.0, 0.002], [87168.8, 0.004], [87168.6, 0.034], [87168.5, 0.002], [87168.0, 0.005], [87167.9, 0.004], [87167.7, 0.002], [87167.6, 0.011], [87167.5, 0.002], [87167.1, 0.003], [87166.8, 0.002], [87166.7, 0.002], [87166.4, 0.005], [87166.3, 0.002]], "asks": [[87170.1, 4.054], [87170.2, 0.004], [87170.4, 0.004], [87170.5, 0.75], [87170.6, 0.002], [87171.1, 0.002], [87171.4, 0.006], [87171.6, 0.002], [87171.9, 0.002], [87172.1, 0.083], [87172.2, 0.119], [87172.8, 0.005], [87172.9, 0.003], [87173.0, 0.002], [87173.5, 0.002], [87173.7, 0.003], [87173.8, 0.002], [87173.9, 0.004], [87174.0, 0.002], [87174.1, 0.025]], "timestamp": "2025-12-19T18:33:06.526963+00:00"}, {"symbol": "BTCUSDT", "bids": [[87077.6, 0.029], [87077.5, 0.002], [87077.3, 0.002], [87077.2, 0.008], [87077.1, 0.003], [87077.0, 0.007], [87076.7, 0.007], [87076.6, 0.004], [87076.5, 0.002], [87076.2, 0.002], [87076.1, 0.002], [87076.0, 0.002], [87075.9, 0.003], [87075.8, 0.022], [87075.7, 0.002], [87075.5, 0.002], [87075.4, 0.003], [87075.2, 0.004], [87075.0, 0.057], [87074.8, 0.003]], "asks": [[87077.7, 7.78], [87077.8, 0.006], [87078.6, 0.002], [87078.7, 0.08], [87079.0, 1.0], [87079.1, 0.002], [87079.2, 0.202], [87079.3, 0.002], [87079.5, 1.0], [87079.6, 0.404], [87079.7, 0.003], [87080.0, 0.027], [87080.4, 0.002], [87080.5, 0.003], [87080.8, 0.265], [87080.9, 0.002], [87081.0, 0.002], [87081.1, 0.005], [87081.3, 0.002], [87081.5, 1.644]], "timestamp": "2025-12-19T18:33:59.775362+00:00"}, {"symbol": "BTCUSDT", "bids": [[87075.0, 8.698], [87074.9, 0.004], [87073.2, 0.174], [87073.0, 0.435], [87072.9, 1.0], [87072.8, 2.85], [87072.7, 1.002], [87072.6, 0.014], [87072.5, 0.023], [87072.4, 0.267], [87072.3, 0.024], [87072.2, 0.043], [87071.8, 0.002], [87071.4, 0.864], [87071.3, 0.669], [87071.1, 0.002], [87071.0, 1.002], [87070.9, 0.995], [87070.8, 1.16], [87070.7, 0.01]], "asks": [[87075.1, 0.303], [87075.2, 0.002], [87075.3, 0.002], [87075.4, 0.002], [87075.6, 0.003], [87075.7, 0.003], [87075.9, 0.002], [87076.1, 0.003], [87076.3, 0.044], [87076.4, 0.004], [87076.6, 0.002], [87076.9, 0.004], [87077.1, 0.002], [87077.2, 0.015], [87077.4, 0.002], [87077.5, 0.002], [87077.9, 0.007], [87078.0, 0.002], [87078.1, 0.023], [87078.2, 0.002]], "timestamp": "2025-12-19T18:34:53.125661+00:00"}, {"symbol": "BTCUSDT", "bids": [[87151.1, 2.906], [87151.0, 0.008], [87150.6, 0.002], [87150.5, 0.026], [87150.4, 0.002], [87149.6, 0.002], [87149.3, 0.005], [87149.2, 0.002], [87149.1, 0.003], [87148.7, 0.004], [87148.3, 0.003], [87148.2, 0.002], [87148.0, 0.002], [87147.9, 0.004], [87147.7, 0.002], [87147.5, 0.003], [87147.2, 0.002], [87147.1, 0.021], [87147.0, 0.119], [87146.9, 0.004]], "asks": [[87151.2, 1.954], [87151.3, 0.016], [87151.5, 0.002], [87151.6, 0.016], [87151.7, 0.006], [87152.0, 0.004], [87152.1, 0.002], [87152.4, 0.002], [87152.5, 0.002], [87153.0, 0.015], [87153.2, 0.003], [87153.4, 0.028], [87153.5, 0.002], [87153.8, 0.041], [87154.0, 0.007], [87154.1, 0.029], [87154.2, 0.079], [87154.3, 0.002], [87154.5, 0.002], [87154.8, 0.003]], "timestamp": "2025-12-19T18:35:47.093205+00:00"}, {"symbol": "BTCUSDT", "bids": [[87101.9, 6.025], [87101.8, 0.006], [87101.5, 0.002], [87101.4, 0.038], [87101.3, 0.115], [87100.7, 0.002], [87100.6, 0.002], [87100.1, 0.002], [87100.0, 0.006], [87099.6, 0.003], [87099.5, 0.006], [87099.3, 0.002], [87098.8, 0.005], [87098.4, 0.002], [87098.3, 0.118], [87098.0, 0.002], [87097.9, 0.004], [87097.7, 0.005], [87097.5, 0.191], [87097.4, 0.002]], "asks": [[87102.0, 0.432], [87102.1, 0.002], [87102.2, 0.03], [87102.3, 0.013], [87102.6, 0.002], [87102.8, 0.002], [87102.9, 0.017], [87103.2, 0.002], [87103.4, 0.017], [87103.5, 0.002], [87103.6, 0.002], [87103.8, 0.011], [87104.0, 0.201], [87104.1, 0.002], [87104.5, 0.004], [87104.7, 0.272], [87105.0, 0.004], [87105.1, 0.002], [87105.2, 0.005], [87105.3, 0.002]], "timestamp": "2025-12-19T18:36:40.135360+00:00"}, {"symbol": "BTCUSDT", "bids": [[87065.4, 2.537], [87065.3, 0.007], [87065.1, 0.022], [87064.8, 0.002], [87064.4, 0.006], [87064.3, 0.002], [87064.2, 0.016], [87064.1, 0.059], [87063.7, 0.024], [87063.6, 0.009], [87063.5, 0.004], [87063.1, 0.005], [87063.0, 0.002], [87062.8, 0.002], [87062.3, 0.016], [87062.2, 0.002], [87062.1, 0.002], [87061.6, 0.002], [87061.5, 0.007], [87061.1, 0.039]], "asks": [[87065.5, 3.822], [87065.6, 0.008], [87065.7, 0.186], [87065.8, 0.002], [87066.0, 0.002], [87066.3, 0.018], [87066.4, 0.002], [87066.6, 0.002], [87066.8, 0.002], [87066.9, 0.008], [87067.3, 0.01], [87067.4, 0.082], [87067.5, 0.004], [87067.9, 0.003], [87068.0, 0.119], [87068.2, 0.002], [87068.3, 0.002], [87068.5, 0.004], [87068.7, 0.003], [87069.0, 0.002]], "timestamp": "2025-12-19T18:37:32.666634+00:00"}, {"symbol": "BTCUSDT", "bids": [[87050.2, 1.777], [87050.1, 0.004], [87050.0, 0.176], [87049.9, 0.002], [87049.6, 0.002], [87049.2, 0.119], [87049.1, 0.004], [87048.8, 0.003], [87048.6, 0.002], [87048.4, 0.002], [87048.2, 0.003], [87048.1, 0.002], [87048.0, 0.008], [87047.9, 0.003], [87047.7, 0.005], [87047.6, 0.004], [87047.5, 0.002], [87047.3, 0.005], [87047.1, 0.002], [87047.0, 0.002]], "asks": [[87050.3, 5.248], [87050.4, 0.368], [87050.5, 0.348], [87050.6, 0.75], [87050.7, 0.004], [87050.8, 0.002], [87051.0, 0.002], [87051.3, 0.002], [87051.4, 0.002], [87051.5, 0.287], [87051.8, 0.002], [87052.3, 0.082], [87052.4, 0.005], [87052.9, 0.032], [87053.0, 0.003], [87053.1, 0.044], [87053.4, 0.004], [87053.5, 0.002], [87053.6, 0.002], [87053.8, 0.003]], "timestamp": "2025-12-19T18:38:25.813486+00:00"}, {"symbol": "BTCUSDT", "bids": [[87047.9, 9.617], [87047.8, 0.006], [87047.4, 0.46], [87047.2, 0.35], [87047.1, 1.002], [87047.0, 0.222], [87046.0, 0.861], [87045.9, 0.003], [87045.4, 0.348], [87045.3, 0.15], [87045.2, 0.002], [87045.1, 0.003], [87045.0, 0.002], [87044.9, 0.004], [87044.8, 0.002], [87044.6, 0.023], [87044.3, 0.003], [87044.1, 0.005], [87044.0, 0.176], [87043.9, 0.289]], "asks": [[87048.0, 0.02], [87048.1, 0.002], [87048.2, 0.002], [87048.5, 0.003], [87048.8, 0.002], [87049.0, 0.006], [87049.2, 0.007], [87049.3, 0.002], [87049.5, 0.017], [87049.8, 0.057], [87049.9, 0.002], [87050.0, 0.004], [87050.4, 0.017], [87050.6, 0.005], [87050.7, 0.004], [87050.8, 0.085], [87050.9, 0.025], [87051.3, 0.046], [87051.4, 0.03], [87051.5, 0.002]], "timestamp": "2025-12-19T18:39:18.755287+00:00"}, {"symbol": "BTCUSDT", "bids": [[87031.8, 0.126], [87031.7, 0.002], [87031.6, 0.006], [87031.1, 0.002], [87031.0, 0.002], [87030.9, 0.002], [87030.7, 0.004], [87030.6, 0.002], [87030.1, 0.002], [87030.0, 0.004], [87029.8, 0.003], [87029.7, 0.002], [87029.6, 0.002], [87029.2, 0.003], [87029.0, 0.002], [87028.8, 0.004], [87028.5, 0.003], [87028.3, 0.002], [87028.1, 0.004], [87027.8, 0.008]], "asks": [[87031.9, 9.303], [87032.0, 0.008], [87032.1, 0.287], [87032.3, 0.002], [87032.6, 0.002], [87033.0, 0.221], [87033.5, 0.002], [87033.9, 0.003], [87034.1, 0.004], [87034.5, 0.002], [87034.7, 0.114], [87034.8, 0.785], [87034.9, 0.005], [87035.0, 0.004], [87035.1, 0.374], [87035.2, 0.002], [87035.4, 0.002], [87035.5, 0.564], [87035.6, 0.859], [87035.7, 0.876]], "timestamp": "2025-12-19T18:40:12.005649+00:00"}, {"symbol": "BTCUSDT", "bids": [[86953.2, 1.363], [86953.1, 0.009], [86953.0, 0.002], [86952.6, 0.02], [86952.4, 0.153], [86952.3, 0.002], [86952.2, 0.002], [86952.1, 0.002], [86951.8, 0.004], [86951.6, 0.007], [86951.4, 0.003], [86951.2, 0.006], [86951.1, 0.002], [86950.8, 0.003], [86950.6, 0.002], [86950.5, 0.011], [86950.3, 0.002], [86950.1, 0.002], [86950.0, 0.992], [86949.6, 0.005]], "asks": [[86953.3, 10.433], [86953.4, 0.007], [86953.5, 0.036], [86953.6, 0.05], [86953.7, 0.049], [86953.8, 0.004], [86954.2, 0.097], [86954.3, 0.003], [86954.4, 0.05], [86954.5, 0.116], [86954.6, 0.002], [86955.0, 1.151], [86955.1, 0.499], [86955.2, 0.006], [86955.4, 0.002], [86955.7, 0.003], [86955.8, 0.08], [86955.9, 0.006], [86956.2, 0.002], [86956.4, 0.002]], "timestamp": "2025-12-19T18:41:05.764521+00:00"}, {"symbol": "BTCUSDT", "bids": [[86970.0, 1.984], [86969.9, 0.002], [86969.7, 0.002], [86969.6, 0.006], [86969.0, 0.01], [86968.9, 0.002], [86968.8, 0.002], [86968.7, 0.002], [86968.6, 0.002], [86968.3, 0.002], [86968.1, 0.004], [86967.8, 0.005], [86967.7, 0.002], [86967.4, 0.002], [86967.3, 0.002], [86967.2, 0.005], [86967.0, 0.048], [86966.9, 0.155], [86966.7, 0.002], [86966.6, 0.003]], "asks": [[86970.1, 2.441], [86970.2, 0.006], [86970.3, 0.082], [86970.4, 0.002], [86970.5, 0.569], [86970.6, 1.902], [86970.7, 0.016], [86970.9, 0.002], [86971.0, 0.002], [86971.2, 0.002], [86971.5, 0.013], [86971.6, 0.007], [86971.7, 0.002], [86971.8, 0.002], [86972.1, 0.005], [86972.3, 0.004], [86972.4, 0.027], [86972.5, 0.002], [86972.8, 0.004], [86972.9, 0.003]], "timestamp": "2025-12-19T18:41:58.309733+00:00"}, {"symbol": "BTCUSDT", "bids": [[87027.0, 2.672], [87026.9, 0.002], [87026.5, 0.054], [87026.4, 0.054], [87026.2, 0.115], [87026.0, 0.002], [87025.8, 0.009], [87025.6, 0.05], [87025.5, 0.002], [87025.2, 0.002], [87025.0, 0.007], [87024.3, 0.002], [87023.9, 0.003], [87023.7, 0.002], [87023.6, 0.002], [87023.4, 0.117], [87023.1, 0.168], [87023.0, 0.002], [87022.8, 0.015], [87022.5, 0.009]], "asks": [[87027.1, 0.826], [87027.2, 0.004], [87027.3, 0.002], [87027.6, 0.025], [87027.7, 0.027], [87027.8, 0.006], [87027.9, 0.092], [87028.0, 0.027], [87028.1, 0.002], [87028.2, 0.025], [87028.3, 0.016], [87028.4, 0.003], [87028.5, 0.006], [87028.6, 0.002], [87028.9, 0.004], [87029.0, 0.005], [87029.1, 0.006], [87029.6, 0.002], [87029.7, 0.003], [87029.8, 0.002]], "timestamp": "2025-12-19T18:42:51.648943+00:00"}, {"symbol": "BTCUSDT", "bids": [[87013.3, 1.617], [87013.2, 0.004], [87012.8, 0.002], [87012.6, 0.002], [87012.3, 0.03], [87012.1, 0.003], [87012.0, 0.004], [87011.9, 0.002], [87011.8, 0.002], [87011.7, 0.002], [87011.6, 0.002], [87011.3, 0.007], [87011.0, 0.002], [87010.8, 0.004], [87010.5, 0.005], [87010.3, 0.002], [87010.2, 0.006], [87010.0, 0.011], [87009.9, 0.003], [87009.8, 0.007]], "asks": [[87013.4, 4.845], [87013.5, 0.006], [87013.9, 0.002], [87014.0, 0.002], [87014.4, 0.004], [87014.7, 0.011], [87014.8, 0.115], [87014.9, 0.004], [87015.1, 0.002], [87015.2, 0.002], [87015.4, 0.005], [87015.5, 0.002], [87015.6, 0.036], [87015.7, 0.003], [87015.8, 0.002], [87015.9, 0.002], [87016.0, 0.002], [87016.2, 0.003], [87016.3, 0.006], [87016.5, 0.004]], "timestamp": "2025-12-19T18:43:44.766321+00:00"}, {"symbol": "BTCUSDT", "bids": [[86940.9, 0.954], [86940.8, 0.037], [86940.7, 0.011], [86940.5, 0.038], [86940.4, 0.039], [86940.1, 0.028], [86940.0, 0.03], [86939.9, 0.015], [86939.5, 0.004], [86939.3, 0.002], [86938.9, 0.008], [86938.8, 0.009], [86938.7, 0.002], [86938.4, 0.004], [86938.1, 0.013], [86938.0, 0.002], [86937.9, 0.002], [86937.7, 0.002], [86937.5, 0.016], [86937.2, 0.004]], "asks": [[86941.0, 5.892], [86941.1, 0.332], [86941.2, 0.009], [86941.5, 0.002], [86941.8, 0.109], [86941.9, 0.002], [86942.0, 1.0], [86942.3, 0.005], [86942.4, 0.004], [86942.7, 0.004], [86942.8, 0.01], [86942.9, 0.002], [86943.0, 0.003], [86943.2, 0.002], [86943.3, 0.002], [86943.5, 0.002], [86943.6, 0.005], [86943.8, 0.003], [86944.0, 0.317], [86944.1, 0.841]], "timestamp": "2025-12-19T18:44:37.838030+00:00"}, {"symbol": "BTCUSDT", "bids": [[86955.2, 0.871], [86955.1, 0.002], [86954.7, 0.002], [86954.6, 0.002], [86954.5, 0.006], [86954.4, 0.002], [86954.2, 0.002], [86954.1, 0.004], [86954.0, 0.002], [86953.9, 0.002], [86953.8, 0.002], [86953.7, 0.004], [86953.5, 0.002], [86953.4, 0.002], [86953.2, 0.005], [86952.7, 0.005], [86952.4, 0.002], [86952.3, 0.003], [86952.0, 0.002], [86951.9, 0.002]], "asks": [[86955.3, 5.977], [86955.4, 0.006], [86955.8, 0.002], [86956.2, 0.002], [86956.3, 0.002], [86956.5, 0.233], [86956.6, 0.119], [86956.8, 0.002], [86957.0, 0.002], [86957.1, 0.002], [86957.3, 0.005], [86957.9, 0.08], [86958.0, 0.013], [86958.1, 0.003], [86958.2, 0.002], [86958.4, 0.002], [86958.7, 0.002], [86958.8, 0.012], [86958.9, 0.005], [86959.0, 0.005]], "timestamp": "2025-12-19T18:45:30.882543+00:00"}, {"symbol": "BTCUSDT", "bids": [[86911.4, 2.811], [86911.3, 0.016], [86911.1, 0.057], [86911.0, 0.004], [86910.7, 0.007], [86910.5, 0.004], [86910.4, 0.003], [86910.3, 0.013], [86910.2, 0.007], [86910.1, 0.002], [86910.0, 0.002], [86909.7, 0.005], [86909.5, 0.002], [86909.1, 0.002], [86909.0, 0.004], [86908.9, 0.003], [86908.7, 0.146], [86908.5, 0.007], [86908.4, 0.005], [86908.3, 0.002]], "asks": [[86911.5, 2.195], [86911.6, 0.002], [86912.0, 0.002], [86912.2, 0.002], [86912.7, 0.002], [86913.0, 0.004], [86913.2, 0.002], [86913.3, 0.002], [86913.5, 0.003], [86913.7, 0.002], [86914.0, 0.084], [86914.1, 0.08], [86914.2, 0.046], [86914.3, 0.119], [86914.6, 0.002], [86914.7, 0.002], [86915.0, 0.002], [86915.1, 0.003], [86915.2, 0.002], [86915.3, 0.002]], "timestamp": "2025-12-19T18:46:24.740810+00:00"}, {"symbol": "BTCUSDT", "bids": [[88127.4, 6.122], [88127.3, 0.147], [88127.2, 0.003], [88127.1, 0.003], [88127.0, 0.003], [88126.9, 0.003], [88126.8, 0.005], [88126.7, 0.005], [88126.6, 0.003], [88126.5, 0.003], [88126.3, 0.005], [88126.2, 0.002], [88126.1, 0.01], [88125.9, 0.002], [88125.6, 0.004], [88125.3, 0.004], [88125.1, 0.002], [88125.0, 0.003], [88124.9, 0.08], [88124.7, 0.233]], "asks": [[88127.5, 2.431], [88127.6, 0.021], [88127.7, 0.002], [88128.0, 0.002], [88128.2, 0.032], [88128.5, 0.002], [88128.7, 0.004], [88128.8, 0.114], [88128.9, 0.002], [88129.0, 0.053], [88129.1, 0.011], [88129.2, 0.002], [88129.4, 0.002], [88129.6, 0.002], [88129.7, 0.002], [88129.8, 0.018], [88129.9, 0.002], [88130.0, 0.119], [88130.1, 0.003], [88130.2, 0.002]], "timestamp": "2025-12-19T22:12:32.210474+00:00"}, {"symbol": "BTCUSDT", "bids": [[88065.0, 0.255], [88064.9, 0.007], [88064.8, 0.003], [88064.6, 0.002], [88064.5, 0.002], [88064.4, 0.002], [88064.2, 0.006], [88064.0, 0.01], [88063.9, 0.002], [88063.6, 0.002], [88063.4, 0.009], [88063.3, 0.002], [88062.9, 0.002], [88062.7, 0.006], [88062.5, 0.002], [88062.4, 0.002], [88062.3, 0.004], [88062.2, 0.01], [88062.1, 0.022], [88062.0, 0.069]], "asks": [[88065.1, 8.984], [88065.2, 0.015], [88065.3, 0.002], [88065.4, 0.017], [88065.7, 0.091], [88065.8, 0.002], [88065.9, 0.002], [88066.0, 0.006], [88066.1, 0.002], [88066.7, 0.006], [88066.8, 0.011], [88067.0, 0.002], [88067.2, 0.002], [88067.8, 0.017], [88067.9, 0.002], [88068.3, 0.002], [88068.5, 0.022], [88068.6, 0.002], [88068.7, 0.119], [88068.8, 0.002]], "timestamp": "2025-12-19T22:13:25.969129+00:00"}, {"symbol": "BTCUSDT", "bids": [[88035.1, 8.503], [88035.0, 0.004], [88034.9, 0.097], [88034.3, 0.002], [88034.1, 0.002], [88033.9, 0.128], [88033.8, 0.233], [88033.6, 0.002], [88033.5, 0.002], [88033.3, 0.042], [88033.2, 0.004], [88033.0, 0.023], [88032.5, 0.002], [88032.4, 0.006], [88032.1, 0.002], [88031.8, 1.0], [88031.7, 0.116], [88031.6, 0.011], [88031.2, 0.004], [88030.9, 0.002]], "asks": [[88035.2, 1.408], [88035.3, 0.002], [88035.6, 0.002], [88035.8, 0.005], [88035.9, 0.003], [88036.0, 0.005], [88036.1, 0.003], [88036.2, 0.005], [88036.3, 0.007], [88036.4, 0.003], [88036.5, 0.003], [88036.6, 0.003], [88036.7, 0.003], [88036.8, 0.002], [88037.4, 0.002], [88037.6, 0.002], [88037.9, 0.005], [88038.0, 0.002], [88038.2, 0.002], [88038.3, 0.006]], "timestamp": "2025-12-19T22:14:19.524585+00:00"}, {"symbol": "BTCUSDT", "bids": [[88059.5, 10.816], [88059.4, 0.004], [88059.3, 0.068], [88058.6, 0.024], [88057.8, 0.013], [88057.7, 0.018], [88057.3, 0.114], [88057.2, 0.002], [88056.8, 0.036], [88056.6, 0.006], [88056.3, 0.002], [88056.0, 0.002], [88055.9, 1.0], [88055.8, 0.192], [88055.7, 0.105], [88055.2, 0.005], [88055.1, 0.002], [88055.0, 0.002], [88054.9, 0.002], [88054.8, 0.014]], "asks": [[88059.6, 0.431], [88059.7, 0.004], [88060.0, 0.006], [88060.1, 0.002], [88060.4, 0.044], [88060.6, 0.002], [88061.1, 0.002], [88061.6, 0.004], [88061.8, 0.002], [88062.0, 0.002], [88062.1, 0.002], [88062.2, 0.042], [88062.4, 0.002], [88062.6, 0.002], [88063.0, 0.056], [88063.1, 0.008], [88063.4, 0.002], [88063.6, 0.116], [88064.0, 0.026], [88064.1, 0.002]], "timestamp": "2025-12-19T22:15:13.181761+00:00"}, {"symbol": "BTCUSDT", "bids": [[88093.8, 5.326], [88093.7, 0.007], [88093.6, 0.003], [88093.5, 0.003], [88093.4, 0.003], [88093.3, 0.005], [88093.2, 0.003], [88093.1, 0.003], [88093.0, 0.021], [88092.9, 0.005], [88092.7, 0.002], [88092.4, 0.421], [88092.3, 0.355], [88092.2, 0.002], [88092.0, 0.002], [88091.8, 0.002], [88091.6, 0.002], [88091.3, 0.002], [88091.0, 0.002], [88090.9, 0.853]], "asks": [[88093.9, 1.483], [88094.0, 0.004], [88094.1, 0.002], [88094.4, 0.002], [88094.5, 0.002], [88095.0, 0.083], [88095.1, 0.002], [88095.2, 0.004], [88095.5, 0.003], [88095.6, 0.002], [88095.8, 0.002], [88096.1, 0.102], [88096.4, 0.014], [88096.5, 0.002], [88096.7, 0.002], [88096.8, 0.002], [88097.1, 0.046], [88097.2, 0.002], [88097.3, 0.002], [88097.4, 0.002]], "timestamp": "2025-12-19T22:16:06.839775+00:00"}, {"symbol": "BTCUSDT", "bids": [[88082.9, 10.279], [88082.8, 0.026], [88082.7, 0.002], [88082.5, 0.002], [88082.3, 0.01], [88082.1, 0.128], [88082.0, 0.172], [88081.9, 0.044], [88081.8, 0.004], [88081.4, 0.116], [88081.2, 0.046], [88080.9, 0.018], [88080.8, 0.008], [88080.3, 0.002], [88080.1, 0.103], [88080.0, 0.002], [88079.7, 0.026], [88079.6, 0.002], [88079.5, 0.002], [88079.4, 0.002]], "asks": [[88083.0, 0.656], [88083.1, 0.014], [88083.3, 0.004], [88083.5, 0.002], [88083.6, 0.002], [88084.2, 0.002], [88084.7, 0.002], [88085.0, 0.008], [88085.2, 0.002], [88085.3, 0.002], [88085.4, 0.004], [88085.8, 0.002], [88085.9, 0.002], [88086.0, 0.002], [88086.3, 0.002], [88086.8, 0.002], [88086.9, 0.003], [88087.0, 0.002], [88087.1, 0.002], [88087.2, 0.002]], "timestamp": "2025-12-19T22:17:01.215658+00:00"}, {"symbol": "BTCUSDT", "bids": [[88074.0, 2.067], [88073.9, 0.004], [88073.7, 0.002], [88073.6, 0.002], [88073.3, 0.002], [88072.9, 0.002], [88072.7, 0.002], [88072.4, 0.002], [88072.2, 0.116], [88071.7, 0.002], [88071.5, 0.009], [88071.3, 0.043], [88071.1, 0.002], [88071.0, 0.002], [88070.9, 0.005], [88070.4, 0.006], [88070.3, 0.067], [88070.0, 0.002], [88069.9, 0.002], [88069.8, 0.004]], "asks": [[88074.1, 4.876], [88074.2, 0.004], [88074.7, 0.002], [88074.8, 0.002], [88075.7, 0.006], [88075.9, 0.002], [88076.0, 0.002], [88076.1, 0.002], [88076.3, 0.017], [88076.4, 0.002], [88076.6, 0.459], [88076.7, 0.004], [88076.8, 0.003], [88076.9, 0.14], [88077.1, 0.114], [88077.4, 0.002], [88077.5, 1.021], [88077.6, 0.056], [88077.7, 0.008], [88077.8, 0.717]], "timestamp": "2025-12-19T22:17:59.073191+00:00"}, {"symbol": "BTCUSDT", "bids": [[88119.5, 6.633], [88119.4, 0.008], [88119.2, 0.113], [88119.0, 0.004], [88118.9, 0.004], [88118.8, 0.002], [88118.7, 0.002], [88118.5, 0.01], [88118.4, 0.002], [88118.3, 0.002], [88117.9, 0.085], [88117.8, 0.004], [88117.4, 0.002], [88117.3, 0.444], [88117.2, 0.002], [88117.1, 0.013], [88117.0, 0.044], [88116.8, 0.002], [88116.5, 0.002], [88116.3, 0.002]], "asks": [[88119.6, 2.198], [88119.7, 0.006], [88119.9, 0.002], [88120.0, 0.003], [88120.2, 0.002], [88120.6, 0.116], [88120.7, 0.008], [88121.0, 0.018], [88121.2, 0.004], [88121.4, 0.081], [88121.7, 0.115], [88121.8, 0.002], [88122.2, 0.004], [88122.7, 0.002], [88122.8, 0.002], [88123.2, 0.004], [88123.3, 0.062], [88123.4, 0.183], [88123.5, 0.008], [88123.7, 0.004]], "timestamp": "2025-12-19T22:18:52.132053+00:00"}, {"symbol": "BTCUSDT", "bids": [[88150.9, 6.513], [88150.8, 0.073], [88150.7, 0.002], [88150.5, 0.078], [88150.4, 0.002], [88150.3, 0.017], [88150.0, 0.114], [88149.9, 0.011], [88149.8, 0.019], [88149.6, 0.004], [88149.1, 0.006], [88148.9, 0.002], [88148.6, 0.002], [88148.2, 0.002], [88148.1, 0.002], [88147.9, 0.114], [88147.8, 0.009], [88147.7, 0.003], [88147.6, 0.003], [88147.5, 0.003]], "asks": [[88151.0, 0.581], [88151.1, 0.002], [88151.2, 0.002], [88151.7, 0.002], [88152.2, 0.002], [88152.4, 0.002], [88152.6, 0.277], [88152.7, 0.002], [88153.0, 0.004], [88153.1, 0.002], [88153.2, 0.002], [88153.5, 0.002], [88153.7, 0.002], [88154.0, 0.007], [88154.1, 0.002], [88154.2, 0.002], [88154.3, 0.012], [88154.4, 0.002], [88154.6, 0.006], [88154.7, 0.002]], "timestamp": "2025-12-19T22:19:46.654873+00:00"}, {"symbol": "BTCUSDT", "bids": [[88170.9, 0.573], [88170.8, 0.002], [88170.6, 0.002], [88170.2, 0.011], [88170.1, 0.004], [88170.0, 0.017], [88169.8, 0.003], [88169.4, 0.004], [88169.2, 0.002], [88168.7, 0.002], [88168.5, 0.002], [88167.9, 0.002], [88167.6, 0.002], [88167.5, 0.002], [88167.4, 0.002], [88167.2, 0.002], [88167.1, 0.002], [88167.0, 0.002], [88166.9, 0.007], [88166.8, 0.002]], "asks": [[88171.0, 2.139], [88171.1, 0.006], [88171.2, 0.004], [88171.4, 0.478], [88171.5, 0.126], [88171.6, 1.039], [88171.7, 0.081], [88171.8, 0.002], [88171.9, 0.002], [88172.0, 0.002], [88172.1, 0.014], [88172.2, 0.002], [88172.4, 0.006], [88172.5, 0.022], [88172.7, 0.002], [88172.8, 0.14], [88173.0, 0.017], [88173.2, 0.002], [88173.4, 0.011], [88173.6, 0.005]], "timestamp": "2025-12-19T22:20:39.536606+00:00"}, {"symbol": "BTCUSDT", "bids": [[88160.8, 1.122], [88160.7, 0.004], [88160.6, 0.002], [88160.4, 0.002], [88160.2, 0.003], [88160.1, 0.003], [88160.0, 0.005], [88159.9, 0.007], [88159.8, 0.003], [88159.7, 0.005], [88159.6, 0.003], [88159.5, 0.002], [88159.4, 0.002], [88158.8, 0.078], [88158.7, 0.044], [88158.6, 0.002], [88158.4, 0.002], [88158.2, 0.002], [88158.1, 0.002], [88158.0, 0.002]], "asks": [[88160.9, 2.169], [88161.0, 0.004], [88161.2, 0.002], [88161.3, 0.09], [88161.4, 0.002], [88162.0, 0.002], [88162.2, 0.002], [88162.5, 0.023], [88162.8, 0.002], [88162.9, 0.002], [88163.0, 0.735], [88163.1, 0.118], [88163.8, 0.002], [88164.0, 0.002], [88164.2, 0.002], [88164.5, 0.023], [88164.7, 0.018], [88164.8, 0.002], [88164.9, 0.004], [88165.0, 0.002]], "timestamp": "2025-12-19T22:21:31.759166+00:00"}, {"symbol": "BTCUSDT", "bids": [[88143.8, 8.142], [88143.7, 0.099], [88143.6, 0.062], [88143.1, 0.002], [88142.4, 0.269], [88142.3, 0.025], [88142.2, 0.002], [88141.8, 0.002], [88141.7, 0.01], [88141.6, 0.179], [88141.5, 0.117], [88141.4, 0.002], [88141.3, 0.008], [88141.2, 0.043], [88141.1, 0.004], [88141.0, 0.006], [88140.8, 0.004], [88140.7, 0.114], [88140.3, 0.33], [88140.2, 0.002]], "asks": [[88143.9, 2.204], [88144.0, 0.002], [88144.4, 0.002], [88144.5, 0.002], [88145.1, 0.002], [88145.2, 0.002], [88145.5, 0.002], [88145.6, 0.002], [88146.0, 0.002], [88146.1, 0.002], [88146.4, 0.002], [88146.5, 0.002], [88146.6, 0.002], [88146.7, 0.002], [88146.8, 0.002], [88146.9, 0.079], [88147.0, 0.002], [88147.1, 0.002], [88147.3, 0.002], [88147.4, 0.003]], "timestamp": "2025-12-19T22:22:24.156339+00:00"}, {"symbol": "BTCUSDT", "bids": [[88190.9, 1.147], [88190.8, 0.008], [88190.6, 0.005], [88190.5, 0.002], [88190.4, 0.002], [88190.2, 0.003], [88190.1, 0.003], [88190.0, 0.002], [88189.8, 0.003], [88189.7, 0.005], [88189.6, 0.012], [88189.5, 0.005], [88189.4, 0.004], [88189.3, 0.017], [88189.2, 0.002], [88189.0, 0.004], [88188.8, 0.002], [88188.6, 0.046], [88188.5, 0.015], [88188.3, 0.025]], "asks": [[88191.0, 9.874], [88191.1, 0.411], [88191.2, 0.002], [88191.3, 0.002], [88192.1, 0.005], [88192.2, 0.002], [88192.6, 0.027], [88192.7, 0.039], [88192.8, 0.015], [88192.9, 0.081], [88193.0, 1.162], [88193.1, 0.083], [88193.3, 0.114], [88193.6, 0.002], [88193.7, 0.022], [88193.8, 0.342], [88194.0, 0.013], [88194.1, 0.474], [88194.2, 0.45], [88194.3, 0.251]], "timestamp": "2025-12-19T22:23:17.411873+00:00"}, {"symbol": "BTCUSDT", "bids": [[88192.9, 4.961], [88192.8, 0.182], [88192.5, 0.002], [88192.3, 0.002], [88192.2, 0.002], [88191.9, 0.172], [88191.8, 0.013], [88191.7, 0.114], [88191.5, 0.005], [88191.4, 0.002], [88191.3, 0.004], [88191.0, 0.026], [88190.8, 0.002], [88190.7, 0.243], [88190.4, 0.002], [88190.3, 0.002], [88190.1, 0.002], [88190.0, 0.002], [88189.8, 0.002], [88189.7, 0.025]], "asks": [[88193.0, 0.179], [88193.1, 0.004], [88193.4, 0.002], [88193.6, 0.002], [88193.8, 0.002], [88194.0, 0.002], [88194.1, 0.002], [88194.6, 0.004], [88194.9, 0.002], [88195.0, 0.002], [88195.1, 0.002], [88195.5, 0.056], [88195.6, 0.002], [88195.7, 0.003], [88195.8, 0.002], [88196.1, 0.002], [88196.2, 0.002], [88196.5, 0.002], [88196.6, 0.004], [88197.1, 0.004]], "timestamp": "2025-12-19T22:24:11.079749+00:00"}, {"symbol": "BTCUSDT", "bids": [[88217.7, 10.199], [88217.6, 0.008], [88217.2, 0.002], [88217.1, 0.002], [88217.0, 0.002], [88216.9, 0.002], [88216.3, 0.116], [88216.1, 0.002], [88215.9, 0.294], [88215.8, 0.853], [88215.7, 0.25], [88215.6, 0.006], [88215.2, 0.023], [88215.1, 0.006], [88215.0, 0.002], [88214.4, 0.004], [88214.3, 0.051], [88214.2, 0.172], [88214.0, 0.04], [88213.9, 0.002]], "asks": [[88217.8, 0.272], [88217.9, 0.002], [88218.0, 0.004], [88218.2, 0.002], [88218.3, 0.002], [88218.7, 0.003], [88218.8, 0.01], [88219.3, 0.002], [88219.5, 0.002], [88219.7, 0.011], [88219.8, 0.002], [88220.0, 0.004], [88220.2, 0.006], [88220.3, 0.004], [88220.6, 0.004], [88220.8, 0.002], [88221.4, 0.079], [88221.6, 0.002], [88221.7, 0.002], [88221.9, 0.002]], "timestamp": "2025-12-19T22:25:04.956230+00:00"}, {"symbol": "BTCUSDT", "bids": [[88255.0, 2.868], [88254.9, 0.002], [88254.5, 0.058], [88254.4, 0.004], [88254.1, 0.005], [88254.0, 0.006], [88253.9, 0.002], [88253.8, 0.002], [88253.6, 0.003], [88253.2, 0.002], [88252.7, 0.002], [88251.9, 0.002], [88251.7, 0.002], [88251.3, 0.06], [88250.9, 0.002], [88250.8, 0.002], [88250.6, 0.004], [88250.4, 0.004], [88250.3, 0.002], [88250.2, 0.043]], "asks": [[88255.1, 6.477], [88255.2, 0.006], [88255.3, 0.114], [88256.7, 0.033], [88257.4, 0.204], [88257.5, 1.019], [88257.6, 0.035], [88258.2, 0.016], [88258.3, 0.002], [88258.7, 0.156], [88259.0, 0.002], [88259.3, 0.114], [88259.4, 0.065], [88259.6, 0.002], [88259.8, 0.265], [88259.9, 0.504], [88260.0, 0.016], [88260.1, 0.013], [88260.2, 0.002], [88260.3, 0.002]], "timestamp": "2025-12-19T22:25:57.590762+00:00"}, {"symbol": "BTCUSDT", "bids": [[88279.9, 2.121], [88279.8, 0.004], [88279.5, 0.002], [88279.4, 0.002], [88279.2, 0.002], [88279.1, 0.011], [88279.0, 0.004], [88278.9, 0.002], [88278.7, 0.004], [88278.2, 0.002], [88277.8, 0.002], [88277.7, 0.023], [88277.6, 0.023], [88277.5, 0.114], [88277.2, 0.004], [88277.1, 0.009], [88277.0, 0.002], [88276.9, 0.002], [88276.8, 0.015], [88276.7, 0.246]], "asks": [[88280.0, 1.123], [88280.1, 0.002], [88280.4, 0.004], [88280.7, 0.008], [88280.9, 0.002], [88281.0, 0.004], [88281.1, 0.002], [88281.2, 0.006], [88281.4, 0.002], [88281.5, 0.003], [88281.6, 0.002], [88281.8, 0.002], [88281.9, 0.002], [88282.4, 0.081], [88282.5, 0.008], [88282.9, 0.115], [88283.0, 0.102], [88283.3, 0.002], [88283.4, 0.002], [88283.5, 0.002]], "timestamp": "2025-12-19T22:26:50.940573+00:00"}, {"symbol": "BTCUSDT", "bids": [[88256.2, 1.056], [88256.1, 0.004], [88255.8, 0.064], [88255.7, 0.004], [88255.2, 0.002], [88255.1, 0.062], [88254.9, 0.004], [88254.8, 0.017], [88254.2, 0.014], [88254.0, 0.015], [88253.9, 0.002], [88253.7, 0.002], [88253.0, 0.002], [88252.3, 0.022], [88252.2, 0.004], [88252.1, 0.033], [88251.9, 0.002], [88251.8, 0.002], [88251.7, 0.004], [88251.4, 0.002]], "asks": [[88256.3, 2.688], [88256.4, 0.002], [88256.5, 0.002], [88256.6, 0.002], [88257.0, 0.006], [88257.1, 0.004], [88257.3, 0.023], [88257.4, 0.002], [88257.5, 0.002], [88257.6, 0.058], [88257.9, 0.002], [88258.3, 0.002], [88258.4, 0.002], [88258.5, 0.116], [88259.0, 0.025], [88259.1, 0.002], [88259.2, 0.002], [88259.3, 0.002], [88259.6, 0.004], [88259.7, 0.002]], "timestamp": "2025-12-19T22:27:44.011178+00:00"}, {"symbol": "BTCUSDT", "bids": [[88173.7, 10.25], [88173.6, 0.184], [88173.5, 0.004], [88173.1, 0.002], [88173.0, 0.116], [88172.7, 0.002], [88172.2, 0.002], [88172.0, 0.002], [88171.6, 0.142], [88171.5, 0.002], [88171.2, 0.004], [88171.0, 0.002], [88170.9, 0.129], [88170.8, 0.14], [88170.1, 0.002], [88170.0, 0.002], [88169.8, 0.1], [88169.7, 0.002], [88169.6, 0.002], [88169.5, 0.005]], "asks": [[88173.8, 0.25], [88173.9, 0.002], [88174.2, 0.002], [88174.4, 0.002], [88174.6, 0.002], [88174.7, 0.002], [88174.8, 0.002], [88175.0, 0.002], [88175.2, 0.002], [88175.7, 0.002], [88176.0, 0.002], [88176.2, 0.002], [88176.4, 0.002], [88176.6, 0.002], [88176.7, 0.002], [88177.2, 0.002], [88177.3, 0.002], [88177.4, 0.002], [88177.7, 0.002], [88178.2, 0.002]], "timestamp": "2025-12-19T22:28:37.028658+00:00"}, {"symbol": "BTCUSDT", "bids": [[88184.1, 2.775], [88184.0, 0.006], [88183.7, 0.017], [88183.5, 0.002], [88183.3, 0.018], [88182.9, 0.002], [88182.6, 0.002], [88182.3, 0.002], [88182.0, 0.004], [88181.6, 0.03], [88181.4, 0.026], [88181.3, 0.114], [88181.1, 0.058], [88180.6, 0.002], [88180.2, 0.025], [88180.1, 0.002], [88180.0, 0.004], [88179.6, 0.002], [88179.3, 0.013], [88179.1, 0.002]], "asks": [[88184.2, 1.668], [88184.3, 0.059], [88184.4, 0.363], [88184.7, 0.002], [88185.0, 0.002], [88185.1, 0.007], [88185.2, 0.028], [88185.7, 0.006], [88186.2, 0.002], [88186.3, 0.039], [88186.5, 0.002], [88186.7, 0.002], [88186.8, 0.002], [88186.9, 0.002], [88187.2, 0.058], [88187.4, 0.067], [88187.6, 0.003], [88187.7, 0.063], [88187.8, 0.076], [88187.9, 4.35]], "timestamp": "2025-12-19T22:29:30.892740+00:00"}, {"symbol": "BTCUSDT", "bids": [[88201.2, 7.897], [88201.1, 0.141], [88201.0, 0.002], [88200.9, 0.002], [88200.7, 0.051], [88200.6, 0.002], [88200.3, 0.002], [88200.2, 0.023], [88200.1, 0.116], [88200.0, 0.102], [88199.9, 0.126], [88199.8, 0.031], [88199.4, 0.004], [88199.2, 0.002], [88198.9, 0.002], [88198.5, 0.002], [88198.4, 0.002], [88198.2, 0.039], [88198.0, 0.002], [88197.9, 0.002]], "asks": [[88201.3, 0.416], [88201.4, 0.002], [88201.7, 0.002], [88201.8, 0.002], [88201.9, 0.002], [88202.2, 0.002], [88202.4, 0.01], [88202.7, 0.002], [88203.2, 0.002], [88203.6, 0.002], [88203.7, 0.002], [88203.8, 0.054], [88204.0, 0.074], [88204.1, 0.002], [88204.2, 0.002], [88204.4, 0.002], [88204.6, 0.002], [88204.7, 0.002], [88204.8, 0.002], [88204.9, 0.009]], "timestamp": "2025-12-19T22:30:25.063342+00:00"}, {"symbol": "BTCUSDT", "bids": [[88129.8, 2.694], [88129.7, 0.006], [88129.5, 0.002], [88129.3, 0.002], [88129.2, 0.114], [88128.9, 0.002], [88128.4, 0.002], [88128.1, 0.019], [88128.0, 0.006], [88127.9, 0.002], [88127.8, 0.002], [88127.6, 0.004], [88127.2, 0.002], [88126.7, 0.002], [88126.5, 0.09], [88126.1, 0.114], [88126.0, 0.023], [88125.9, 0.002], [88125.8, 0.002], [88125.4, 0.166]], "asks": [[88129.9, 1.583], [88130.0, 0.004], [88130.5, 0.002], [88131.0, 0.002], [88131.5, 0.002], [88132.0, 0.004], [88132.2, 0.002], [88132.4, 0.002], [88132.6, 0.002], [88132.7, 0.002], [88132.8, 0.002], [88133.2, 0.006], [88133.3, 0.004], [88133.4, 0.006], [88133.8, 0.002], [88133.9, 0.002], [88134.2, 0.003], [88134.3, 0.007], [88134.4, 0.003], [88134.5, 0.006]], "timestamp": "2025-12-19T22:31:18.721722+00:00"}, {"symbol": "BTCUSDT", "bids": [[88166.3, 5.298], [88166.2, 0.004], [88166.0, 0.017], [88165.9, 0.002], [88165.8, 0.002], [88165.7, 0.002], [88165.4, 0.026], [88165.0, 0.002], [88164.6, 0.002], [88164.3, 0.002], [88164.0, 0.025], [88163.8, 0.002], [88163.2, 0.002], [88163.1, 0.002], [88162.8, 0.19], [88162.7, 0.056], [88162.6, 0.002], [88162.5, 0.114], [88162.4, 0.007], [88162.3, 0.003]], "asks": [[88166.4, 1.867], [88166.5, 0.002], [88166.8, 0.007], [88166.9, 0.003], [88167.1, 1.276], [88167.2, 0.008], [88167.3, 0.002], [88167.8, 0.002], [88168.3, 0.002], [88168.6, 0.002], [88168.8, 0.002], [88169.0, 0.002], [88169.3, 0.002], [88169.5, 0.002], [88169.6, 0.002], [88169.7, 0.002], [88169.8, 0.002], [88169.9, 0.004], [88170.0, 0.002], [88170.3, 0.004]], "timestamp": "2025-12-19T22:32:12.278293+00:00"}, {"symbol": "BTCUSDT", "bids": [[88191.2, 20.461], [88191.1, 0.137], [88191.0, 0.004], [88190.4, 0.002], [88190.2, 0.002], [88190.1, 0.002], [88190.0, 0.157], [88189.7, 0.048], [88189.6, 0.023], [88189.5, 0.002], [88189.4, 0.01], [88189.2, 0.002], [88189.1, 0.028], [88189.0, 0.002], [88188.8, 0.002], [88188.6, 0.002], [88188.3, 0.047], [88188.1, 0.002], [88187.9, 0.102], [88187.8, 0.114]], "asks": [[88191.3, 0.669], [88191.4, 0.004], [88191.8, 0.002], [88192.0, 0.008], [88192.1, 0.113], [88192.2, 0.002], [88192.3, 0.002], [88192.7, 0.006], [88192.8, 0.081], [88193.0, 0.006], [88193.1, 0.002], [88193.3, 0.002], [88193.6, 0.002], [88193.8, 0.002], [88194.0, 0.004], [88194.2, 0.025], [88194.3, 0.013], [88194.6, 0.002], [88194.7, 0.002], [88194.8, 0.002]], "timestamp": "2025-12-19T22:33:05.833812+00:00"}, {"symbol": "BTCUSDT", "bids": [[88216.6, 3.129], [88216.5, 0.002], [88216.4, 0.002], [88215.9, 0.002], [88215.8, 0.003], [88215.6, 0.002], [88215.4, 0.002], [88215.3, 0.031], [88215.2, 0.004], [88215.1, 0.002], [88215.0, 0.003], [88214.9, 0.003], [88214.8, 0.003], [88214.7, 0.005], [88214.6, 0.021], [88214.5, 0.005], [88214.4, 0.102], [88214.2, 0.004], [88213.8, 0.002], [88213.7, 0.002]], "asks": [[88216.7, 6.113], [88216.8, 0.136], [88217.1, 0.002], [88217.2, 0.002], [88217.5, 0.023], [88217.8, 0.002], [88218.0, 0.002], [88218.4, 0.002], [88219.0, 0.102], [88219.1, 0.002], [88219.2, 0.006], [88219.3, 0.002], [88219.6, 0.002], [88219.8, 0.004], [88219.9, 0.151], [88220.0, 0.004], [88220.2, 0.005], [88220.3, 0.002], [88220.4, 0.002], [88220.6, 0.002]], "timestamp": "2025-12-19T22:33:59.199406+00:00"}, {"symbol": "BTCUSDT", "bids": [[88180.0, 0.308], [88179.9, 0.002], [88179.8, 0.002], [88179.5, 0.002], [88179.3, 0.006], [88179.1, 0.002], [88179.0, 0.006], [88178.5, 0.002], [88178.2, 0.002], [88178.0, 0.002], [88177.5, 0.03], [88177.3, 0.002], [88177.2, 0.004], [88177.1, 0.002], [88177.0, 0.004], [88176.5, 0.004], [88176.4, 0.002], [88176.3, 0.006], [88176.0, 0.274], [88175.8, 0.006]], "asks": [[88180.1, 1.685], [88180.2, 0.005], [88180.3, 0.003], [88180.4, 0.005], [88180.6, 0.002], [88180.8, 0.004], [88180.9, 0.003], [88181.2, 0.023], [88181.5, 0.007], [88181.6, 0.002], [88181.7, 0.125], [88181.8, 0.124], [88182.0, 0.004], [88182.2, 0.01], [88182.3, 0.002], [88182.4, 0.002], [88182.5, 0.002], [88182.8, 0.002], [88182.9, 0.002], [88183.0, 0.023]], "timestamp": "2025-12-19T22:34:53.467562+00:00"}, {"symbol": "BTCUSDT", "bids": [[88201.4, 2.498], [88201.3, 0.02], [88201.1, 0.004], [88201.0, 0.002], [88200.8, 0.002], [88200.6, 0.002], [88200.3, 0.002], [88200.1, 0.002], [88200.0, 0.002], [88199.6, 0.002], [88199.4, 0.002], [88199.1, 0.002], [88198.6, 0.002], [88198.5, 0.002], [88198.2, 0.002], [88198.0, 0.004], [88197.9, 0.006], [88197.5, 0.004], [88197.4, 0.014], [88197.3, 0.002]], "asks": [[88201.5, 2.041], [88201.6, 0.004], [88201.7, 0.014], [88201.8, 0.045], [88202.1, 0.002], [88202.4, 0.007], [88202.6, 0.002], [88202.8, 0.002], [88202.9, 0.004], [88203.0, 0.257], [88203.3, 0.313], [88203.4, 0.002], [88203.8, 0.313], [88203.9, 0.003], [88204.0, 0.002], [88204.1, 0.002], [88204.5, 0.12], [88204.7, 0.004], [88205.0, 0.004], [88205.2, 0.002]], "timestamp": "2025-12-19T22:35:48.549956+00:00"}, {"symbol": "BTCUSDT", "bids": [[88186.7, 1.672], [88186.6, 0.022], [88186.4, 0.006], [88186.1, 0.002], [88186.0, 0.002], [88185.6, 0.002], [88185.4, 0.026], [88185.3, 0.064], [88185.1, 0.002], [88184.8, 0.002], [88184.4, 0.022], [88184.2, 0.007], [88183.6, 0.002], [88183.5, 0.002], [88183.4, 0.002], [88183.3, 0.003], [88183.1, 0.006], [88182.9, 0.002], [88182.7, 0.01], [88182.6, 0.002]], "asks": [[88186.8, 3.983], [88186.9, 0.134], [88187.0, 0.004], [88187.1, 0.079], [88187.4, 0.002], [88187.6, 0.002], [88187.7, 0.005], [88187.8, 0.004], [88188.3, 0.012], [88188.4, 1.022], [88188.5, 0.033], [88188.7, 0.002], [88189.2, 0.284], [88189.3, 0.004], [88189.4, 0.025], [88189.6, 0.002], [88189.8, 0.002], [88190.0, 0.004], [88190.1, 0.002], [88190.2, 0.023]], "timestamp": "2025-12-19T22:36:42.209412+00:00"}, {"symbol": "BTCUSDT", "bids": [[88222.5, 6.976], [88222.4, 0.018], [88222.2, 0.002], [88222.0, 0.002], [88221.5, 0.002], [88221.4, 0.034], [88221.3, 0.058], [88221.0, 0.046], [88220.5, 0.004], [88220.0, 0.106], [88219.8, 0.002], [88219.5, 0.023], [88219.3, 0.002], [88219.0, 0.002], [88218.6, 0.004], [88218.5, 0.004], [88218.3, 0.074], [88218.2, 0.189], [88218.1, 0.116], [88218.0, 0.002]], "asks": [[88222.6, 1.436], [88222.7, 0.002], [88223.1, 0.002], [88223.2, 0.002], [88223.6, 0.002], [88224.1, 0.002], [88224.3, 0.002], [88224.4, 0.002], [88224.6, 0.016], [88225.0, 0.004], [88225.1, 0.002], [88225.4, 0.002], [88225.5, 0.006], [88225.6, 0.002], [88225.8, 0.002], [88226.0, 0.006], [88226.1, 0.116], [88226.5, 0.002], [88226.7, 0.008], [88226.8, 0.003]], "timestamp": "2025-12-19T22:37:35.866164+00:00"}, {"symbol": "BTCUSDT", "bids": [[88272.8, 1.493], [88272.7, 0.002], [88272.6, 0.004], [88272.5, 0.002], [88272.4, 0.058], [88272.1, 0.016], [88272.0, 0.002], [88271.9, 0.002], [88271.7, 0.002], [88271.6, 0.002], [88271.3, 0.002], [88271.1, 0.002], [88270.8, 0.006], [88270.5, 0.002], [88270.4, 0.002], [88270.3, 0.002], [88270.1, 0.268], [88270.0, 0.977], [88269.9, 0.002], [88269.8, 0.002]], "asks": [[88272.9, 5.624], [88273.0, 0.011], [88274.2, 0.193], [88275.0, 0.002], [88275.4, 0.172], [88275.6, 0.011], [88276.0, 0.063], [88276.1, 0.002], [88276.5, 0.002], [88276.8, 0.002], [88276.9, 0.008], [88277.2, 0.002], [88277.3, 0.302], [88277.4, 0.002], [88277.5, 0.003], [88277.7, 0.005], [88277.8, 0.002], [88277.9, 0.003], [88278.0, 0.002], [88278.1, 1.019]], "timestamp": "2025-12-19T22:38:30.985546+00:00"}, {"symbol": "BTCUSDT", "bids": [[88227.2, 2.26], [88227.1, 0.008], [88227.0, 0.002], [88226.7, 0.004], [88226.6, 0.002], [88226.4, 0.005], [88226.3, 0.091], [88226.2, 0.227], [88226.1, 0.022], [88225.8, 0.002], [88225.7, 0.002], [88225.5, 0.006], [88225.2, 0.002], [88225.0, 0.271], [88224.7, 0.004], [88224.5, 0.172], [88224.4, 0.002], [88224.3, 0.011], [88224.2, 0.004], [88224.0, 0.002]], "asks": [[88227.3, 3.704], [88227.4, 0.006], [88227.6, 0.079], [88227.9, 0.002], [88228.2, 0.002], [88228.3, 0.002], [88228.5, 0.023], [88228.8, 0.002], [88230.0, 0.002], [88230.1, 0.002], [88230.2, 2.203], [88230.3, 3.4], [88230.4, 0.01], [88230.6, 0.004], [88230.7, 3.402], [88230.8, 2.602], [88230.9, 0.046], [88231.1, 0.025], [88231.2, 0.002], [88231.3, 0.002]], "timestamp": "2025-12-19T22:39:24.207001+00:00"}, {"symbol": "BTCUSDT", "bids": [[88299.8, 3.721], [88299.7, 0.083], [88299.6, 0.002], [88299.2, 0.002], [88299.1, 0.002], [88299.0, 0.058], [88298.6, 0.002], [88298.1, 0.176], [88297.2, 0.002], [88296.6, 0.002], [88295.8, 0.002], [88295.7, 0.002], [88295.4, 0.002], [88295.3, 0.199], [88295.2, 0.002], [88295.0, 0.002], [88294.8, 0.119], [88294.6, 0.01], [88294.5, 0.219], [88294.3, 0.002]], "asks": [[88299.9, 1.494], [88300.0, 7.392], [88300.1, 0.01], [88300.2, 0.011], [88300.3, 0.006], [88300.4, 0.002], [88300.6, 0.019], [88300.8, 0.045], [88300.9, 0.002], [88301.2, 0.002], [88301.3, 0.014], [88301.4, 0.002], [88301.7, 0.127], [88301.9, 0.004], [88302.3, 0.002], [88302.4, 0.004], [88302.6, 0.002], [88302.8, 0.002], [88302.9, 0.002], [88303.0, 0.002]], "timestamp": "2025-12-19T22:40:17.660114+00:00"}, {"symbol": "BTCUSDT", "bids": [[88337.9, 3.253], [88337.8, 0.204], [88337.3, 0.042], [88337.2, 0.042], [88337.0, 0.002], [88336.6, 0.055], [88336.4, 0.002], [88335.9, 0.004], [88335.1, 0.002], [88335.0, 0.187], [88334.6, 0.002], [88334.4, 0.086], [88334.3, 0.004], [88334.2, 0.023], [88334.1, 0.118], [88334.0, 0.002], [88333.9, 0.013], [88333.6, 0.002], [88333.3, 0.002], [88333.2, 0.004]], "asks": [[88338.0, 2.429], [88338.1, 0.002], [88338.2, 0.002], [88338.7, 0.002], [88339.2, 0.004], [88339.5, 0.003], [88339.6, 0.002], [88339.7, 0.002], [88339.9, 0.116], [88340.0, 0.03], [88340.1, 0.321], [88340.2, 0.504], [88340.4, 0.002], [88340.6, 0.023], [88340.7, 0.002], [88340.8, 0.02], [88340.9, 0.019], [88341.0, 0.002], [88341.1, 0.023], [88341.2, 0.008]], "timestamp": "2025-12-19T22:41:10.722887+00:00"}, {"symbol": "BTCUSDT", "bids": [[88335.3, 5.309], [88335.2, 0.021], [88335.0, 0.002], [88334.6, 0.002], [88334.4, 0.002], [88334.0, 0.015], [88333.9, 0.002], [88333.8, 0.002], [88333.3, 0.142], [88333.2, 0.002], [88333.0, 0.002], [88332.8, 0.172], [88332.7, 0.543], [88332.3, 0.002], [88331.8, 0.002], [88331.5, 0.005], [88331.4, 0.002], [88331.3, 0.002], [88330.9, 0.113], [88330.8, 0.027]], "asks": [[88335.4, 1.167], [88335.5, 0.002], [88336.2, 0.002], [88336.6, 0.085], [88336.9, 0.002], [88337.1, 0.006], [88337.4, 0.002], [88337.6, 0.002], [88338.0, 0.004], [88338.2, 0.002], [88338.3, 0.38], [88338.5, 0.002], [88338.8, 0.025], [88339.1, 0.002], [88339.3, 0.002], [88339.4, 0.009], [88339.5, 0.002], [88339.9, 0.004], [88340.0, 0.002], [88340.2, 0.002]], "timestamp": "2025-12-19T22:42:03.458646+00:00"}, {"symbol": "BTCUSDT", "bids": [[88343.1, 0.455], [88343.0, 0.002], [88342.8, 0.002], [88342.7, 0.004], [88342.2, 0.002], [88341.7, 0.224], [88341.6, 0.063], [88341.1, 0.209], [88340.9, 0.003], [88340.6, 0.002], [88340.5, 0.002], [88340.2, 0.002], [88340.0, 0.004], [88339.9, 0.002], [88339.7, 0.002], [88339.6, 0.132], [88339.5, 0.004], [88339.2, 0.004], [88338.9, 0.006], [88338.8, 0.004]], "asks": [[88343.2, 8.536], [88343.3, 0.002], [88344.0, 0.004], [88344.2, 0.1], [88344.3, 0.107], [88344.4, 0.296], [88344.5, 0.002], [88344.6, 0.002], [88345.0, 0.002], [88345.2, 0.015], [88345.3, 0.005], [88345.4, 0.023], [88345.5, 0.04], [88345.6, 0.079], [88346.6, 0.04], [88346.7, 0.023], [88347.0, 0.004], [88347.1, 0.002], [88347.2, 0.023], [88347.4, 0.011]], "timestamp": "2025-12-19T22:42:56.586373+00:00"}, {"symbol": "BTCUSDT", "bids": [[88345.2, 5.94], [88345.1, 0.93], [88344.8, 0.8], [88344.6, 0.802], [88344.3, 0.016], [88344.1, 0.002], [88344.0, 0.004], [88343.6, 0.002], [88343.4, 0.035], [88343.2, 0.005], [88343.1, 0.002], [88342.9, 0.023], [88342.6, 0.002], [88342.4, 0.003], [88342.1, 0.002], [88341.8, 0.002], [88341.6, 0.935], [88341.5, 1.002], [88341.4, 1.227], [88341.3, 0.006]], "asks": [[88345.3, 1.45], [88345.4, 0.004], [88345.5, 0.004], [88345.6, 0.002], [88346.0, 0.002], [88346.7, 0.005], [88346.9, 1.02], [88347.0, 0.262], [88347.5, 0.007], [88347.6, 0.007], [88347.7, 0.025], [88347.8, 0.008], [88347.9, 0.002], [88348.0, 0.002], [88348.1, 0.027], [88348.2, 0.199], [88348.3, 0.005], [88348.5, 0.013], [88348.7, 0.002], [88349.1, 0.005]], "timestamp": "2025-12-19T22:43:49.741965+00:00"}, {"symbol": "BTCUSDT", "bids": [[88337.8, 8.448], [88337.7, 1.622], [88337.6, 0.802], [88337.5, 0.802], [88337.4, 0.002], [88336.9, 1.8], [88336.8, 1.071], [88336.7, 0.017], [88336.6, 0.002], [88336.5, 0.114], [88336.3, 0.005], [88336.2, 0.002], [88335.9, 0.018], [88335.8, 0.003], [88335.4, 0.002], [88335.0, 0.004], [88334.9, 0.006], [88334.7, 0.003], [88334.4, 0.006], [88334.1, 0.033]], "asks": [[88337.9, 0.139], [88338.0, 0.002], [88338.4, 0.002], [88338.7, 0.006], [88338.8, 0.002], [88339.1, 0.007], [88339.5, 0.058], [88339.6, 0.002], [88340.0, 0.002], [88340.1, 0.055], [88340.2, 0.002], [88340.5, 0.002], [88340.6, 0.007], [88340.7, 0.005], [88340.8, 0.004], [88341.0, 0.033], [88341.1, 0.003], [88341.2, 0.006], [88341.3, 0.002], [88341.4, 0.114]], "timestamp": "2025-12-19T22:44:43.288368+00:00"}, {"symbol": "BTCUSDT", "bids": [[88328.7, 5.56], [88328.6, 0.008], [88328.2, 0.002], [88327.8, 0.118], [88327.7, 0.021], [88327.4, 0.002], [88327.3, 0.002], [88326.9, 0.002], [88326.7, 0.003], [88326.5, 0.025], [88326.4, 0.002], [88326.2, 0.002], [88326.0, 0.002], [88325.9, 0.116], [88325.7, 0.005], [88325.6, 0.611], [88325.5, 0.002], [88325.4, 0.006], [88325.3, 0.003], [88325.2, 0.003]], "asks": [[88328.8, 0.398], [88328.9, 0.004], [88329.1, 0.006], [88329.3, 0.003], [88329.4, 0.002], [88329.7, 0.002], [88329.9, 0.005], [88330.0, 0.009], [88330.4, 0.008], [88330.5, 0.002], [88330.7, 0.003], [88330.8, 0.002], [88330.9, 0.002], [88331.3, 0.008], [88331.7, 0.033], [88331.8, 0.002], [88331.9, 0.008], [88332.0, 0.002], [88332.1, 0.003], [88332.3, 0.014]], "timestamp": "2025-12-19T22:45:36.523901+00:00"}, {"symbol": "BTCUSDT", "bids": [[88310.1, 0.137], [88310.0, 0.002], [88309.9, 0.002], [88309.7, 0.002], [88309.3, 0.003], [88309.1, 0.002], [88309.0, 0.005], [88308.9, 0.002], [88308.2, 0.003], [88308.1, 0.004], [88308.0, 0.004], [88307.7, 0.002], [88307.6, 0.007], [88307.3, 0.002], [88307.1, 0.002], [88306.9, 0.043], [88306.8, 0.002], [88306.6, 0.005], [88306.4, 0.004], [88306.2, 0.002]], "asks": [[88310.2, 6.519], [88310.3, 0.414], [88310.4, 0.196], [88310.7, 0.011], [88310.8, 0.002], [88310.9, 0.096], [88311.5, 0.023], [88311.6, 0.002], [88312.2, 0.002], [88312.4, 0.007], [88312.9, 0.002], [88313.1, 0.006], [88313.2, 0.003], [88313.4, 0.172], [88313.6, 0.003], [88313.8, 0.003], [88313.9, 0.002], [88314.0, 0.003], [88314.3, 0.006], [88314.5, 0.002]], "timestamp": "2025-12-19T22:46:30.092623+00:00"}, {"symbol": "BTCUSDT", "bids": [[88384.6, 1.493], [88384.5, 0.002], [88384.4, 0.002], [88383.9, 0.002], [88383.5, 0.04], [88383.4, 0.002], [88382.9, 0.002], [88382.8, 0.002], [88382.6, 0.003], [88382.4, 0.002], [88381.9, 0.002], [88381.5, 0.003], [88381.4, 0.002], [88381.1, 0.002], [88380.9, 0.003], [88380.8, 0.206], [88380.7, 0.002], [88380.6, 0.002], [88380.1, 0.005], [88380.0, 0.004]], "asks": [[88384.7, 4.127], [88384.8, 0.035], [88385.0, 0.008], [88385.2, 0.002], [88385.3, 0.366], [88385.4, 0.002], [88385.5, 0.006], [88385.7, 0.008], [88385.8, 0.107], [88385.9, 2.073], [88386.0, 0.01], [88386.2, 0.002], [88386.5, 0.002], [88386.6, 0.006], [88386.7, 0.005], [88386.8, 0.007], [88386.9, 0.008], [88387.0, 0.11], [88387.2, 0.008], [88387.4, 0.122]], "timestamp": "2025-12-19T22:47:23.443135+00:00"}, {"symbol": "BTCUSDT", "bids": [[88243.5, 0.205], [88243.4, 0.002], [88243.3, 0.006], [88243.1, 0.004], [88242.7, 0.003], [88242.5, 0.002], [88242.3, 0.002], [88242.1, 0.003], [88242.0, 0.004], [88241.6, 0.002], [88241.5, 0.004], [88241.3, 0.003], [88241.0, 0.008], [88240.8, 0.002], [88240.5, 0.005], [88240.3, 0.002], [88240.0, 0.009], [88239.7, 0.004], [88239.5, 0.005], [88239.2, 0.029]], "asks": [[88243.6, 4.167], [88243.7, 0.007], [88243.8, 0.005], [88243.9, 0.003], [88244.1, 0.085], [88244.2, 0.114], [88244.3, 0.002], [88244.7, 0.015], [88244.9, 0.002], [88245.0, 0.006], [88245.2, 0.079], [88245.5, 0.002], [88245.6, 0.003], [88245.7, 0.005], [88246.1, 0.017], [88246.4, 0.003], [88246.6, 0.002], [88246.8, 0.002], [88247.0, 0.114], [88247.1, 0.003]], "timestamp": "2025-12-19T22:48:16.612656+00:00"}, {"symbol": "BTCUSDT", "bids": [[88243.5, 0.335], [88243.4, 0.004], [88243.3, 0.006], [88243.1, 0.002], [88242.6, 0.002], [88242.5, 0.002], [88242.3, 0.002], [88242.0, 0.004], [88241.5, 0.004], [88241.4, 0.002], [88241.0, 0.011], [88240.8, 0.012], [88240.5, 0.005], [88240.3, 0.016], [88240.0, 0.009], [88239.9, 0.002], [88239.7, 0.053], [88239.6, 0.129], [88239.5, 0.005], [88239.1, 0.002]], "asks": [[88243.6, 3.631], [88243.7, 0.007], [88244.1, 0.002], [88244.3, 0.002], [88244.4, 0.003], [88244.7, 0.585], [88244.9, 1.156], [88245.0, 0.022], [88245.4, 0.002], [88245.6, 0.003], [88245.9, 0.002], [88246.3, 0.019], [88246.4, 0.002], [88246.7, 0.003], [88246.8, 0.058], [88246.9, 0.002], [88247.0, 0.002], [88247.2, 0.003], [88247.4, 0.002], [88247.5, 0.094]], "timestamp": "2025-12-19T22:49:10.964028+00:00"}, {"symbol": "BTCUSDT", "bids": [[88234.8, 0.545], [88234.7, 0.002], [88234.4, 0.006], [88234.0, 0.002], [88233.6, 0.002], [88233.5, 0.005], [88233.4, 0.002], [88233.3, 0.002], [88233.2, 0.007], [88233.0, 0.003], [88232.9, 0.002], [88232.8, 0.108], [88232.6, 0.071], [88232.5, 0.114], [88232.3, 0.002], [88232.1, 0.006], [88232.0, 0.003], [88231.8, 0.005], [88231.7, 0.004], [88231.5, 0.003]], "asks": [[88234.9, 3.758], [88235.0, 0.002], [88235.3, 0.002], [88235.4, 0.016], [88235.5, 0.002], [88235.8, 0.002], [88236.0, 0.002], [88236.3, 0.002], [88236.9, 0.059], [88237.1, 0.055], [88237.2, 0.002], [88237.4, 0.003], [88237.6, 0.002], [88237.7, 0.002], [88238.1, 0.017], [88238.2, 0.003], [88238.3, 0.002], [88238.7, 0.035], [88238.8, 0.002], [88238.9, 0.002]], "timestamp": "2025-12-19T22:50:03.905829+00:00"}, {"symbol": "BTCUSDT", "bids": [[88319.9, 2.971], [88319.8, 0.095], [88319.7, 0.002], [88319.6, 0.232], [88319.4, 0.002], [88319.2, 0.016], [88319.0, 0.002], [88318.6, 0.004], [88318.1, 1.002], [88318.0, 0.983], [88317.9, 0.017], [88317.8, 0.033], [88317.7, 0.033], [88317.4, 0.002], [88317.3, 0.036], [88317.1, 0.005], [88317.0, 0.004], [88316.9, 0.002], [88316.8, 0.002], [88316.4, 0.002]], "asks": [[88320.0, 0.129], [88320.1, 0.004], [88320.2, 0.023], [88320.4, 0.002], [88320.5, 0.003], [88320.7, 0.002], [88320.9, 0.002], [88321.0, 0.013], [88321.1, 0.006], [88321.2, 0.002], [88321.4, 0.006], [88321.8, 0.003], [88321.9, 0.004], [88322.0, 0.002], [88322.3, 0.004], [88322.4, 0.002], [88322.5, 0.038], [88322.6, 0.003], [88322.8, 0.002], [88322.9, 0.002]], "timestamp": "2025-12-19T22:50:57.664372+00:00"}, {"symbol": "BTCUSDT", "bids": [[88257.3, 0.418], [88257.2, 0.004], [88257.1, 0.008], [88257.0, 0.002], [88256.6, 0.002], [88256.5, 0.002], [88256.3, 0.004], [88256.1, 0.002], [88255.9, 0.002], [88255.7, 0.003], [88255.6, 0.002], [88255.4, 0.002], [88255.2, 0.004], [88255.1, 0.002], [88255.0, 0.002], [88254.9, 0.005], [88254.6, 0.002], [88254.4, 0.002], [88254.3, 0.002], [88254.1, 0.005]], "asks": [[88257.4, 5.764], [88257.5, 0.007], [88257.6, 0.005], [88257.7, 0.003], [88257.8, 0.005], [88257.9, 0.005], [88258.0, 0.003], [88258.1, 0.003], [88258.2, 0.003], [88258.3, 0.005], [88258.6, 1.019], [88258.7, 0.044], [88258.8, 0.002], [88258.9, 0.006], [88259.2, 0.079], [88259.3, 0.002], [88259.4, 0.003], [88259.6, 0.002], [88259.8, 0.002], [88259.9, 0.068]], "timestamp": "2025-12-19T22:51:50.504295+00:00"}