[{"id": "3024857831", "price": 88197.9, "amount": 0.015, "side": "buy", "timestamp": 1766187730630}, {"id": "3024857832", "price": 88198.0, "amount": 0.004, "side": "buy", "timestamp": 1766187730630}, {"id": "3024857833", "price": 88198.1, "amount": 0.005, "side": "buy", "timestamp": 1766187730630}, {"id": "3024857834", "price": 88198.2, "amount": 0.051, "side": "buy", "timestamp": 1766187730630}, {"id": "3024857835", "price": 88198.3, "amount": 0.133, "side": "buy", "timestamp": 1766187730630}, {"id": "3024857836", "price": 88198.2, "amount": 0.098, "side": "buy", "timestamp": 1766187730636}, {"id": "3024857837", "price": 88198.1, "amount": 0.028, "side": "sell", "timestamp": 1766187730780}, {"id": "3024857838", "price": 88198.1, "amount": 0.513, "side": "sell", "timestamp": 1766187730894}, {"id": "3024857839", "price": 88198.0, "amount": 0.02, "side": "sell", "timestamp": 1766187730895}, {"id": "3024857840", "price": 88197.8, "amount": 0.099, "side": "sell", "timestamp": 1766187730897}, {"id": "3024857841", "price": 88197.6, "amount": 0.008, "side": "sell", "timestamp": 1766187730899}, {"id": "3024857842", "price": 88196.9, "amount": 0.031, "side": "sell", "timestamp": 1766187730900}, {"id": "3024857843", "price": 88196.3, "amount": 0.014, "side": "sell", "timestamp": 1766187730903}, {"id": "3024857844", "price": 88196.4, "amount": 0.011, "side": "buy", "timestamp": 1766187730905}, {"id": "3024857845", "price": 88196.3, "amount": 0.002, "side": "sell", "timestamp": 1766187731039}, {"id": "3024857846", "price": 88196.4, "amount": 0.054, "side": "buy", "timestamp": 1766187731039}, {"id": "3024857847", "price": 88196.3, "amount": 0.589, "side": "sell", "timestamp": 1766187731076}, {"id": "3024857848", "price": 88196.2, "amount": 0.002, "side": "sell", "timestamp": 1766187731076}, {"id": "3024857849", "price": 88195.6, "amount": 0.002, "side": "sell", "timestamp": 1766187731079}, {"id": "3024857850", "price": 88195.4, "amount": 0.012, "side": "sell", "timestamp": 1766187731081}, {"id": "3024857851", "price": 88195.3, "amount": 0.006, "side": "sell", "timestamp": 1766187731081}, {"id": "3024857852", "price": 88195.1, "amount": 0.002, "side": "sell", "timestamp": 1766187731081}, {"id": "3024857853", "price": 88194.6, "amount": 0.345, "side": "sell", "timestamp": 1766187731082}, {"id": "3024857854", "price": 88194.5, "amount": 0.002, "side": "sell", "timestamp": 1766187731178}, {"id": "3024857855", "price": 88194.2, "amount": 0.044, "side": "sell", "timestamp": 1766187731178}, {"id": "3024857856", "price": 88194.1, "amount": 0.004, "side": "sell", "timestamp": 1766187731179}, {"id": "3024857857", "price": 88193.9, "amount": 1.243, "side": "sell", "timestamp": 1766187731179}, {"id": "3024857858", "price": 88193.6, "amount": 0.06, "side": "sell", "timestamp": 1766187731182}, {"id": "3024857859", "price": 88192.9, "amount": 0.003, "side": "sell", "timestamp": 1766187731182}, {"id": "3024857860", "price": 88192.8, "amount": 0.002, "side": "sell", "timestamp": 1766187731182}, {"id": "3024857861", "price": 88192.4, "amount": 0.002, "side": "sell", "timestamp": 1766187731182}, {"id": "3024857862", "price": 88192.3, "amount": 0.002, "side": "sell", "timestamp": 1766187731182}, {"id": "3024857863", "price": 88192.1, "amount": 0.003, "side": "sell", "timestamp": 1766187731182}, {"id": "3024857864", "price": 88191.8, "amount": 0.002, "side": "sell", "timestamp": 1766187731182}, {"id": "3024857865", "price": 88191.5, "amount": 0.002, "side": "sell", "timestamp": 1766187731182}, {"id": "3024857866", "price": 88191.4, "amount": 0.062, "side": "sell", "timestamp": 1766187731182}, {"id": "3024857867", "price": 88191.1, "amount": 0.002, "side": "sell", "timestamp": 1766187731182}, {"id": "3024857868", "price": 88191.0, "amount": 0.029, "side": "sell", "timestamp": 1766187731189}, {"id": "3024857869", "price": 88191.1, "amount": 0.016, "side": "buy", "timestamp": 1766187731861}, {"id": "3024857870", "price": 88191.1, "amount": 0.003, "side": "buy", "timestamp": 1766187732006}, {"id": "3024857871", "price": 88191.0, "amount": 0.05, "side": "sell", "timestamp": 1766187732145}, {"id": "3024857872", "price": 88191.1, "amount": 0.033, "side": "buy", "timestamp": 1766187732235}, {"id": "3024857873", "price": 88191.1, "amount": 0.062, "side": "buy", "timestamp": 1766187732489}, {"id": "3024857874", "price": 88191.1, "amount": 0.007, "side": "buy", "timestamp": 1766187732649}, {"id": "3024857875", "price": 88191.1, "amount": 0.006, "side": "buy", "timestamp": 1766187733262}, {"id": "3024857876", "price": 88191.1, "amount": 0.002, "side": "buy", "timestamp": 1766187733440}, {"id": "3024857877", "price": 88191.1, "amount": 0.124, "side": "buy", "timestamp": 1766187733570}, {"id": "3024857878", "price": 88191.0, "amount": 0.007, "side": "sell", "timestamp": 1766187733832}, {"id": "3024857879", "price": 88191.0, "amount": 0.005, "side": "sell", "timestamp": 1766187734141}, {"id": "3024857880", "price": 88191.1, "amount": 0.041, "side": "buy", "timestamp": 1766187735142}, {"id": "3024858110", "price": 88215.2, "amount": 0.025, "side": "sell", "timestamp": 1766187785506}, {"id": "3024858111", "price": 88215.2, "amount": 0.017, "side": "sell", "timestamp": 1766187785929}, {"id": "3024858112", "price": 88215.3, "amount": 0.002, "side": "buy", "timestamp": 1766187786186}, {"id": "3024858113", "price": 88215.3, "amount": 0.1, "side": "buy", "timestamp": 1766187786612}, {"id": "3024858114", "price": 88215.2, "amount": 0.002, "side": "sell", "timestamp": 1766187787501}, {"id": "3024858115", "price": 88215.2, "amount": 0.64, "side": "sell", "timestamp": 1766187787680}, {"id": "3024858116", "price": 88215.1, "amount": 0.002, "side": "sell", "timestamp": 1766187787680}, {"id": "3024858117", "price": 88214.9, "amount": 0.003, "side": "sell", "timestamp": 1766187787680}, {"id": "3024858118", "price": 88214.6, "amount": 0.044, "side": "sell", "timestamp": 1766187787680}, {"id": "3024858119", "price": 88214.1, "amount": 0.002, "side": "sell", "timestamp": 1766187787681}, {"id": "3024858120", "price": 88214.0, "amount": 0.009, "side": "sell", "timestamp": 1766187787681}, {"id": "3024858121", "price": 88213.8, "amount": 0.007, "side": "sell", "timestamp": 1766187787681}, {"id": "3024858122", "price": 88213.4, "amount": 0.002, "side": "sell", "timestamp": 1766187787681}, {"id": "3024858123", "price": 88213.2, "amount": 0.005, "side": "sell", "timestamp": 1766187787681}, {"id": "3024858124", "price": 88212.7, "amount": 0.046, "side": "sell", "timestamp": 1766187787681}, {"id": "3024858125", "price": 88212.5, "amount": 0.063, "side": "sell", "timestamp": 1766187787681}, {"id": "3024858126", "price": 88212.4, "amount": 0.072, "side": "sell", "timestamp": 1766187787681}, {"id": "3024858127", "price": 88212.2, "amount": 0.002, "side": "sell", "timestamp": 1766187787681}, {"id": "3024858128", "price": 88212.1, "amount": 0.002, "side": "sell", "timestamp": 1766187787681}, {"id": "3024858129", "price": 88211.7, "amount": 0.002, "side": "sell", "timestamp": 1766187787681}, {"id": "3024858130", "price": 88211.6, "amount": 0.059, "side": "sell", "timestamp": 1766187787681}, {"id": "3024858131", "price": 88211.5, "amount": 0.003, "side": "sell", "timestamp": 1766187787692}, {"id": "3024858132", "price": 88211.3, "amount": 0.002, "side": "sell", "timestamp": 1766187787692}, {"id": "3024858133", "price": 88211.2, "amount": 0.008, "side": "sell", "timestamp": 1766187787692}, {"id": "3024858134", "price": 88210.7, "amount": 0.002, "side": "sell", "timestamp": 1766187787728}, {"id": "3024858135", "price": 88210.5, "amount": 0.019, "side": "sell", "timestamp": 1766187787765}, {"id": "3024858136", "price": 88210.3, "amount": 0.005, "side": "sell", "timestamp": 1766187787765}, {"id": "3024858137", "price": 88210.2, "amount": 0.005, "side": "sell", "timestamp": 1766187787765}, {"id": "3024858138", "price": 88210.1, "amount": 0.003, "side": "sell", "timestamp": 1766187787765}, {"id": "3024858139", "price": 88210.0, "amount": 0.006, "side": "sell", "timestamp": 1766187787773}, {"id": "3024858140", "price": 88209.9, "amount": 0.003, "side": "sell", "timestamp": 1766187787773}, {"id": "3024858141", "price": 88209.8, "amount": 0.003, "side": "sell", "timestamp": 1766187787773}, {"id": "3024858142", "price": 88209.7, "amount": 0.005, "side": "sell", "timestamp": 1766187787773}, {"id": "3024858143", "price": 88209.2, "amount": 0.005, "side": "sell", "timestamp": 1766187787773}, {"id": "3024858144", "price": 88209.0, "amount": 0.105, "side": "sell", "timestamp": 1766187787774}, {"id": "3024858145", "price": 88208.4, "amount": 0.129, "side": "sell", "timestamp": 1766187787774}, {"id": "3024858146", "price": 88208.3, "amount": 0.233, "side": "sell", "timestamp": 1766187787774}, {"id": "3024858147", "price": 88208.4, "amount": 0.004, "side": "buy", "timestamp": 1766187787774}, {"id": "3024858148", "price": 88208.2, "amount": 0.014, "side": "sell", "timestamp": 1766187787790}, {"id": "3024858149", "price": 88207.8, "amount": 0.002, "side": "sell", "timestamp": 1766187787790}, {"id": "3024858150", "price": 88207.7, "amount": 0.002, "side": "sell", "timestamp": 1766187787790}, {"id": "3024858151", "price": 88207.6, "amount": 0.005, "side": "sell", "timestamp": 1766187787790}, {"id": "3024858152", "price": 88207.3, "amount": 0.002, "side": "sell", "timestamp": 1766187787790}, {"id": "3024858153", "price": 88207.1, "amount": 0.358, "side": "sell", "timestamp": 1766187787790}, {"id": "3024858154", "price": 88206.8, "amount": 0.012, "side": "sell", "timestamp": 1766187787815}, {"id": "3024858155", "price": 88206.8, "amount": 0.029, "side": "sell", "timestamp": 1766187788401}, {"id": "3024858156", "price": 88206.9, "amount": 0.003, "side": "buy", "timestamp": 1766187788541}, {"id": "3024858157", "price": 88206.9, "amount": 0.008, "side": "buy", "timestamp": 1766187788660}, {"id": "3024858158", "price": 88206.8, "amount": 0.065, "side": "sell", "timestamp": 1766187789150}, {"id": "3024858159", "price": 88206.9, "amount": 0.003, "side": "buy", "timestamp": 1766187789542}, {"id": "3024858508", "price": 88186.2, "amount": 0.003, "side": "buy", "timestamp": 1766187845194}, {"id": "3024858509", "price": 88186.3, "amount": 0.004, "side": "buy", "timestamp": 1766187845194}, {"id": "3024858510", "price": 88186.4, "amount": 0.002, "side": "buy", "timestamp": 1766187845194}, {"id": "3024858511", "price": 88186.5, "amount": 0.001, "side": "buy", "timestamp": 1766187845194}, {"id": "3024858512", "price": 88186.7, "amount": 0.005, "side": "buy", "timestamp": 1766187845214}, {"id": "3024858513", "price": 88186.8, "amount": 0.002, "side": "buy", "timestamp": 1766187845214}, {"id": "3024858514", "price": 88187.1, "amount": 0.009, "side": "sell", "timestamp": 1766187845224}, {"id": "3024858515", "price": 88187.2, "amount": 0.002, "side": "buy", "timestamp": 1766187845228}, {"id": "3024858516", "price": 88187.3, "amount": 0.002, "side": "buy", "timestamp": 1766187845228}, {"id": "3024858517", "price": 88187.5, "amount": 0.003, "side": "buy", "timestamp": 1766187845228}, {"id": "3024858518", "price": 88187.6, "amount": 0.006, "side": "buy", "timestamp": 1766187845228}, {"id": "3024858519", "price": 88187.8, "amount": 0.002, "side": "buy", "timestamp": 1766187845238}, {"id": "3024858520", "price": 88187.9, "amount": 0.003, "side": "buy", "timestamp": 1766187845238}, {"id": "3024858521", "price": 88188.4, "amount": 0.002, "side": "buy", "timestamp": 1766187845238}, {"id": "3024858522", "price": 88188.6, "amount": 0.009, "side": "buy", "timestamp": 1766187845238}, {"id": "3024858523", "price": 88189.0, "amount": 0.002, "side": "buy", "timestamp": 1766187845238}, {"id": "3024858524", "price": 88189.2, "amount": 0.007, "side": "buy", "timestamp": 1766187845253}, {"id": "3024858525", "price": 88189.3, "amount": 0.002, "side": "buy", "timestamp": 1766187845253}, {"id": "3024858526", "price": 88189.4, "amount": 0.002, "side": "buy", "timestamp": 1766187845255}, {"id": "3024858527", "price": 88189.5, "amount": 0.007, "side": "buy", "timestamp": 1766187845255}, {"id": "3024858528", "price": 88189.8, "amount": 0.002, "side": "buy", "timestamp": 1766187845255}, {"id": "3024858529", "price": 88189.9, "amount": 0.005, "side": "buy", "timestamp": 1766187845255}, {"id": "3024858530", "price": 88190.0, "amount": 0.012, "side": "buy", "timestamp": 1766187845259}, {"id": "3024858531", "price": 88190.4, "amount": 0.002, "side": "buy", "timestamp": 1766187845263}, {"id": "3024858532", "price": 88190.6, "amount": 0.002, "side": "buy", "timestamp": 1766187845263}, {"id": "3024858533", "price": 88190.8, "amount": 0.008, "side": "buy", "timestamp": 1766187845263}, {"id": "3024858534", "price": 88190.9, "amount": 0.026, "side": "buy", "timestamp": 1766187845263}, {"id": "3024858535", "price": 88191.0, "amount": 0.002, "side": "buy", "timestamp": 1766187845267}, {"id": "3024858536", "price": 88191.1, "amount": 0.105, "side": "buy", "timestamp": 1766187845268}, {"id": "3024858537", "price": 88191.3, "amount": 0.002, "side": "buy", "timestamp": 1766187845268}, {"id": "3024858538", "price": 88191.6, "amount": 0.002, "side": "buy", "timestamp": 1766187845268}, {"id": "3024858539", "price": 88191.7, "amount": 0.002, "side": "buy", "timestamp": 1766187845268}, {"id": "3024858540", "price": 88191.9, "amount": 0.003, "side": "buy", "timestamp": 1766187845268}, {"id": "3024858541", "price": 88192.0, "amount": 0.002, "side": "buy", "timestamp": 1766187845268}, {"id": "3024858542", "price": 88192.2, "amount": 0.005, "side": "buy", "timestamp": 1766187845268}, {"id": "3024858543", "price": 88192.6, "amount": 0.002, "side": "buy", "timestamp": 1766187845268}, {"id": "3024858544", "price": 88192.7, "amount": 0.003, "side": "buy", "timestamp": 1766187845268}, {"id": "3024858545", "price": 88192.9, "amount": 0.002, "side": "buy", "timestamp": 1766187845268}, {"id": "3024858546", "price": 88193.4, "amount": 0.002, "side": "buy", "timestamp": 1766187845268}, {"id": "3024858547", "price": 88193.5, "amount": 0.005, "side": "buy", "timestamp": 1766187845268}, {"id": "3024858548", "price": 88193.6, "amount": 0.002, "side": "buy", "timestamp": 1766187845268}, {"id": "3024858549", "price": 88193.8, "amount": 0.002, "side": "buy", "timestamp": 1766187845268}, {"id": "3024858550", "price": 88193.9, "amount": 0.002, "side": "buy", "timestamp": 1766187845268}, {"id": "3024858551", "price": 88194.0, "amount": 0.003, "side": "buy", "timestamp": 1766187845268}, {"id": "3024858552", "price": 88194.1, "amount": 0.004, "side": "buy", "timestamp": 1766187845268}, {"id": "3024858553", "price": 88194.2, "amount": 0.004, "side": "buy", "timestamp": 1766187845268}, {"id": "3024858554", "price": 88194.5, "amount": 0.005, "side": "buy", "timestamp": 1766187845268}, {"id": "3024858555", "price": 88194.6, "amount": 0.093, "side": "buy", "timestamp": 1766187845268}, {"id": "3024858556", "price": 88194.8, "amount": 0.003, "side": "buy", "timestamp": 1766187845268}, {"id": "3024858557", "price": 88195.0, "amount": 0.019, "side": "buy", "timestamp": 1766187845274}, {"id": "3024858831", "price": 88182.1, "amount": 0.004, "side": "sell", "timestamp": 1766187900303}, {"id": "3024858832", "price": 88182.0, "amount": 0.201, "side": "sell", "timestamp": 1766187900522}, {"id": "3024858833", "price": 88181.9, "amount": 0.008, "side": "sell", "timestamp": 1766187900522}, {"id": "3024858834", "price": 88181.7, "amount": 0.002, "side": "sell", "timestamp": 1766187900523}, {"id": "3024858835", "price": 88181.6, "amount": 0.002, "side": "sell", "timestamp": 1766187900523}, {"id": "3024858836", "price": 88181.5, "amount": 0.002, "side": "sell", "timestamp": 1766187900523}, {"id": "3024858837", "price": 88181.4, "amount": 0.005, "side": "sell", "timestamp": 1766187900523}, {"id": "3024858838", "price": 88181.2, "amount": 0.005, "side": "sell", "timestamp": 1766187900524}, {"id": "3024858839", "price": 88180.8, "amount": 0.007, "side": "sell", "timestamp": 1766187900527}, {"id": "3024858840", "price": 88180.5, "amount": 0.002, "side": "sell", "timestamp": 1766187900527}, {"id": "3024858841", "price": 88180.4, "amount": 0.002, "side": "sell", "timestamp": 1766187900527}, {"id": "3024858842", "price": 88180.3, "amount": 0.275, "side": "sell", "timestamp": 1766187900536}, {"id": "3024858843", "price": 88180.4, "amount": 0.382, "side": "buy", "timestamp": 1766187901121}, {"id": "3024858844", "price": 88180.4, "amount": 0.028, "side": "buy", "timestamp": 1766187901349}, {"id": "3024858845", "price": 88180.3, "amount": 0.737, "side": "sell", "timestamp": 1766187901424}, {"id": "3024858846", "price": 88180.2, "amount": 0.013, "side": "sell", "timestamp": 1766187901429}, {"id": "3024858847", "price": 88179.9, "amount": 0.002, "side": "sell", "timestamp": 1766187901429}, {"id": "3024858848", "price": 88179.8, "amount": 0.002, "side": "sell", "timestamp": 1766187901429}, {"id": "3024858849", "price": 88179.6, "amount": 0.007, "side": "sell", "timestamp": 1766187901429}, {"id": "3024858850", "price": 88179.4, "amount": 0.052, "side": "sell", "timestamp": 1766187901432}, {"id": "3024858851", "price": 88179.3, "amount": 0.002, "side": "sell", "timestamp": 1766187901432}, {"id": "3024858852", "price": 88179.0, "amount": 0.002, "side": "sell", "timestamp": 1766187901432}, {"id": "3024858853", "price": 88178.8, "amount": 0.002, "side": "sell", "timestamp": 1766187901432}, {"id": "3024858854", "price": 88178.7, "amount": 0.008, "side": "sell", "timestamp": 1766187901432}, {"id": "3024858855", "price": 88178.6, "amount": 0.002, "side": "sell", "timestamp": 1766187901432}, {"id": "3024858856", "price": 88178.5, "amount": 0.002, "side": "sell", "timestamp": 1766187901432}, {"id": "3024858857", "price": 88178.4, "amount": 0.006, "side": "sell", "timestamp": 1766187901432}, {"id": "3024858858", "price": 88178.3, "amount": 0.005, "side": "sell", "timestamp": 1766187901432}, {"id": "3024858859", "price": 88177.9, "amount": 0.006, "side": "sell", "timestamp": 1766187901432}, {"id": "3024858860", "price": 88177.8, "amount": 0.004, "side": "sell", "timestamp": 1766187901432}, {"id": "3024858861", "price": 88177.7, "amount": 0.002, "side": "sell", "timestamp": 1766187901432}, {"id": "3024858862", "price": 88177.5, "amount": 0.003, "side": "sell", "timestamp": 1766187901432}, {"id": "3024858863", "price": 88177.3, "amount": 0.003, "side": "sell", "timestamp": 1766187901432}, {"id": "3024858864", "price": 88177.2, "amount": 0.004, "side": "sell", "timestamp": 1766187901432}, {"id": "3024858865", "price": 88176.9, "amount": 0.002, "side": "sell", "timestamp": 1766187901432}, {"id": "3024858866", "price": 88176.7, "amount": 0.103, "side": "sell", "timestamp": 1766187901432}, {"id": "3024858867", "price": 88176.4, "amount": 0.006, "side": "sell", "timestamp": 1766187901432}, {"id": "3024858868", "price": 88176.1, "amount": 0.023, "side": "sell", "timestamp": 1766187901432}, {"id": "3024858869", "price": 88176.0, "amount": 0.098, "side": "sell", "timestamp": 1766187901432}, {"id": "3024858870", "price": 88176.0, "amount": 0.038, "side": "buy", "timestamp": 1766187901502}, {"id": "3024858871", "price": 88175.9, "amount": 0.05, "side": "sell", "timestamp": 1766187901643}, {"id": "3024858872", "price": 88175.8, "amount": 0.002, "side": "sell", "timestamp": 1766187901644}, {"id": "3024858873", "price": 88175.3, "amount": 0.005, "side": "sell", "timestamp": 1766187901645}, {"id": "3024858874", "price": 88175.1, "amount": 0.003, "side": "sell", "timestamp": 1766187901645}, {"id": "3024858875", "price": 88175.0, "amount": 0.002, "side": "sell", "timestamp": 1766187901645}, {"id": "3024858876", "price": 88174.8, "amount": 0.002, "side": "sell", "timestamp": 1766187901645}, {"id": "3024858877", "price": 88174.4, "amount": 0.002, "side": "sell", "timestamp": 1766187901645}, {"id": "3024858878", "price": 88174.1, "amount": 0.002, "side": "sell", "timestamp": 1766187901646}, {"id": "3024858879", "price": 88173.8, "amount": 0.002, "side": "sell", "timestamp": 1766187901646}, {"id": "3024858880", "price": 88173.5, "amount": 0.005, "side": "sell", "timestamp": 1766187901658}, {"id": "3024859245", "price": 88180.3, "amount": 0.003, "side": "buy", "timestamp": 1766187935277}, {"id": "3024859246", "price": 88180.4, "amount": 0.078, "side": "buy", "timestamp": 1766187935281}, {"id": "3024859247", "price": 88180.3, "amount": 0.001, "side": "sell", "timestamp": 1766187935346}, {"id": "3024859248", "price": 88180.4, "amount": 0.012, "side": "buy", "timestamp": 1766187935911}, {"id": "3024859249", "price": 88180.3, "amount": 0.011, "side": "sell", "timestamp": 1766187935956}, {"id": "3024859250", "price": 88180.3, "amount": 0.04, "side": "sell", "timestamp": 1766187936288}, {"id": "3024859251", "price": 88180.4, "amount": 0.008, "side": "buy", "timestamp": 1766187936580}, {"id": "3024859252", "price": 88180.4, "amount": 0.012, "side": "buy", "timestamp": 1766187936778}, {"id": "3024859253", "price": 88180.3, "amount": 0.007, "side": "sell", "timestamp": 1766187937380}, {"id": "3024859254", "price": 88180.4, "amount": 0.002, "side": "buy", "timestamp": 1766187937632}, {"id": "3024859255", "price": 88180.4, "amount": 0.013, "side": "buy", "timestamp": 1766187937765}, {"id": "3024859256", "price": 88180.3, "amount": 0.003, "side": "sell", "timestamp": 1766187938419}, {"id": "3024859257", "price": 88180.4, "amount": 0.012, "side": "buy", "timestamp": 1766187938772}, {"id": "3024859258", "price": 88180.3, "amount": 0.011, "side": "sell", "timestamp": 1766187939322}, {"id": "3024859259", "price": 88180.4, "amount": 0.006, "side": "buy", "timestamp": 1766187939671}, {"id": "3024859260", "price": 88180.4, "amount": 0.003, "side": "buy", "timestamp": 1766187940090}, {"id": "3024859261", "price": 88180.4, "amount": 0.011, "side": "buy", "timestamp": 1766187940406}, {"id": "3024859262", "price": 88180.4, "amount": 0.009, "side": "buy", "timestamp": 1766187940590}, {"id": "3024859263", "price": 88180.4, "amount": 0.01, "side": "buy", "timestamp": 1766187940928}, {"id": "3024859264", "price": 88180.4, "amount": 0.016, "side": "buy", "timestamp": 1766187941567}, {"id": "3024859265", "price": 88180.3, "amount": 0.004, "side": "sell", "timestamp": 1766187942382}, {"id": "3024859266", "price": 88180.4, "amount": 0.01, "side": "buy", "timestamp": 1766187942591}, {"id": "3024859267", "price": 88180.3, "amount": 0.01, "side": "sell", "timestamp": 1766187942828}, {"id": "3024859268", "price": 88180.4, "amount": 0.014, "side": "buy", "timestamp": 1766187943523}, {"id": "3024859269", "price": 88180.4, "amount": 0.011, "side": "buy", "timestamp": 1766187944402}, {"id": "3024859270", "price": 88180.3, "amount": 0.001, "side": "sell", "timestamp": 1766187944510}, {"id": "3024859271", "price": 88180.3, "amount": 0.022, "side": "sell", "timestamp": 1766187945109}, {"id": "3024859272", "price": 88180.4, "amount": 0.003, "side": "buy", "timestamp": 1766187945151}, {"id": "3024859273", "price": 88180.4, "amount": 0.007, "side": "buy", "timestamp": 1766187945438}, {"id": "3024859274", "price": 88180.4, "amount": 0.005, "side": "buy", "timestamp": 1766187948390}, {"id": "3024859275", "price": 88180.3, "amount": 0.008, "side": "sell", "timestamp": 1766187948441}, {"id": "3024859276", "price": 88180.4, "amount": 0.022, "side": "buy", "timestamp": 1766187948490}, {"id": "3024859277", "price": 88180.4, "amount": 0.013, "side": "buy", "timestamp": 1766187949171}, {"id": "3024859278", "price": 88180.4, "amount": 0.008, "side": "buy", "timestamp": 1766187949638}, {"id": "3024859279", "price": 88180.4, "amount": 0.013, "side": "buy", "timestamp": 1766187950091}, {"id": "3024859280", "price": 88180.4, "amount": 0.011, "side": "buy", "timestamp": 1766187950844}, {"id": "3024859281", "price": 88180.4, "amount": 0.019, "side": "buy", "timestamp": 1766187950975}, {"id": "3024859282", "price": 88180.4, "amount": 0.011, "side": "buy", "timestamp": 1766187951080}, {"id": "3024859283", "price": 88180.4, "amount": 0.015, "side": "buy", "timestamp": 1766187951923}, {"id": "3024859284", "price": 88180.3, "amount": 0.056, "side": "sell", "timestamp": 1766187952306}, {"id": "3024859285", "price": 88180.4, "amount": 0.01, "side": "buy", "timestamp": 1766187952995}, {"id": "3024859286", "price": 88180.4, "amount": 0.049, "side": "buy", "timestamp": 1766187953845}, {"id": "3024859287", "price": 88180.4, "amount": 0.005, "side": "buy", "timestamp": 1766187954675}, {"id": "3024859288", "price": 88180.4, "amount": 0.013, "side": "buy", "timestamp": 1766187954850}, {"id": "3024859289", "price": 88180.4, "amount": 0.003, "side": "buy", "timestamp": 1766187955020}, {"id": "3024859290", "price": 88180.4, "amount": 0.018, "side": "buy", "timestamp": 1766187955421}, {"id": "3024859291", "price": 88180.4, "amount": 0.012, "side": "buy", "timestamp": 1766187955758}, {"id": "3024859292", "price": 88180.4, "amount": 1.149, "side": "buy", "timestamp": 1766187956362}, {"id": "3024859293", "price": 88180.3, "amount": 0.143, "side": "sell", "timestamp": 1766187956450}, {"id": "3024859294", "price": 88180.4, "amount": 0.013, "side": "buy", "timestamp": 1766187956785}, {"id": "3024859352", "price": 88180.4, "amount": 0.005, "side": "buy", "timestamp": 1766187979343}, {"id": "3024859353", "price": 88180.4, "amount": 0.003, "side": "buy", "timestamp": 1766187980042}, {"id": "3024859354", "price": 88180.3, "amount": 0.043, "side": "sell", "timestamp": 1766187980126}, {"id": "3024859355", "price": 88180.4, "amount": 0.011, "side": "buy", "timestamp": 1766187980147}, {"id": "3024859356", "price": 88180.3, "amount": 0.007, "side": "sell", "timestamp": 1766187980441}, {"id": "3024859357", "price": 88180.4, "amount": 0.01, "side": "buy", "timestamp": 1766187980860}, {"id": "3024859358", "price": 88180.4, "amount": 0.007, "side": "buy", "timestamp": 1766187981532}, {"id": "3024859359", "price": 88180.4, "amount": 0.002, "side": "buy", "timestamp": 1766187982571}, {"id": "3024859360", "price": 88180.4, "amount": 0.002, "side": "buy", "timestamp": 1766187983046}, {"id": "3024859361", "price": 88180.3, "amount": 0.001, "side": "sell", "timestamp": 1766187983574}, {"id": "3024859362", "price": 88180.3, "amount": 0.001, "side": "sell", "timestamp": 1766187983919}, {"id": "3024859363", "price": 88180.3, "amount": 0.002, "side": "sell", "timestamp": 1766187984858}, {"id": "3024859364", "price": 88180.4, "amount": 0.006, "side": "buy", "timestamp": 1766187985067}, {"id": "3024859365", "price": 88180.3, "amount": 0.441, "side": "sell", "timestamp": 1766187986100}, {"id": "3024859366", "price": 88180.4, "amount": 0.022, "side": "buy", "timestamp": 1766187986123}, {"id": "3024859367", "price": 88180.3, "amount": 0.016, "side": "sell", "timestamp": 1766187988135}, {"id": "3024859368", "price": 88180.4, "amount": 0.003, "side": "buy", "timestamp": 1766187990136}, {"id": "3024859369", "price": 88180.4, "amount": 0.004, "side": "buy", "timestamp": 1766187990354}, {"id": "3024859370", "price": 88180.3, "amount": 0.001, "side": "sell", "timestamp": 1766187990973}, {"id": "3024859371", "price": 88180.4, "amount": 0.007, "side": "buy", "timestamp": 1766187990995}, {"id": "3024859372", "price": 88180.4, "amount": 0.002, "side": "buy", "timestamp": 1766187991355}, {"id": "3024859373", "price": 88180.3, "amount": 0.286, "side": "sell", "timestamp": 1766187991724}, {"id": "3024859374", "price": 88180.3, "amount": 0.056, "side": "sell", "timestamp": 1766187992141}, {"id": "3024859375", "price": 88180.3, "amount": 0.019, "side": "sell", "timestamp": 1766187993408}, {"id": "3024859376", "price": 88180.4, "amount": 0.004, "side": "buy", "timestamp": 1766187993647}, {"id": "3024859377", "price": 88180.3, "amount": 0.007, "side": "sell", "timestamp": 1766187993785}, {"id": "3024859378", "price": 88180.4, "amount": 0.137, "side": "buy", "timestamp": 1766187993821}, {"id": "3024859379", "price": 88180.4, "amount": 0.026, "side": "buy", "timestamp": 1766187994153}, {"id": "3024859380", "price": 88180.3, "amount": 0.1, "side": "sell", "timestamp": 1766187994650}, {"id": "3024859381", "price": 88180.4, "amount": 0.043, "side": "buy", "timestamp": 1766187995067}, {"id": "3024859382", "price": 88180.4, "amount": 0.029, "side": "buy", "timestamp": 1766187995765}, {"id": "3024859383", "price": 88180.4, "amount": 0.002, "side": "buy", "timestamp": 1766187997058}, {"id": "3024859384", "price": 88180.4, "amount": 0.01, "side": "buy", "timestamp": 1766187997688}, {"id": "3024859385", "price": 88180.3, "amount": 0.004, "side": "sell", "timestamp": 1766187999651}, {"id": "3024859386", "price": 88180.4, "amount": 0.85, "side": "buy", "timestamp": 1766187999838}, {"id": "3024859387", "price": 88180.3, "amount": 0.011, "side": "sell", "timestamp": 1766188000113}, {"id": "3024859388", "price": 88180.4, "amount": 0.003, "side": "buy", "timestamp": 1766188000186}, {"id": "3024859389", "price": 88180.4, "amount": 0.002, "side": "buy", "timestamp": 1766188001049}, {"id": "3024859390", "price": 88180.3, "amount": 0.011, "side": "sell", "timestamp": 1766188002776}, {"id": "3024859391", "price": 88180.3, "amount": 0.002, "side": "sell", "timestamp": 1766188004130}, {"id": "3024859392", "price": 88180.4, "amount": 0.003, "side": "buy", "timestamp": 1766188005017}, {"id": "3024859393", "price": 88180.3, "amount": 0.002, "side": "sell", "timestamp": 1766188005058}, {"id": "3024859394", "price": 88180.4, "amount": 0.005, "side": "buy", "timestamp": 1766188005769}, {"id": "3024859395", "price": 88180.4, "amount": 0.053, "side": "buy", "timestamp": 1766188007915}, {"id": "3024859396", "price": 88180.3, "amount": 0.05, "side": "sell", "timestamp": 1766188007945}, {"id": "3024859397", "price": 88180.3, "amount": 0.002, "side": "sell", "timestamp": 1766188008973}, {"id": "3024859398", "price": 88180.4, "amount": 0.005, "side": "buy", "timestamp": 1766188010150}, {"id": "3024859399", "price": 88180.4, "amount": 0.005, "side": "buy", "timestamp": 1766188010512}, {"id": "3024859400", "price": 88180.4, "amount": 0.008, "side": "buy", "timestamp": 1766188011372}, {"id": "3024859401", "price": 88180.4, "amount": 0.013, "side": "buy", "timestamp": 1766188011474}, {"id": "3024859440", "price": 88180.4, "amount": 0.002, "side": "buy", "timestamp": 1766188036215}, {"id": "3024859441", "price": 88180.4, "amount": 0.078, "side": "buy", "timestamp": 1766188037629}, {"id": "3024859442", "price": 88180.4, "amount": 0.011, "side": "buy", "timestamp": 1766188037813}, {"id": "3024859443", "price": 88180.3, "amount": 0.003, "side": "sell", "timestamp": 1766188038874}, {"id": "3024859444", "price": 88180.4, "amount": 0.005, "side": "buy", "timestamp": 1766188039181}, {"id": "3024859445", "price": 88180.4, "amount": 0.003, "side": "buy", "timestamp": 1766188040177}, {"id": "3024859446", "price": 88180.3, "amount": 0.028, "side": "sell", "timestamp": 1766188040285}, {"id": "3024859447", "price": 88180.3, "amount": 0.047, "side": "sell", "timestamp": 1766188040518}, {"id": "3024859448", "price": 88180.3, "amount": 0.007, "side": "sell", "timestamp": 1766188040975}, {"id": "3024859449", "price": 88180.3, "amount": 0.031, "side": "sell", "timestamp": 1766188043114}, {"id": "3024859450", "price": 88180.4, "amount": 0.041, "side": "buy", "timestamp": 1766188043738}, {"id": "3024859451", "price": 88180.3, "amount": 0.002, "side": "sell", "timestamp": 1766188043813}, {"id": "3024859452", "price": 88180.4, "amount": 0.002, "side": "buy", "timestamp": 1766188043984}, {"id": "3024859453", "price": 88180.3, "amount": 0.008, "side": "sell", "timestamp": 1766188044030}, {"id": "3024859454", "price": 88180.3, "amount": 0.002, "side": "sell", "timestamp": 1766188044464}, {"id": "3024859455", "price": 88180.3, "amount": 0.003, "side": "sell", "timestamp": 1766188044759}, {"id": "3024859456", "price": 88180.3, "amount": 0.002, "side": "sell", "timestamp": 1766188045012}, {"id": "3024859457", "price": 88180.4, "amount": 0.003, "side": "buy", "timestamp": 1766188045195}, {"id": "3024859458", "price": 88180.4, "amount": 0.078, "side": "buy", "timestamp": 1766188045583}, {"id": "3024859459", "price": 88180.3, "amount": 0.002, "side": "sell", "timestamp": 1766188045612}, {"id": "3024859460", "price": 88180.4, "amount": 0.004, "side": "buy", "timestamp": 1766188046997}, {"id": "3024859461", "price": 88180.3, "amount": 0.004, "side": "sell", "timestamp": 1766188047049}, {"id": "3024859462", "price": 88180.4, "amount": 0.033, "side": "buy", "timestamp": 1766188048937}, {"id": "3024859463", "price": 88180.3, "amount": 0.011, "side": "sell", "timestamp": 1766188049050}, {"id": "3024859464", "price": 88180.3, "amount": 0.002, "side": "sell", "timestamp": 1766188049318}, {"id": "3024859465", "price": 88180.4, "amount": 0.007, "side": "buy", "timestamp": 1766188049765}, {"id": "3024859466", "price": 88180.4, "amount": 0.006, "side": "buy", "timestamp": 1766188050008}, {"id": "3024859467", "price": 88180.3, "amount": 0.076, "side": "sell", "timestamp": 1766188050102}, {"id": "3024859468", "price": 88180.3, "amount": 0.003, "side": "sell", "timestamp": 1766188051333}, {"id": "3024859469", "price": 88180.4, "amount": 0.002, "side": "buy", "timestamp": 1766188051582}, {"id": "3024859470", "price": 88180.3, "amount": 0.005, "side": "sell", "timestamp": 1766188052194}, {"id": "3024859471", "price": 88180.4, "amount": 0.004, "side": "buy", "timestamp": 1766188052271}, {"id": "3024859472", "price": 88180.4, "amount": 0.003, "side": "buy", "timestamp": 1766188052860}, {"id": "3024859473", "price": 88180.4, "amount": 0.023, "side": "buy", "timestamp": 1766188053982}, {"id": "3024859474", "price": 88180.3, "amount": 0.023, "side": "sell", "timestamp": 1766188054700}, {"id": "3024859475", "price": 88180.4, "amount": 0.003, "side": "buy", "timestamp": 1766188055037}, {"id": "3024859476", "price": 88180.3, "amount": 0.002, "side": "sell", "timestamp": 1766188055812}, {"id": "3024859477", "price": 88180.3, "amount": 0.001, "side": "sell", "timestamp": 1766188056019}, {"id": "3024859478", "price": 88180.4, "amount": 0.002, "side": "buy", "timestamp": 1766188056091}, {"id": "3024859479", "price": 88180.4, "amount": 0.001, "side": "buy", "timestamp": 1766188056196}, {"id": "3024859480", "price": 88180.3, "amount": 0.077, "side": "sell", "timestamp": 1766188057814}, {"id": "3024859481", "price": 88180.3, "amount": 0.002, "side": "sell", "timestamp": 1766188058775}, {"id": "3024859482", "price": 88180.4, "amount": 0.002, "side": "buy", "timestamp": 1766188059660}, {"id": "3024859483", "price": 88180.4, "amount": 0.003, "side": "buy", "timestamp": 1766188060061}, {"id": "3024859484", "price": 88180.4, "amount": 0.009, "side": "buy", "timestamp": 1766188060241}, {"id": "3024859485", "price": 88180.3, "amount": 0.005, "side": "sell", "timestamp": 1766188062353}, {"id": "3024859486", "price": 88180.4, "amount": 0.004, "side": "buy", "timestamp": 1766188062427}, {"id": "3024859487", "price": 88180.3, "amount": 0.001, "side": "sell", "timestamp": 1766188063065}, {"id": "3024859488", "price": 88180.4, "amount": 0.003, "side": "buy", "timestamp": 1766188063418}, {"id": "3024859489", "price": 88180.4, "amount": 0.005, "side": "buy", "timestamp": 1766188064156}, {"id": "3024859534", "price": 88180.3, "amount": 0.015, "side": "sell", "timestamp": 1766188090140}, {"id": "3024859535", "price": 88180.4, "amount": 0.015, "side": "buy", "timestamp": 1766188090251}, {"id": "3024859536", "price": 88180.3, "amount": 0.443, "side": "sell", "timestamp": 1766188090327}, {"id": "3024859537", "price": 88180.3, "amount": 0.002, "side": "sell", "timestamp": 1766188092808}, {"id": "3024859538", "price": 88180.3, "amount": 0.002, "side": "sell", "timestamp": 1766188093059}, {"id": "3024859539", "price": 88180.3, "amount": 0.012, "side": "sell", "timestamp": 1766188093239}, {"id": "3024859540", "price": 88180.3, "amount": 0.029, "side": "sell", "timestamp": 1766188093414}, {"id": "3024859541", "price": 88180.3, "amount": 0.004, "side": "sell", "timestamp": 1766188094156}, {"id": "3024859542", "price": 88180.4, "amount": 0.003, "side": "buy", "timestamp": 1766188095182}, {"id": "3024859543", "price": 88180.3, "amount": 0.002, "side": "sell", "timestamp": 1766188096348}, {"id": "3024859544", "price": 88180.4, "amount": 0.002, "side": "buy", "timestamp": 1766188097051}, {"id": "3024859545", "price": 88180.3, "amount": 0.008, "side": "sell", "timestamp": 1766188098125}, {"id": "3024859546", "price": 88180.4, "amount": 0.002, "side": "buy", "timestamp": 1766188098805}, {"id": "3024859547", "price": 88180.4, "amount": 0.004, "side": "buy", "timestamp": 1766188099518}, {"id": "3024859548", "price": 88180.4, "amount": 0.003, "side": "buy", "timestamp": 1766188100215}, {"id": "3024859549", "price": 88180.4, "amount": 0.008, "side": "buy", "timestamp": 1766188100965}, {"id": "3024859550", "price": 88180.4, "amount": 0.004, "side": "buy", "timestamp": 1766188101586}, {"id": "3024859551", "price": 88180.3, "amount": 0.005, "side": "sell", "timestamp": 1766188101726}, {"id": "3024859552", "price": 88180.3, "amount": 0.008, "side": "sell", "timestamp": 1766188102182}, {"id": "3024859553", "price": 88180.3, "amount": 0.002, "side": "sell", "timestamp": 1766188102365}, {"id": "3024859554", "price": 88180.3, "amount": 0.035, "side": "sell", "timestamp": 1766188102865}, {"id": "3024859555", "price": 88180.4, "amount": 0.003, "side": "buy", "timestamp": 1766188102984}, {"id": "3024859556", "price": 88180.3, "amount": 0.003, "side": "sell", "timestamp": 1766188104021}, {"id": "3024859557", "price": 88180.4, "amount": 0.011, "side": "buy", "timestamp": 1766188104133}, {"id": "3024859558", "price": 88180.3, "amount": 0.002, "side": "sell", "timestamp": 1766188105012}, {"id": "3024859559", "price": 88180.4, "amount": 0.003, "side": "buy", "timestamp": 1766188105070}, {"id": "3024859560", "price": 88180.3, "amount": 0.002, "side": "sell", "timestamp": 1766188105110}, {"id": "3024859561", "price": 88180.3, "amount": 0.01, "side": "sell", "timestamp": 1766188107598}, {"id": "3024859562", "price": 88180.4, "amount": 0.002, "side": "buy", "timestamp": 1766188107967}, {"id": "3024859563", "price": 88180.3, "amount": 0.015, "side": "sell", "timestamp": 1766188108145}, {"id": "3024859564", "price": 88180.4, "amount": 0.004, "side": "buy", "timestamp": 1766188109186}, {"id": "3024859565", "price": 88180.4, "amount": 0.003, "side": "buy", "timestamp": 1766188109528}, {"id": "3024859566", "price": 88180.4, "amount": 0.013, "side": "buy", "timestamp": 1766188109862}, {"id": "3024859567", "price": 88180.4, "amount": 0.003, "side": "buy", "timestamp": 1766188110098}, {"id": "3024859568", "price": 88180.4, "amount": 0.112, "side": "buy", "timestamp": 1766188110296}, {"id": "3024859569", "price": 88180.4, "amount": 0.003, "side": "buy", "timestamp": 1766188110402}, {"id": "3024859570", "price": 88180.4, "amount": 0.693, "side": "buy", "timestamp": 1766188111383}, {"id": "3024859571", "price": 88180.3, "amount": 0.005, "side": "sell", "timestamp": 1766188111463}, {"id": "3024859572", "price": 88180.4, "amount": 0.005, "side": "buy", "timestamp": 1766188111541}, {"id": "3024859573", "price": 88180.4, "amount": 0.022, "side": "buy", "timestamp": 1766188111791}, {"id": "3024859574", "price": 88180.3, "amount": 0.055, "side": "sell", "timestamp": 1766188112139}, {"id": "3024859575", "price": 88180.4, "amount": 0.005, "side": "buy", "timestamp": 1766188113031}, {"id": "3024859576", "price": 88180.3, "amount": 0.008, "side": "sell", "timestamp": 1766188114638}, {"id": "3024859577", "price": 88180.3, "amount": 0.052, "side": "sell", "timestamp": 1766188114805}, {"id": "3024859578", "price": 88180.4, "amount": 0.003, "side": "buy", "timestamp": 1766188115128}, {"id": "3024859579", "price": 88180.4, "amount": 0.002, "side": "buy", "timestamp": 1766188115807}, {"id": "3024859580", "price": 88180.3, "amount": 0.002, "side": "sell", "timestamp": 1766188115870}, {"id": "3024859581", "price": 88180.3, "amount": 0.002, "side": "sell", "timestamp": 1766188116363}, {"id": "3024859582", "price": 88180.3, "amount": 0.02, "side": "sell", "timestamp": 1766188117408}, {"id": "3024859583", "price": 88180.4, "amount": 2.496, "side": "buy", "timestamp": 1766188117509}, {"id": "3024859802", "price": 88150.8, "amount": 0.007, "side": "sell", "timestamp": 1766188149487}, {"id": "3024859803", "price": 88150.7, "amount": 0.002, "side": "sell", "timestamp": 1766188149487}, {"id": "3024859804", "price": 88150.4, "amount": 0.006, "side": "sell", "timestamp": 1766188150042}, {"id": "3024859805", "price": 88150.5, "amount": 0.003, "side": "buy", "timestamp": 1766188150122}, {"id": "3024859806", "price": 88150.4, "amount": 0.449, "side": "sell", "timestamp": 1766188150145}, {"id": "3024859807", "price": 88150.4, "amount": 0.483, "side": "sell", "timestamp": 1766188150909}, {"id": "3024859808", "price": 88150.4, "amount": 0.008, "side": "sell", "timestamp": 1766188151182}, {"id": "3024859809", "price": 88150.4, "amount": 0.075, "side": "sell", "timestamp": 1766188152375}, {"id": "3024859810", "price": 88150.4, "amount": 0.002, "side": "sell", "timestamp": 1766188152983}, {"id": "3024859811", "price": 88150.4, "amount": 0.004, "side": "sell", "timestamp": 1766188153085}, {"id": "3024859812", "price": 88150.4, "amount": 0.003, "side": "sell", "timestamp": 1766188154410}, {"id": "3024859813", "price": 88150.4, "amount": 0.002, "side": "sell", "timestamp": 1766188154726}, {"id": "3024859814", "price": 88150.5, "amount": 0.003, "side": "buy", "timestamp": 1766188155170}, {"id": "3024859815", "price": 88150.4, "amount": 0.05, "side": "sell", "timestamp": 1766188155502}, {"id": "3024859816", "price": 88150.4, "amount": 0.001, "side": "sell", "timestamp": 1766188158224}, {"id": "3024859817", "price": 88150.5, "amount": 0.006, "side": "buy", "timestamp": 1766188158634}, {"id": "3024859818", "price": 88150.4, "amount": 0.009, "side": "sell", "timestamp": 1766188159102}, {"id": "3024859819", "price": 88150.5, "amount": 0.005, "side": "buy", "timestamp": 1766188159744}, {"id": "3024859820", "price": 88150.5, "amount": 0.003, "side": "buy", "timestamp": 1766188160189}, {"id": "3024859821", "price": 88150.4, "amount": 0.009, "side": "sell", "timestamp": 1766188160674}, {"id": "3024859822", "price": 88150.5, "amount": 0.584, "side": "buy", "timestamp": 1766188160801}, {"id": "3024859823", "price": 88150.6, "amount": 0.03, "side": "buy", "timestamp": 1766188160807}, {"id": "3024859824", "price": 88150.7, "amount": 0.002, "side": "buy", "timestamp": 1766188160807}, {"id": "3024859825", "price": 88150.9, "amount": 0.002, "side": "buy", "timestamp": 1766188160809}, {"id": "3024859826", "price": 88151.2, "amount": 0.002, "side": "buy", "timestamp": 1766188160809}, {"id": "3024859827", "price": 88151.4, "amount": 0.002, "side": "buy", "timestamp": 1766188160809}, {"id": "3024859828", "price": 88152.1, "amount": 0.004, "side": "buy", "timestamp": 1766188160809}, {"id": "3024859829", "price": 88152.5, "amount": 0.003, "side": "buy", "timestamp": 1766188160809}, {"id": "3024859830", "price": 88152.6, "amount": 0.044, "side": "buy", "timestamp": 1766188160813}, {"id": "3024859831", "price": 88152.8, "amount": 0.05, "side": "buy", "timestamp": 1766188160816}, {"id": "3024859832", "price": 88153.0, "amount": 0.025, "side": "buy", "timestamp": 1766188160819}, {"id": "3024859833", "price": 88153.2, "amount": 0.08, "side": "buy", "timestamp": 1766188160822}, {"id": "3024859834", "price": 88153.1, "amount": 0.032, "side": "sell", "timestamp": 1766188161074}, {"id": "3024859835", "price": 88153.1, "amount": 0.003, "side": "sell", "timestamp": 1766188161359}, {"id": "3024859836", "price": 88153.1, "amount": 0.056, "side": "sell", "timestamp": 1766188162248}, {"id": "3024859837", "price": 88153.2, "amount": 0.02, "side": "buy", "timestamp": 1766188165023}, {"id": "3024859838", "price": 88153.1, "amount": 0.001, "side": "sell", "timestamp": 1766188165408}, {"id": "3024859839", "price": 88153.1, "amount": 0.002, "side": "sell", "timestamp": 1766188165970}, {"id": "3024859840", "price": 88153.1, "amount": 0.001, "side": "sell", "timestamp": 1766188166355}, {"id": "3024859841", "price": 88153.1, "amount": 0.136, "side": "sell", "timestamp": 1766188167262}, {"id": "3024859842", "price": 88153.1, "amount": 0.005, "side": "sell", "timestamp": 1766188167658}, {"id": "3024859843", "price": 88153.1, "amount": 1.383, "side": "sell", "timestamp": 1766188168114}, {"id": "3024859844", "price": 88153.1, "amount": 0.002, "side": "sell", "timestamp": 1766188168427}, {"id": "3024859845", "price": 88153.1, "amount": 2.416, "side": "sell", "timestamp": 1766188168550}, {"id": "3024859846", "price": 88153.1, "amount": 0.022, "side": "sell", "timestamp": 1766188168814}, {"id": "3024859847", "price": 88153.1, "amount": 0.005, "side": "sell", "timestamp": 1766188168922}, {"id": "3024859848", "price": 88153.1, "amount": 0.002, "side": "sell", "timestamp": 1766188169560}, {"id": "3024859849", "price": 88153.1, "amount": 0.1, "side": "sell", "timestamp": 1766188169680}, {"id": "3024859850", "price": 88153.2, "amount": 0.003, "side": "buy", "timestamp": 1766188170076}, {"id": "3024859851", "price": 88153.1, "amount": 0.113, "side": "sell", "timestamp": 1766188170520}, {"id": "3024860033", "price": 88145.3, "amount": 0.011, "side": "buy", "timestamp": 1766188221121}, {"id": "3024860034", "price": 88145.2, "amount": 0.046, "side": "sell", "timestamp": 1766188222139}, {"id": "3024860035", "price": 88145.2, "amount": 0.056, "side": "sell", "timestamp": 1766188222468}, {"id": "3024860036", "price": 88145.3, "amount": 0.005, "side": "buy", "timestamp": 1766188222553}, {"id": "3024860037", "price": 88145.2, "amount": 0.002, "side": "sell", "timestamp": 1766188223402}, {"id": "3024860038", "price": 88145.2, "amount": 0.079, "side": "sell", "timestamp": 1766188223589}, {"id": "3024860039", "price": 88145.1, "amount": 0.002, "side": "sell", "timestamp": 1766188223596}, {"id": "3024860040", "price": 88145.0, "amount": 0.002, "side": "sell", "timestamp": 1766188223596}, {"id": "3024860041", "price": 88144.8, "amount": 0.003, "side": "sell", "timestamp": 1766188223596}, {"id": "3024860042", "price": 88144.7, "amount": 0.002, "side": "sell", "timestamp": 1766188223596}, {"id": "3024860043", "price": 88144.5, "amount": 0.003, "side": "sell", "timestamp": 1766188223596}, {"id": "3024860044", "price": 88144.3, "amount": 0.002, "side": "sell", "timestamp": 1766188223596}, {"id": "3024860045", "price": 88144.2, "amount": 0.002, "side": "sell", "timestamp": 1766188223596}, {"id": "3024860046", "price": 88144.1, "amount": 0.002, "side": "sell", "timestamp": 1766188223596}, {"id": "3024860047", "price": 88144.0, "amount": 0.012, "side": "sell", "timestamp": 1766188223596}, {"id": "3024860048", "price": 88143.7, "amount": 0.055, "side": "sell", "timestamp": 1766188223607}, {"id": "3024860049", "price": 88143.6, "amount": 0.003, "side": "sell", "timestamp": 1766188223614}, {"id": "3024860050", "price": 88143.5, "amount": 0.002, "side": "sell", "timestamp": 1766188223614}, {"id": "3024860051", "price": 88143.4, "amount": 0.002, "side": "sell", "timestamp": 1766188223614}, {"id": "3024860052", "price": 88143.2, "amount": 0.007, "side": "sell", "timestamp": 1766188223614}, {"id": "3024860053", "price": 88143.1, "amount": 0.006, "side": "sell", "timestamp": 1766188223614}, {"id": "3024860054", "price": 88142.8, "amount": 0.002, "side": "sell", "timestamp": 1766188223614}, {"id": "3024860055", "price": 88142.7, "amount": 0.002, "side": "sell", "timestamp": 1766188223614}, {"id": "3024860056", "price": 88142.6, "amount": 0.002, "side": "sell", "timestamp": 1766188223614}, {"id": "3024860057", "price": 88142.5, "amount": 0.002, "side": "sell", "timestamp": 1766188223614}, {"id": "3024860058", "price": 88142.4, "amount": 0.003, "side": "sell", "timestamp": 1766188223614}, {"id": "3024860059", "price": 88142.2, "amount": 0.039, "side": "sell", "timestamp": 1766188223620}, {"id": "3024860060", "price": 88141.7, "amount": 0.002, "side": "sell", "timestamp": 1766188223622}, {"id": "3024860061", "price": 88141.6, "amount": 0.002, "side": "sell", "timestamp": 1766188223622}, {"id": "3024860062", "price": 88141.4, "amount": 0.002, "side": "sell", "timestamp": 1766188223622}, {"id": "3024860063", "price": 88141.2, "amount": 0.002, "side": "sell", "timestamp": 1766188223622}, {"id": "3024860064", "price": 88141.1, "amount": 0.005, "side": "sell", "timestamp": 1766188223627}, {"id": "3024860065", "price": 88140.8, "amount": 0.025, "side": "sell", "timestamp": 1766188223630}, {"id": "3024860066", "price": 88140.7, "amount": 0.004, "side": "sell", "timestamp": 1766188223657}, {"id": "3024860067", "price": 88140.6, "amount": 0.002, "side": "sell", "timestamp": 1766188223657}, {"id": "3024860068", "price": 88140.2, "amount": 0.002, "side": "sell", "timestamp": 1766188223657}, {"id": "3024860069", "price": 88140.0, "amount": 0.034, "side": "sell", "timestamp": 1766188223661}, {"id": "3024860070", "price": 88139.7, "amount": 0.002, "side": "sell", "timestamp": 1766188223664}, {"id": "3024860071", "price": 88139.6, "amount": 0.059, "side": "sell", "timestamp": 1766188223668}, {"id": "3024860072", "price": 88139.4, "amount": 0.014, "side": "sell", "timestamp": 1766188223670}, {"id": "3024860073", "price": 88139.2, "amount": 0.005, "side": "sell", "timestamp": 1766188223674}, {"id": "3024860074", "price": 88138.8, "amount": 0.014, "side": "sell", "timestamp": 1766188223678}, {"id": "3024860075", "price": 88138.7, "amount": 0.002, "side": "sell", "timestamp": 1766188223678}, {"id": "3024860076", "price": 88138.4, "amount": 0.011, "side": "sell", "timestamp": 1766188223681}, {"id": "3024860077", "price": 88138.2, "amount": 0.002, "side": "sell", "timestamp": 1766188223681}, {"id": "3024860078", "price": 88137.8, "amount": 0.002, "side": "sell", "timestamp": 1766188223681}, {"id": "3024860079", "price": 88137.7, "amount": 0.005, "side": "sell", "timestamp": 1766188223681}, {"id": "3024860080", "price": 88137.4, "amount": 0.002, "side": "sell", "timestamp": 1766188223681}, {"id": "3024860081", "price": 88137.2, "amount": 0.036, "side": "sell", "timestamp": 1766188223681}, {"id": "3024860082", "price": 88137.1, "amount": 0.002, "side": "sell", "timestamp": 1766188223711}, {"id": "3024860161", "price": 88141.0, "amount": 0.003, "side": "buy", "timestamp": 1766188250173}, {"id": "3024860162", "price": 88140.9, "amount": 0.001, "side": "sell", "timestamp": 1766188250361}, {"id": "3024860163", "price": 88141.0, "amount": 0.002, "side": "buy", "timestamp": 1766188252090}, {"id": "3024860164", "price": 88141.0, "amount": 0.068, "side": "buy", "timestamp": 1766188252646}, {"id": "3024860165", "price": 88140.9, "amount": 0.031, "side": "sell", "timestamp": 1766188253029}, {"id": "3024860166", "price": 88140.9, "amount": 0.002, "side": "sell", "timestamp": 1766188253466}, {"id": "3024860167", "price": 88140.9, "amount": 0.022, "side": "sell", "timestamp": 1766188253715}, {"id": "3024860168", "price": 88140.9, "amount": 0.056, "side": "sell", "timestamp": 1766188254868}, {"id": "3024860169", "price": 88141.0, "amount": 0.003, "side": "buy", "timestamp": 1766188255003}, {"id": "3024860170", "price": 88141.0, "amount": 0.004, "side": "buy", "timestamp": 1766188255258}, {"id": "3024860171", "price": 88141.0, "amount": 0.005, "side": "buy", "timestamp": 1766188256394}, {"id": "3024860172", "price": 88141.0, "amount": 0.028, "side": "buy", "timestamp": 1766188256756}, {"id": "3024860173", "price": 88140.9, "amount": 0.004, "side": "sell", "timestamp": 1766188256804}, {"id": "3024860174", "price": 88141.0, "amount": 0.087, "side": "buy", "timestamp": 1766188257870}, {"id": "3024860175", "price": 88140.9, "amount": 0.003, "side": "sell", "timestamp": 1766188257959}, {"id": "3024860176", "price": 88140.9, "amount": 0.002, "side": "sell", "timestamp": 1766188258672}, {"id": "3024860177", "price": 88141.0, "amount": 0.002, "side": "buy", "timestamp": 1766188258964}, {"id": "3024860178", "price": 88140.9, "amount": 0.001, "side": "sell", "timestamp": 1766188259029}, {"id": "3024860179", "price": 88140.9, "amount": 0.001, "side": "sell", "timestamp": 1766188259655}, {"id": "3024860180", "price": 88141.0, "amount": 0.009, "side": "buy", "timestamp": 1766188259957}, {"id": "3024860181", "price": 88141.0, "amount": 0.003, "side": "buy", "timestamp": 1766188260058}, {"id": "3024860182", "price": 88140.9, "amount": 0.002, "side": "sell", "timestamp": 1766188260079}, {"id": "3024860183", "price": 88140.9, "amount": 0.004, "side": "sell", "timestamp": 1766188261220}, {"id": "3024860184", "price": 88141.0, "amount": 0.004, "side": "buy", "timestamp": 1766188261864}, {"id": "3024860185", "price": 88140.9, "amount": 0.1, "side": "sell", "timestamp": 1766188261949}, {"id": "3024860186", "price": 88141.0, "amount": 0.005, "side": "buy", "timestamp": 1766188262020}, {"id": "3024860187", "price": 88140.9, "amount": 0.001, "side": "sell", "timestamp": 1766188262278}, {"id": "3024860188", "price": 88140.9, "amount": 0.056, "side": "sell", "timestamp": 1766188262408}, {"id": "3024860189", "price": 88141.0, "amount": 0.004, "side": "buy", "timestamp": 1766188262674}, {"id": "3024860190", "price": 88140.9, "amount": 0.011, "side": "sell", "timestamp": 1766188263409}, {"id": "3024860191", "price": 88141.0, "amount": 0.004, "side": "buy", "timestamp": 1766188264669}, {"id": "3024860192", "price": 88141.0, "amount": 0.003, "side": "buy", "timestamp": 1766188265086}, {"id": "3024860193", "price": 88141.0, "amount": 0.002, "side": "buy", "timestamp": 1766188265603}, {"id": "3024860194", "price": 88140.9, "amount": 0.609, "side": "sell", "timestamp": 1766188266112}, {"id": "3024860195", "price": 88140.9, "amount": 0.028, "side": "sell", "timestamp": 1766188266686}, {"id": "3024860196", "price": 88141.0, "amount": 0.087, "side": "buy", "timestamp": 1766188266781}, {"id": "3024860197", "price": 88140.9, "amount": 0.001, "side": "sell", "timestamp": 1766188267062}, {"id": "3024860198", "price": 88141.0, "amount": 0.265, "side": "buy", "timestamp": 1766188267074}, {"id": "3024860199", "price": 88141.0, "amount": 0.1, "side": "buy", "timestamp": 1766188267192}, {"id": "3024860200", "price": 88141.0, "amount": 0.433, "side": "buy", "timestamp": 1766188268310}, {"id": "3024860201", "price": 88140.9, "amount": 0.003, "side": "sell", "timestamp": 1766188268421}, {"id": "3024860202", "price": 88141.0, "amount": 0.017, "side": "buy", "timestamp": 1766188269532}, {"id": "3024860203", "price": 88140.9, "amount": 0.001, "side": "sell", "timestamp": 1766188269928}, {"id": "3024860204", "price": 88141.0, "amount": 0.003, "side": "buy", "timestamp": 1766188270119}, {"id": "3024860205", "price": 88140.9, "amount": 0.004, "side": "sell", "timestamp": 1766188271165}, {"id": "3024860206", "price": 88140.9, "amount": 0.056, "side": "sell", "timestamp": 1766188272395}, {"id": "3024860207", "price": 88140.9, "amount": 0.021, "side": "sell", "timestamp": 1766188273059}, {"id": "3024860208", "price": 88141.0, "amount": 0.004, "side": "buy", "timestamp": 1766188273506}, {"id": "3024860209", "price": 88141.0, "amount": 0.003, "side": "buy", "timestamp": 1766188275011}, {"id": "3024860210", "price": 88140.9, "amount": 0.005, "side": "sell", "timestamp": 1766188275957}, {"id": "3024860464", "price": 88119.3, "amount": 0.002, "side": "buy", "timestamp": 1766188314388}, {"id": "3024860465", "price": 88119.5, "amount": 0.002, "side": "buy", "timestamp": 1766188314388}, {"id": "3024860466", "price": 88120.1, "amount": 0.002, "side": "buy", "timestamp": 1766188314388}, {"id": "3024860467", "price": 88120.2, "amount": 0.002, "side": "buy", "timestamp": 1766188314388}, {"id": "3024860468", "price": 88120.3, "amount": 0.003, "side": "buy", "timestamp": 1766188314388}, {"id": "3024860469", "price": 88120.4, "amount": 0.002, "side": "buy", "timestamp": 1766188314388}, {"id": "3024860470", "price": 88120.9, "amount": 0.002, "side": "buy", "timestamp": 1766188314388}, {"id": "3024860471", "price": 88121.1, "amount": 0.003, "side": "buy", "timestamp": 1766188314388}, {"id": "3024860472", "price": 88121.2, "amount": 0.002, "side": "buy", "timestamp": 1766188314388}, {"id": "3024860473", "price": 88121.4, "amount": 0.004, "side": "buy", "timestamp": 1766188314389}, {"id": "3024860474", "price": 88121.7, "amount": 0.003, "side": "buy", "timestamp": 1766188314389}, {"id": "3024860475", "price": 88121.8, "amount": 0.038, "side": "buy", "timestamp": 1766188314392}, {"id": "3024860476", "price": 88121.7, "amount": 0.018, "side": "sell", "timestamp": 1766188315093}, {"id": "3024860477", "price": 88121.8, "amount": 0.003, "side": "buy", "timestamp": 1766188315151}, {"id": "3024860478", "price": 88121.8, "amount": 0.002, "side": "buy", "timestamp": 1766188315935}, {"id": "3024860479", "price": 88121.7, "amount": 0.01, "side": "sell", "timestamp": 1766188316116}, {"id": "3024860480", "price": 88121.7, "amount": 0.034, "side": "sell", "timestamp": 1766188316337}, {"id": "3024860481", "price": 88121.7, "amount": 0.002, "side": "sell", "timestamp": 1766188316477}, {"id": "3024860482", "price": 88121.8, "amount": 0.006, "side": "buy", "timestamp": 1766188317118}, {"id": "3024860483", "price": 88121.7, "amount": 0.012, "side": "sell", "timestamp": 1766188317370}, {"id": "3024860484", "price": 88121.7, "amount": 0.083, "side": "sell", "timestamp": 1766188317665}, {"id": "3024860485", "price": 88121.7, "amount": 0.002, "side": "sell", "timestamp": 1766188317939}, {"id": "3024860486", "price": 88121.7, "amount": 0.002, "side": "sell", "timestamp": 1766188318240}, {"id": "3024860487", "price": 88121.7, "amount": 1.905, "side": "sell", "timestamp": 1766188318570}, {"id": "3024860488", "price": 88121.8, "amount": 0.026, "side": "buy", "timestamp": 1766188318850}, {"id": "3024860489", "price": 88121.7, "amount": 0.035, "side": "sell", "timestamp": 1766188319310}, {"id": "3024860490", "price": 88121.8, "amount": 0.003, "side": "buy", "timestamp": 1766188320078}, {"id": "3024860491", "price": 88121.7, "amount": 0.016, "side": "sell", "timestamp": 1766188321200}, {"id": "3024860492", "price": 88121.7, "amount": 0.022, "side": "sell", "timestamp": 1766188321350}, {"id": "3024860493", "price": 88121.7, "amount": 0.023, "side": "sell", "timestamp": 1766188321529}, {"id": "3024860494", "price": 88121.7, "amount": 0.162, "side": "sell", "timestamp": 1766188321647}, {"id": "3024860495", "price": 88121.7, "amount": 0.063, "side": "sell", "timestamp": 1766188321775}, {"id": "3024860496", "price": 88121.7, "amount": 0.181, "side": "sell", "timestamp": 1766188322107}, {"id": "3024860497", "price": 88121.7, "amount": 0.007, "side": "sell", "timestamp": 1766188322248}, {"id": "3024860498", "price": 88121.8, "amount": 0.008, "side": "buy", "timestamp": 1766188322635}, {"id": "3024860499", "price": 88121.8, "amount": 0.002, "side": "buy", "timestamp": 1766188322757}, {"id": "3024860500", "price": 88121.7, "amount": 0.05, "side": "sell", "timestamp": 1766188323230}, {"id": "3024860501", "price": 88121.8, "amount": 0.008, "side": "buy", "timestamp": 1766188323325}, {"id": "3024860502", "price": 88121.8, "amount": 0.008, "side": "buy", "timestamp": 1766188323427}, {"id": "3024860503", "price": 88121.7, "amount": 0.012, "side": "sell", "timestamp": 1766188324139}, {"id": "3024860504", "price": 88121.8, "amount": 0.01, "side": "buy", "timestamp": 1766188324999}, {"id": "3024860505", "price": 88121.7, "amount": 0.024, "side": "sell", "timestamp": 1766188325101}, {"id": "3024860506", "price": 88121.8, "amount": 0.003, "side": "buy", "timestamp": 1766188325173}, {"id": "3024860507", "price": 88121.7, "amount": 0.037, "side": "sell", "timestamp": 1766188325209}, {"id": "3024860508", "price": 88121.7, "amount": 0.015, "side": "sell", "timestamp": 1766188326024}, {"id": "3024860509", "price": 88121.7, "amount": 0.04, "side": "sell", "timestamp": 1766188326137}, {"id": "3024860510", "price": 88121.7, "amount": 0.008, "side": "sell", "timestamp": 1766188326292}, {"id": "3024860511", "price": 88121.7, "amount": 0.002, "side": "sell", "timestamp": 1766188327127}, {"id": "3024860512", "price": 88121.7, "amount": 0.171, "side": "sell", "timestamp": 1766188327335}, {"id": "3024860513", "price": 88121.8, "amount": 0.013, "side": "buy", "timestamp": 1766188327499}, {"id": "3024860669", "price": 88127.0, "amount": 0.007, "side": "sell", "timestamp": 1766188370894}, {"id": "3024860670", "price": 88127.1, "amount": 0.096, "side": "buy", "timestamp": 1766188370930}, {"id": "3024860671", "price": 88127.2, "amount": 0.009, "side": "buy", "timestamp": 1766188370930}, {"id": "3024860672", "price": 88127.3, "amount": 0.005, "side": "buy", "timestamp": 1766188370930}, {"id": "3024860673", "price": 88127.4, "amount": 0.003, "side": "buy", "timestamp": 1766188370930}, {"id": "3024860674", "price": 88127.6, "amount": 0.002, "side": "buy", "timestamp": 1766188370930}, {"id": "3024860675", "price": 88128.0, "amount": 0.048, "side": "buy", "timestamp": 1766188370930}, {"id": "3024860676", "price": 88128.1, "amount": 0.002, "side": "buy", "timestamp": 1766188370930}, {"id": "3024860677", "price": 88128.5, "amount": 5.148, "side": "buy", "timestamp": 1766188370930}, {"id": "3024860678", "price": 88128.6, "amount": 0.002, "side": "buy", "timestamp": 1766188370997}, {"id": "3024860679", "price": 88129.0, "amount": 0.002, "side": "buy", "timestamp": 1766188370997}, {"id": "3024860680", "price": 88129.2, "amount": 0.005, "side": "buy", "timestamp": 1766188370997}, {"id": "3024860681", "price": 88129.6, "amount": 0.002, "side": "buy", "timestamp": 1766188370997}, {"id": "3024860682", "price": 88129.9, "amount": 0.005, "side": "buy", "timestamp": 1766188370997}, {"id": "3024860683", "price": 88130.1, "amount": 0.002, "side": "buy", "timestamp": 1766188370997}, {"id": "3024860684", "price": 88130.2, "amount": 0.002, "side": "buy", "timestamp": 1766188370997}, {"id": "3024860685", "price": 88130.5, "amount": 0.002, "side": "buy", "timestamp": 1766188370997}, {"id": "3024860686", "price": 88130.7, "amount": 0.003, "side": "buy", "timestamp": 1766188370997}, {"id": "3024860687", "price": 88130.8, "amount": 0.002, "side": "buy", "timestamp": 1766188370997}, {"id": "3024860688", "price": 88130.9, "amount": 0.002, "side": "buy", "timestamp": 1766188370997}, {"id": "3024860689", "price": 88131.0, "amount": 0.742, "side": "buy", "timestamp": 1766188371000}, {"id": "3024860690", "price": 88131.0, "amount": 0.016, "side": "buy", "timestamp": 1766188371131}, {"id": "3024860691", "price": 88130.9, "amount": 0.012, "side": "sell", "timestamp": 1766188371242}, {"id": "3024860692", "price": 88131.0, "amount": 0.005, "side": "buy", "timestamp": 1766188371394}, {"id": "3024860693", "price": 88130.9, "amount": 0.05, "side": "sell", "timestamp": 1766188372041}, {"id": "3024860694", "price": 88131.0, "amount": 0.035, "side": "buy", "timestamp": 1766188372041}, {"id": "3024860695", "price": 88131.0, "amount": 0.014, "side": "buy", "timestamp": 1766188373070}, {"id": "3024860696", "price": 88130.9, "amount": 0.031, "side": "sell", "timestamp": 1766188374081}, {"id": "3024860697", "price": 88131.0, "amount": 0.014, "side": "buy", "timestamp": 1766188374096}, {"id": "3024860698", "price": 88130.9, "amount": 0.008, "side": "sell", "timestamp": 1766188374200}, {"id": "3024860699", "price": 88131.0, "amount": 0.02, "side": "buy", "timestamp": 1766188374298}, {"id": "3024860700", "price": 88130.9, "amount": 0.005, "side": "sell", "timestamp": 1766188374498}, {"id": "3024860701", "price": 88131.0, "amount": 0.003, "side": "buy", "timestamp": 1766188375137}, {"id": "3024860702", "price": 88130.9, "amount": 5.149, "side": "sell", "timestamp": 1766188375238}, {"id": "3024860703", "price": 88130.8, "amount": 0.01, "side": "sell", "timestamp": 1766188375242}, {"id": "3024860704", "price": 88130.8, "amount": 1.145, "side": "sell", "timestamp": 1766188376318}, {"id": "3024860705", "price": 88130.9, "amount": 0.009, "side": "buy", "timestamp": 1766188376617}, {"id": "3024860706", "price": 88130.9, "amount": 0.011, "side": "buy", "timestamp": 1766188377081}, {"id": "3024860707", "price": 88130.9, "amount": 0.025, "side": "buy", "timestamp": 1766188377930}, {"id": "3024860708", "price": 88130.8, "amount": 0.002, "side": "sell", "timestamp": 1766188377934}, {"id": "3024860709", "price": 88130.9, "amount": 0.002, "side": "buy", "timestamp": 1766188378096}, {"id": "3024860710", "price": 88130.8, "amount": 0.021, "side": "sell", "timestamp": 1766188378912}, {"id": "3024860711", "price": 88130.9, "amount": 0.002, "side": "buy", "timestamp": 1766188379132}, {"id": "3024860712", "price": 88130.8, "amount": 0.012, "side": "sell", "timestamp": 1766188379688}, {"id": "3024860713", "price": 88130.8, "amount": 0.003, "side": "sell", "timestamp": 1766188379974}, {"id": "3024860714", "price": 88130.9, "amount": 0.003, "side": "buy", "timestamp": 1766188380183}, {"id": "3024860715", "price": 88130.8, "amount": 0.079, "side": "sell", "timestamp": 1766188380356}, {"id": "3024860716", "price": 88130.8, "amount": 0.03, "side": "sell", "timestamp": 1766188380529}, {"id": "3024860717", "price": 88130.9, "amount": 0.002, "side": "buy", "timestamp": 1766188380647}, {"id": "3024860718", "price": 88130.8, "amount": 0.007, "side": "sell", "timestamp": 1766188380969}, {"id": "3024860777", "price": 88130.9, "amount": 1.198, "side": "buy", "timestamp": 1766188410177}, {"id": "3024860778", "price": 88131.0, "amount": 0.004, "side": "buy", "timestamp": 1766188410181}, {"id": "3024860779", "price": 88131.7, "amount": 0.002, "side": "buy", "timestamp": 1766188410181}, {"id": "3024860780", "price": 88131.8, "amount": 0.002, "side": "buy", "timestamp": 1766188410181}, {"id": "3024860781", "price": 88132.0, "amount": 0.006, "side": "buy", "timestamp": 1766188410181}, {"id": "3024860782", "price": 88132.1, "amount": 0.833, "side": "buy", "timestamp": 1766188410181}, {"id": "3024860783", "price": 88132.2, "amount": 0.009, "side": "buy", "timestamp": 1766188410181}, {"id": "3024860784", "price": 88132.4, "amount": 0.021, "side": "buy", "timestamp": 1766188410181}, {"id": "3024860785", "price": 88132.6, "amount": 0.002, "side": "buy", "timestamp": 1766188410181}, {"id": "3024860786", "price": 88132.7, "amount": 0.002, "side": "buy", "timestamp": 1766188410181}, {"id": "3024860787", "price": 88132.8, "amount": 0.003, "side": "buy", "timestamp": 1766188410181}, {"id": "3024860788", "price": 88133.4, "amount": 0.002, "side": "buy", "timestamp": 1766188410181}, {"id": "3024860789", "price": 88133.6, "amount": 1.412, "side": "buy", "timestamp": 1766188410184}, {"id": "3024860790", "price": 88133.5, "amount": 1.56, "side": "sell", "timestamp": 1766188410870}, {"id": "3024860791", "price": 88133.6, "amount": 0.022, "side": "buy", "timestamp": 1766188411078}, {"id": "3024860792", "price": 88133.5, "amount": 0.125, "side": "sell", "timestamp": 1766188412894}, {"id": "3024860793", "price": 88133.5, "amount": 0.094, "side": "sell", "timestamp": 1766188413434}, {"id": "3024860794", "price": 88133.6, "amount": 0.007, "side": "buy", "timestamp": 1766188414163}, {"id": "3024860795", "price": 88133.6, "amount": 0.02, "side": "buy", "timestamp": 1766188414375}, {"id": "3024860796", "price": 88133.5, "amount": 0.066, "side": "sell", "timestamp": 1766188414529}, {"id": "3024860797", "price": 88133.5, "amount": 0.009, "side": "sell", "timestamp": 1766188414939}, {"id": "3024860798", "price": 88133.6, "amount": 0.003, "side": "buy", "timestamp": 1766188415058}, {"id": "3024860799", "price": 88133.5, "amount": 0.002, "side": "sell", "timestamp": 1766188415102}, {"id": "3024860800", "price": 88133.5, "amount": 0.957, "side": "sell", "timestamp": 1766188415724}, {"id": "3024860801", "price": 88133.6, "amount": 0.008, "side": "buy", "timestamp": 1766188415841}, {"id": "3024860802", "price": 88133.6, "amount": 0.01, "side": "buy", "timestamp": 1766188416359}, {"id": "3024860803", "price": 88133.6, "amount": 0.002, "side": "buy", "timestamp": 1766188417204}, {"id": "3024860804", "price": 88133.5, "amount": 0.004, "side": "sell", "timestamp": 1766188417605}, {"id": "3024860805", "price": 88133.5, "amount": 0.052, "side": "sell", "timestamp": 1766188419461}, {"id": "3024860806", "price": 88133.6, "amount": 0.003, "side": "buy", "timestamp": 1766188420127}, {"id": "3024860807", "price": 88133.5, "amount": 0.008, "side": "sell", "timestamp": 1766188420859}, {"id": "3024860808", "price": 88133.5, "amount": 0.028, "side": "sell", "timestamp": 1766188421297}, {"id": "3024860809", "price": 88133.5, "amount": 0.058, "side": "sell", "timestamp": 1766188421699}, {"id": "3024860810", "price": 88133.6, "amount": 0.014, "side": "buy", "timestamp": 1766188421814}, {"id": "3024860811", "price": 88133.5, "amount": 0.056, "side": "sell", "timestamp": 1766188422157}, {"id": "3024860812", "price": 88133.5, "amount": 0.003, "side": "sell", "timestamp": 1766188422933}, {"id": "3024860813", "price": 88133.6, "amount": 0.029, "side": "buy", "timestamp": 1766188424450}, {"id": "3024860814", "price": 88133.5, "amount": 0.037, "side": "sell", "timestamp": 1766188424861}, {"id": "3024860815", "price": 88133.5, "amount": 0.002, "side": "sell", "timestamp": 1766188424998}, {"id": "3024860816", "price": 88133.6, "amount": 0.003, "side": "buy", "timestamp": 1766188425161}, {"id": "3024860817", "price": 88133.5, "amount": 0.007, "side": "sell", "timestamp": 1766188425894}, {"id": "3024860818", "price": 88133.6, "amount": 0.024, "side": "buy", "timestamp": 1766188427033}, {"id": "3024860819", "price": 88133.6, "amount": 0.003, "side": "buy", "timestamp": 1766188428759}, {"id": "3024860820", "price": 88133.6, "amount": 0.003, "side": "buy", "timestamp": 1766188430198}, {"id": "3024860821", "price": 88133.6, "amount": 0.014, "side": "buy", "timestamp": 1766188431499}, {"id": "3024860822", "price": 88133.5, "amount": 0.056, "side": "sell", "timestamp": 1766188432140}, {"id": "3024860823", "price": 88133.5, "amount": 0.206, "side": "sell", "timestamp": 1766188432626}, {"id": "3024860824", "price": 88133.5, "amount": 0.015, "side": "sell", "timestamp": 1766188432776}, {"id": "3024860825", "price": 88133.6, "amount": 0.005, "side": "buy", "timestamp": 1766188432989}, {"id": "3024860826", "price": 88133.6, "amount": 0.174, "side": "buy", "timestamp": 1766188433140}, {"id": "3024861286", "price": 88085.3, "amount": 0.002, "side": "buy", "timestamp": 1766188487055}, {"id": "3024861287", "price": 88085.8, "amount": 0.002, "side": "buy", "timestamp": 1766188487055}, {"id": "3024861288", "price": 88085.9, "amount": 0.002, "side": "buy", "timestamp": 1766188487055}, {"id": "3024861289", "price": 88086.3, "amount": 0.011, "side": "buy", "timestamp": 1766188487055}, {"id": "3024861290", "price": 88086.4, "amount": 0.002, "side": "buy", "timestamp": 1766188487055}, {"id": "3024861291", "price": 88086.9, "amount": 0.004, "side": "buy", "timestamp": 1766188487055}, {"id": "3024861292", "price": 88087.1, "amount": 0.015, "side": "buy", "timestamp": 1766188487055}, {"id": "3024861293", "price": 88087.5, "amount": 0.058, "side": "buy", "timestamp": 1766188487055}, {"id": "3024861294", "price": 88087.8, "amount": 0.002, "side": "buy", "timestamp": 1766188487055}, {"id": "3024861295", "price": 88087.9, "amount": 0.003, "side": "buy", "timestamp": 1766188487055}, {"id": "3024861296", "price": 88088.0, "amount": 0.002, "side": "buy", "timestamp": 1766188487055}, {"id": "3024861297", "price": 88088.2, "amount": 0.002, "side": "buy", "timestamp": 1766188487055}, {"id": "3024861298", "price": 88088.5, "amount": 0.002, "side": "buy", "timestamp": 1766188487055}, {"id": "3024861299", "price": 88088.7, "amount": 0.003, "side": "buy", "timestamp": 1766188487055}, {"id": "3024861300", "price": 88089.0, "amount": 0.002, "side": "buy", "timestamp": 1766188487055}, {"id": "3024861301", "price": 88089.2, "amount": 0.002, "side": "buy", "timestamp": 1766188487055}, {"id": "3024861302", "price": 88089.4, "amount": 0.002, "side": "buy", "timestamp": 1766188487055}, {"id": "3024861303", "price": 88089.4, "amount": 0.05, "side": "sell", "timestamp": 1766188487147}, {"id": "3024861304", "price": 88089.4, "amount": 0.538, "side": "sell", "timestamp": 1766188487373}, {"id": "3024861305", "price": 88089.5, "amount": 0.068, "side": "buy", "timestamp": 1766188487568}, {"id": "3024861306", "price": 88089.5, "amount": 2.278, "side": "buy", "timestamp": 1766188487751}, {"id": "3024861307", "price": 88089.6, "amount": 0.002, "side": "buy", "timestamp": 1766188487756}, {"id": "3024861308", "price": 88089.9, "amount": 0.002, "side": "buy", "timestamp": 1766188487756}, {"id": "3024861309", "price": 88090.4, "amount": 0.002, "side": "buy", "timestamp": 1766188487756}, {"id": "3024861310", "price": 88090.5, "amount": 0.002, "side": "buy", "timestamp": 1766188487756}, {"id": "3024861311", "price": 88090.6, "amount": 0.014, "side": "buy", "timestamp": 1766188487756}, {"id": "3024861312", "price": 88090.8, "amount": 0.002, "side": "buy", "timestamp": 1766188487756}, {"id": "3024861313", "price": 88091.0, "amount": 0.002, "side": "buy", "timestamp": 1766188487756}, {"id": "3024861314", "price": 88091.1, "amount": 0.003, "side": "buy", "timestamp": 1766188487756}, {"id": "3024861315", "price": 88091.4, "amount": 0.018, "side": "buy", "timestamp": 1766188487757}, {"id": "3024861316", "price": 88091.7, "amount": 0.004, "side": "buy", "timestamp": 1766188487757}, {"id": "3024861317", "price": 88091.9, "amount": 0.003, "side": "buy", "timestamp": 1766188487757}, {"id": "3024861318", "price": 88092.0, "amount": 0.005, "side": "buy", "timestamp": 1766188487757}, {"id": "3024861319", "price": 88092.2, "amount": 0.002, "side": "buy", "timestamp": 1766188487757}, {"id": "3024861320", "price": 88092.4, "amount": 0.004, "side": "buy", "timestamp": 1766188487757}, {"id": "3024861321", "price": 88092.6, "amount": 0.006, "side": "buy", "timestamp": 1766188487757}, {"id": "3024861322", "price": 88092.7, "amount": 0.005, "side": "buy", "timestamp": 1766188487757}, {"id": "3024861323", "price": 88092.9, "amount": 0.013, "side": "buy", "timestamp": 1766188487757}, {"id": "3024861324", "price": 88093.2, "amount": 0.006, "side": "buy", "timestamp": 1766188487757}, {"id": "3024861325", "price": 88093.4, "amount": 0.003, "side": "buy", "timestamp": 1766188487757}, {"id": "3024861326", "price": 88093.7, "amount": 0.002, "side": "buy", "timestamp": 1766188487757}, {"id": "3024861327", "price": 88093.8, "amount": 0.036, "side": "buy", "timestamp": 1766188487757}, {"id": "3024861328", "price": 88094.2, "amount": 0.003, "side": "buy", "timestamp": 1766188487757}, {"id": "3024861329", "price": 88094.4, "amount": 0.002, "side": "buy", "timestamp": 1766188487757}, {"id": "3024861330", "price": 88094.5, "amount": 0.002, "side": "buy", "timestamp": 1766188487757}, {"id": "3024861331", "price": 88094.6, "amount": 0.002, "side": "buy", "timestamp": 1766188487757}, {"id": "3024861332", "price": 88094.7, "amount": 0.002, "side": "buy", "timestamp": 1766188487757}, {"id": "3024861333", "price": 88094.9, "amount": 0.002, "side": "buy", "timestamp": 1766188487757}, {"id": "3024861334", "price": 88095.0, "amount": 0.007, "side": "buy", "timestamp": 1766188487757}, {"id": "3024861335", "price": 88095.5, "amount": 0.002, "side": "buy", "timestamp": 1766188487757}, {"id": "3024861434", "price": 88102.4, "amount": 2.0, "side": "buy", "timestamp": 1766188512827}, {"id": "3024861435", "price": 88102.3, "amount": 0.008, "side": "sell", "timestamp": 1766188513745}, {"id": "3024861436", "price": 88102.3, "amount": 0.022, "side": "sell", "timestamp": 1766188513846}, {"id": "3024861437", "price": 88102.3, "amount": 0.036, "side": "sell", "timestamp": 1766188514148}, {"id": "3024861438", "price": 88102.3, "amount": 0.004, "side": "sell", "timestamp": 1766188514305}, {"id": "3024861439", "price": 88102.4, "amount": 0.01, "side": "buy", "timestamp": 1766188515029}, {"id": "3024861440", "price": 88102.4, "amount": 0.003, "side": "buy", "timestamp": 1766188515191}, {"id": "3024861441", "price": 88102.3, "amount": 0.021, "side": "sell", "timestamp": 1766188515296}, {"id": "3024861442", "price": 88102.3, "amount": 0.045, "side": "sell", "timestamp": 1766188517719}, {"id": "3024861443", "price": 88102.3, "amount": 0.024, "side": "sell", "timestamp": 1766188518202}, {"id": "3024861444", "price": 88102.3, "amount": 0.021, "side": "sell", "timestamp": 1766188519452}, {"id": "3024861445", "price": 88102.4, "amount": 0.003, "side": "buy", "timestamp": 1766188519684}, {"id": "3024861446", "price": 88102.3, "amount": 0.081, "side": "sell", "timestamp": 1766188519969}, {"id": "3024861447", "price": 88102.4, "amount": 0.003, "side": "buy", "timestamp": 1766188520014}, {"id": "3024861448", "price": 88102.3, "amount": 0.009, "side": "sell", "timestamp": 1766188520520}, {"id": "3024861449", "price": 88102.3, "amount": 0.04, "side": "sell", "timestamp": 1766188520921}, {"id": "3024861450", "price": 88102.3, "amount": 0.032, "side": "sell", "timestamp": 1766188521396}, {"id": "3024861451", "price": 88102.3, "amount": 0.029, "side": "sell", "timestamp": 1766188521860}, {"id": "3024861452", "price": 88102.3, "amount": 0.026, "side": "sell", "timestamp": 1766188522263}, {"id": "3024861453", "price": 88102.3, "amount": 0.023, "side": "sell", "timestamp": 1766188522857}, {"id": "3024861454", "price": 88102.4, "amount": 0.1, "side": "buy", "timestamp": 1766188523203}, {"id": "3024861455", "price": 88102.3, "amount": 0.001, "side": "sell", "timestamp": 1766188523465}, {"id": "3024861456", "price": 88102.4, "amount": 0.004, "side": "buy", "timestamp": 1766188523565}, {"id": "3024861457", "price": 88102.3, "amount": 0.025, "side": "sell", "timestamp": 1766188524528}, {"id": "3024861458", "price": 88102.4, "amount": 0.003, "side": "buy", "timestamp": 1766188525067}, {"id": "3024861459", "price": 88102.3, "amount": 0.005, "side": "sell", "timestamp": 1766188526092}, {"id": "3024861460", "price": 88102.3, "amount": 0.023, "side": "sell", "timestamp": 1766188526558}, {"id": "3024861461", "price": 88102.3, "amount": 0.03, "side": "sell", "timestamp": 1766188526922}, {"id": "3024861462", "price": 88102.3, "amount": 0.015, "side": "sell", "timestamp": 1766188527626}, {"id": "3024861463", "price": 88102.4, "amount": 0.002, "side": "buy", "timestamp": 1766188528253}, {"id": "3024861464", "price": 88102.4, "amount": 0.018, "side": "buy", "timestamp": 1766188528587}, {"id": "3024861465", "price": 88102.4, "amount": 0.01, "side": "buy", "timestamp": 1766188528690}, {"id": "3024861466", "price": 88102.4, "amount": 0.045, "side": "buy", "timestamp": 1766188529429}, {"id": "3024861467", "price": 88102.4, "amount": 0.003, "side": "buy", "timestamp": 1766188530101}, {"id": "3024861468", "price": 88102.3, "amount": 0.052, "side": "sell", "timestamp": 1766188530481}, {"id": "3024861469", "price": 88102.3, "amount": 0.33, "side": "sell", "timestamp": 1766188530787}, {"id": "3024861470", "price": 88102.3, "amount": 0.002, "side": "sell", "timestamp": 1766188531275}, {"id": "3024861471", "price": 88102.3, "amount": 0.002, "side": "sell", "timestamp": 1766188532939}, {"id": "3024861472", "price": 88102.4, "amount": 0.004, "side": "buy", "timestamp": 1766188534255}, {"id": "3024861473", "price": 88102.4, "amount": 0.003, "side": "buy", "timestamp": 1766188535139}, {"id": "3024861474", "price": 88102.4, "amount": 0.002, "side": "buy", "timestamp": 1766188535657}, {"id": "3024861475", "price": 88102.3, "amount": 0.002, "side": "sell", "timestamp": 1766188536679}, {"id": "3024861476", "price": 88102.3, "amount": 0.011, "side": "sell", "timestamp": 1766188536893}, {"id": "3024861477", "price": 88102.3, "amount": 0.044, "side": "sell", "timestamp": 1766188537276}, {"id": "3024861478", "price": 88102.3, "amount": 2.0, "side": "sell", "timestamp": 1766188537743}, {"id": "3024861479", "price": 88102.4, "amount": 0.005, "side": "buy", "timestamp": 1766188537945}, {"id": "3024861480", "price": 88102.3, "amount": 0.208, "side": "sell", "timestamp": 1766188538367}, {"id": "3024861481", "price": 88102.3, "amount": 0.005, "side": "sell", "timestamp": 1766188539555}, {"id": "3024861482", "price": 88102.3, "amount": 0.01, "side": "sell", "timestamp": 1766188539931}, {"id": "3024861483", "price": 88102.4, "amount": 0.003, "side": "buy", "timestamp": 1766188540175}, {"id": "3024861773", "price": 88112.8, "amount": 0.015, "side": "buy", "timestamp": 1766188590200}, {"id": "3024861774", "price": 88112.8, "amount": 0.005, "side": "buy", "timestamp": 1766188590466}, {"id": "3024861775", "price": 88112.8, "amount": 0.002, "side": "buy", "timestamp": 1766188590567}, {"id": "3024861776", "price": 88112.8, "amount": 0.005, "side": "buy", "timestamp": 1766188590752}, {"id": "3024861777", "price": 88112.7, "amount": 2.722, "side": "sell", "timestamp": 1766188590874}, {"id": "3024861778", "price": 88112.6, "amount": 1.174, "side": "sell", "timestamp": 1766188590877}, {"id": "3024861779", "price": 88112.5, "amount": 0.003, "side": "sell", "timestamp": 1766188590877}, {"id": "3024861780", "price": 88112.0, "amount": 0.104, "side": "sell", "timestamp": 1766188590877}, {"id": "3024861781", "price": 88111.8, "amount": 0.011, "side": "sell", "timestamp": 1766188590877}, {"id": "3024861782", "price": 88110.8, "amount": 0.002, "side": "sell", "timestamp": 1766188590878}, {"id": "3024861783", "price": 88110.4, "amount": 0.08, "side": "sell", "timestamp": 1766188590878}, {"id": "3024861784", "price": 88110.0, "amount": 0.003, "side": "sell", "timestamp": 1766188590908}, {"id": "3024861785", "price": 88109.7, "amount": 0.002, "side": "sell", "timestamp": 1766188590918}, {"id": "3024861786", "price": 88109.5, "amount": 0.006, "side": "sell", "timestamp": 1766188590918}, {"id": "3024861787", "price": 88109.2, "amount": 0.009, "side": "sell", "timestamp": 1766188590937}, {"id": "3024861788", "price": 88108.6, "amount": 0.002, "side": "sell", "timestamp": 1766188590943}, {"id": "3024861789", "price": 88108.4, "amount": 0.004, "side": "sell", "timestamp": 1766188590943}, {"id": "3024861790", "price": 88108.1, "amount": 0.002, "side": "sell", "timestamp": 1766188590943}, {"id": "3024861791", "price": 88108.0, "amount": 0.022, "side": "sell", "timestamp": 1766188590943}, {"id": "3024861792", "price": 88107.9, "amount": 0.002, "side": "sell", "timestamp": 1766188590943}, {"id": "3024861793", "price": 88107.5, "amount": 0.025, "side": "sell", "timestamp": 1766188590955}, {"id": "3024861794", "price": 88107.3, "amount": 0.002, "side": "sell", "timestamp": 1766188590959}, {"id": "3024861795", "price": 88107.1, "amount": 0.014, "side": "sell", "timestamp": 1766188590959}, {"id": "3024861796", "price": 88106.6, "amount": 0.004, "side": "sell", "timestamp": 1766188590959}, {"id": "3024861797", "price": 88106.5, "amount": 0.003, "side": "sell", "timestamp": 1766188590959}, {"id": "3024861798", "price": 88106.4, "amount": 0.003, "side": "sell", "timestamp": 1766188590959}, {"id": "3024861799", "price": 88106.3, "amount": 0.113, "side": "buy", "timestamp": 1766188591044}, {"id": "3024861800", "price": 88106.2, "amount": 0.101, "side": "sell", "timestamp": 1766188591218}, {"id": "3024861801", "price": 88106.1, "amount": 0.008, "side": "sell", "timestamp": 1766188591221}, {"id": "3024861802", "price": 88105.9, "amount": 0.002, "side": "sell", "timestamp": 1766188591221}, {"id": "3024861803", "price": 88105.6, "amount": 0.002, "side": "sell", "timestamp": 1766188591221}, {"id": "3024861804", "price": 88105.4, "amount": 0.002, "side": "sell", "timestamp": 1766188591221}, {"id": "3024861805", "price": 88104.8, "amount": 0.002, "side": "sell", "timestamp": 1766188591221}, {"id": "3024861806", "price": 88104.3, "amount": 0.002, "side": "sell", "timestamp": 1766188591221}, {"id": "3024861807", "price": 88104.2, "amount": 0.002, "side": "sell", "timestamp": 1766188591221}, {"id": "3024861808", "price": 88103.8, "amount": 0.002, "side": "sell", "timestamp": 1766188591221}, {"id": "3024861809", "price": 88103.6, "amount": 0.002, "side": "sell", "timestamp": 1766188591221}, {"id": "3024861810", "price": 88103.5, "amount": 0.004, "side": "sell", "timestamp": 1766188591222}, {"id": "3024861811", "price": 88103.4, "amount": 0.002, "side": "sell", "timestamp": 1766188591222}, {"id": "3024861812", "price": 88103.2, "amount": 0.002, "side": "sell", "timestamp": 1766188591222}, {"id": "3024861813", "price": 88103.0, "amount": 0.029, "side": "sell", "timestamp": 1766188591237}, {"id": "3024861814", "price": 88103.1, "amount": 0.003, "side": "buy", "timestamp": 1766188591251}, {"id": "3024861815", "price": 88103.0, "amount": 0.005, "side": "sell", "timestamp": 1766188591271}, {"id": "3024861816", "price": 88103.1, "amount": 0.002, "side": "buy", "timestamp": 1766188591372}, {"id": "3024861817", "price": 88103.0, "amount": 0.056, "side": "sell", "timestamp": 1766188591650}, {"id": "3024861818", "price": 88103.0, "amount": 0.068, "side": "sell", "timestamp": 1766188592095}, {"id": "3024861819", "price": 88103.1, "amount": 0.002, "side": "buy", "timestamp": 1766188592367}, {"id": "3024861820", "price": 88103.0, "amount": 0.051, "side": "sell", "timestamp": 1766188592853}, {"id": "3024861821", "price": 88103.0, "amount": 0.002, "side": "sell", "timestamp": 1766188593030}, {"id": "3024861822", "price": 88103.0, "amount": 0.044, "side": "sell", "timestamp": 1766188593865}, {"id": "3024862040", "price": 88092.7, "amount": 0.093, "side": "buy", "timestamp": 1766188633540}, {"id": "3024862041", "price": 88093.2, "amount": 0.011, "side": "buy", "timestamp": 1766188633551}, {"id": "3024862042", "price": 88093.3, "amount": 0.002, "side": "buy", "timestamp": 1766188633551}, {"id": "3024862043", "price": 88093.7, "amount": 0.002, "side": "buy", "timestamp": 1766188633551}, {"id": "3024862044", "price": 88094.2, "amount": 0.002, "side": "buy", "timestamp": 1766188633551}, {"id": "3024862045", "price": 88094.7, "amount": 0.004, "side": "buy", "timestamp": 1766188633554}, {"id": "3024862046", "price": 88095.0, "amount": 0.002, "side": "buy", "timestamp": 1766188633554}, {"id": "3024862047", "price": 88095.6, "amount": 0.002, "side": "buy", "timestamp": 1766188633556}, {"id": "3024862048", "price": 88096.1, "amount": 0.002, "side": "buy", "timestamp": 1766188633556}, {"id": "3024862049", "price": 88096.5, "amount": 0.002, "side": "buy", "timestamp": 1766188633556}, {"id": "3024862050", "price": 88096.6, "amount": 0.004, "side": "buy", "timestamp": 1766188633556}, {"id": "3024862051", "price": 88096.8, "amount": 0.002, "side": "buy", "timestamp": 1766188633556}, {"id": "3024862052", "price": 88097.4, "amount": 0.63, "side": "buy", "timestamp": 1766188633560}, {"id": "3024862053", "price": 88098.1, "amount": 0.005, "side": "buy", "timestamp": 1766188633562}, {"id": "3024862054", "price": 88098.1, "amount": 2.869, "side": "buy", "timestamp": 1766188633744}, {"id": "3024862055", "price": 88098.2, "amount": 0.011, "side": "buy", "timestamp": 1766188633749}, {"id": "3024862056", "price": 88098.1, "amount": 0.097, "side": "sell", "timestamp": 1766188633768}, {"id": "3024862057", "price": 88098.1, "amount": 0.054, "side": "sell", "timestamp": 1766188633905}, {"id": "3024862058", "price": 88098.2, "amount": 0.002, "side": "buy", "timestamp": 1766188633920}, {"id": "3024862059", "price": 88098.2, "amount": 0.003, "side": "buy", "timestamp": 1766188635134}, {"id": "3024862060", "price": 88098.1, "amount": 0.025, "side": "sell", "timestamp": 1766188635170}, {"id": "3024862061", "price": 88098.2, "amount": 0.002, "side": "buy", "timestamp": 1766188635736}, {"id": "3024862062", "price": 88098.1, "amount": 0.01, "side": "sell", "timestamp": 1766188635894}, {"id": "3024862063", "price": 88098.1, "amount": 0.011, "side": "sell", "timestamp": 1766188636238}, {"id": "3024862064", "price": 88098.2, "amount": 0.026, "side": "buy", "timestamp": 1766188636374}, {"id": "3024862065", "price": 88098.1, "amount": 0.005, "side": "sell", "timestamp": 1766188637305}, {"id": "3024862066", "price": 88098.2, "amount": 0.004, "side": "buy", "timestamp": 1766188637862}, {"id": "3024862067", "price": 88098.1, "amount": 0.033, "side": "sell", "timestamp": 1766188638292}, {"id": "3024862068", "price": 88098.2, "amount": 0.003, "side": "buy", "timestamp": 1766188638638}, {"id": "3024862069", "price": 88098.2, "amount": 0.049, "side": "buy", "timestamp": 1766188638886}, {"id": "3024862070", "price": 88098.1, "amount": 0.011, "side": "sell", "timestamp": 1766188639442}, {"id": "3024862071", "price": 88098.2, "amount": 0.003, "side": "buy", "timestamp": 1766188640165}, {"id": "3024862072", "price": 88098.2, "amount": 0.041, "side": "buy", "timestamp": 1766188641794}, {"id": "3024862073", "price": 88098.3, "amount": 0.019, "side": "buy", "timestamp": 1766188641801}, {"id": "3024862074", "price": 88098.3, "amount": 0.048, "side": "buy", "timestamp": 1766188641973}, {"id": "3024862075", "price": 88098.2, "amount": 0.002, "side": "sell", "timestamp": 1766188643315}, {"id": "3024862076", "price": 88098.3, "amount": 1.504, "side": "buy", "timestamp": 1766188643318}, {"id": "3024862077", "price": 88098.4, "amount": 0.011, "side": "buy", "timestamp": 1766188643543}, {"id": "3024862078", "price": 88098.5, "amount": 0.005, "side": "buy", "timestamp": 1766188643545}, {"id": "3024862079", "price": 88098.6, "amount": 0.002, "side": "buy", "timestamp": 1766188643545}, {"id": "3024862080", "price": 88099.0, "amount": 0.002, "side": "buy", "timestamp": 1766188643545}, {"id": "3024862081", "price": 88099.4, "amount": 0.002, "side": "buy", "timestamp": 1766188643548}, {"id": "3024862082", "price": 88100.0, "amount": 0.007, "side": "buy", "timestamp": 1766188643549}, {"id": "3024862083", "price": 88100.0, "amount": 0.005, "side": "sell", "timestamp": 1766188644291}, {"id": "3024862084", "price": 88100.1, "amount": 0.003, "side": "buy", "timestamp": 1766188645190}, {"id": "3024862085", "price": 88100.1, "amount": 0.002, "side": "buy", "timestamp": 1766188645786}, {"id": "3024862086", "price": 88100.0, "amount": 0.071, "side": "sell", "timestamp": 1766188645893}, {"id": "3024862087", "price": 88100.1, "amount": 0.003, "side": "buy", "timestamp": 1766188646126}, {"id": "3024862088", "price": 88100.0, "amount": 0.002, "side": "sell", "timestamp": 1766188646334}, {"id": "3024862089", "price": 88100.0, "amount": 0.002, "side": "sell", "timestamp": 1766188646876}, {"id": "3024862136", "price": 88100.1, "amount": 0.011, "side": "buy", "timestamp": 1766188677202}, {"id": "3024862137", "price": 88100.1, "amount": 0.002, "side": "buy", "timestamp": 1766188677339}, {"id": "3024862138", "price": 88100.1, "amount": 0.018, "side": "buy", "timestamp": 1766188677762}, {"id": "3024862139", "price": 88100.0, "amount": 0.054, "side": "sell", "timestamp": 1766188677981}, {"id": "3024862140", "price": 88100.0, "amount": 0.037, "side": "sell", "timestamp": 1766188678744}, {"id": "3024862141", "price": 88100.1, "amount": 0.002, "side": "buy", "timestamp": 1766188680005}, {"id": "3024862142", "price": 88100.1, "amount": 0.003, "side": "buy", "timestamp": 1766188680129}, {"id": "3024862143", "price": 88100.0, "amount": 0.013, "side": "sell", "timestamp": 1766188680554}, {"id": "3024862144", "price": 88100.0, "amount": 0.018, "side": "sell", "timestamp": 1766188681245}, {"id": "3024862145", "price": 88100.0, "amount": 0.002, "side": "sell", "timestamp": 1766188681354}, {"id": "3024862146", "price": 88100.1, "amount": 0.005, "side": "buy", "timestamp": 1766188681989}, {"id": "3024862147", "price": 88100.0, "amount": 0.002, "side": "sell", "timestamp": 1766188682520}, {"id": "3024862148", "price": 88100.1, "amount": 0.1, "side": "buy", "timestamp": 1766188683954}, {"id": "3024862149", "price": 88100.0, "amount": 0.035, "side": "sell", "timestamp": 1766188684134}, {"id": "3024862150", "price": 88100.0, "amount": 0.454, "side": "sell", "timestamp": 1766188684342}, {"id": "3024862151", "price": 88100.0, "amount": 0.004, "side": "sell", "timestamp": 1766188684519}, {"id": "3024862152", "price": 88100.1, "amount": 0.003, "side": "buy", "timestamp": 1766188685013}, {"id": "3024862153", "price": 88100.0, "amount": 0.034, "side": "sell", "timestamp": 1766188685052}, {"id": "3024862154", "price": 88100.0, "amount": 0.005, "side": "sell", "timestamp": 1766188685231}, {"id": "3024862155", "price": 88100.0, "amount": 0.003, "side": "sell", "timestamp": 1766188685666}, {"id": "3024862156", "price": 88100.0, "amount": 0.007, "side": "sell", "timestamp": 1766188686142}, {"id": "3024862157", "price": 88100.1, "amount": 0.067, "side": "buy", "timestamp": 1766188689275}, {"id": "3024862158", "price": 88100.0, "amount": 0.002, "side": "sell", "timestamp": 1766188690033}, {"id": "3024862159", "price": 88100.1, "amount": 0.003, "side": "buy", "timestamp": 1766188690054}, {"id": "3024862160", "price": 88100.0, "amount": 0.003, "side": "sell", "timestamp": 1766188690129}, {"id": "3024862161", "price": 88100.0, "amount": 0.3, "side": "sell", "timestamp": 1766188690950}, {"id": "3024862162", "price": 88100.0, "amount": 0.003, "side": "sell", "timestamp": 1766188692463}, {"id": "3024862163", "price": 88100.0, "amount": 0.09, "side": "sell", "timestamp": 1766188692615}, {"id": "3024862164", "price": 88100.1, "amount": 0.041, "side": "buy", "timestamp": 1766188692684}, {"id": "3024862165", "price": 88100.0, "amount": 0.004, "side": "sell", "timestamp": 1766188693305}, {"id": "3024862166", "price": 88100.1, "amount": 0.092, "side": "buy", "timestamp": 1766188693758}, {"id": "3024862167", "price": 88100.1, "amount": 0.004, "side": "buy", "timestamp": 1766188693965}, {"id": "3024862168", "price": 88100.0, "amount": 0.463, "side": "sell", "timestamp": 1766188694136}, {"id": "3024862169", "price": 88100.0, "amount": 0.04, "side": "sell", "timestamp": 1766188695046}, {"id": "3024862170", "price": 88100.1, "amount": 0.003, "side": "buy", "timestamp": 1766188695086}, {"id": "3024862171", "price": 88100.0, "amount": 0.002, "side": "sell", "timestamp": 1766188695424}, {"id": "3024862172", "price": 88100.0, "amount": 0.003, "side": "sell", "timestamp": 1766188696125}, {"id": "3024862173", "price": 88100.1, "amount": 0.002, "side": "buy", "timestamp": 1766188697591}, {"id": "3024862174", "price": 88100.1, "amount": 0.002, "side": "buy", "timestamp": 1766188697728}, {"id": "3024862175", "price": 88100.0, "amount": 0.01, "side": "sell", "timestamp": 1766188698151}, {"id": "3024862176", "price": 88100.0, "amount": 0.1, "side": "sell", "timestamp": 1766188698555}, {"id": "3024862177", "price": 88100.0, "amount": 0.008, "side": "sell", "timestamp": 1766188698741}, {"id": "3024862178", "price": 88100.0, "amount": 0.264, "side": "sell", "timestamp": 1766188699045}, {"id": "3024862179", "price": 88100.0, "amount": 0.007, "side": "sell", "timestamp": 1766188699669}, {"id": "3024862180", "price": 88100.0, "amount": 0.001, "side": "sell", "timestamp": 1766188699977}, {"id": "3024862181", "price": 88100.1, "amount": 0.003, "side": "buy", "timestamp": 1766188700113}, {"id": "3024862182", "price": 88100.1, "amount": 0.002, "side": "buy", "timestamp": 1766188700425}, {"id": "3024862183", "price": 88100.1, "amount": 0.015, "side": "buy", "timestamp": 1766188700843}, {"id": "3024862184", "price": 88100.0, "amount": 0.01, "side": "sell", "timestamp": 1766188700894}, {"id": "3024862185", "price": 88100.0, "amount": 0.072, "side": "sell", "timestamp": 1766188701356}, {"id": "3024862240", "price": 88100.0, "amount": 0.002, "side": "sell", "timestamp": 1766188734017}, {"id": "3024862241", "price": 88100.0, "amount": 0.003, "side": "sell", "timestamp": 1766188734145}, {"id": "3024862242", "price": 88100.0, "amount": 0.006, "side": "sell", "timestamp": 1766188734434}, {"id": "3024862243", "price": 88100.0, "amount": 0.003, "side": "sell", "timestamp": 1766188735052}, {"id": "3024862244", "price": 88100.1, "amount": 0.003, "side": "buy", "timestamp": 1766188735171}, {"id": "3024862245", "price": 88100.0, "amount": 0.022, "side": "sell", "timestamp": 1766188735463}, {"id": "3024862246", "price": 88100.1, "amount": 0.007, "side": "buy", "timestamp": 1766188736144}, {"id": "3024862247", "price": 88100.0, "amount": 0.218, "side": "sell", "timestamp": 1766188737587}, {"id": "3024862248", "price": 88100.0, "amount": 0.002, "side": "sell", "timestamp": 1766188738799}, {"id": "3024862249", "price": 88100.0, "amount": 0.007, "side": "sell", "timestamp": 1766188739276}, {"id": "3024862250", "price": 88100.1, "amount": 0.056, "side": "buy", "timestamp": 1766188739303}, {"id": "3024862251", "price": 88100.1, "amount": 0.013, "side": "buy", "timestamp": 1766188739583}, {"id": "3024862252", "price": 88100.1, "amount": 0.003, "side": "buy", "timestamp": 1766188740017}, {"id": "3024862253", "price": 88100.0, "amount": 0.008, "side": "sell", "timestamp": 1766188740782}, {"id": "3024862254", "price": 88100.1, "amount": 0.164, "side": "buy", "timestamp": 1766188741578}, {"id": "3024862255", "price": 88100.0, "amount": 0.216, "side": "sell", "timestamp": 1766188741718}, {"id": "3024862256", "price": 88100.1, "amount": 0.107, "side": "buy", "timestamp": 1766188742068}, {"id": "3024862257", "price": 88100.0, "amount": 0.002, "side": "sell", "timestamp": 1766188743299}, {"id": "3024862258", "price": 88100.1, "amount": 0.007, "side": "buy", "timestamp": 1766188743307}, {"id": "3024862259", "price": 88100.0, "amount": 0.584, "side": "sell", "timestamp": 1766188743347}, {"id": "3024862260", "price": 88100.1, "amount": 0.006, "side": "buy", "timestamp": 1766188744198}, {"id": "3024862261", "price": 88100.1, "amount": 0.002, "side": "buy", "timestamp": 1766188744536}, {"id": "3024862262", "price": 88100.0, "amount": 0.019, "side": "sell", "timestamp": 1766188744713}, {"id": "3024862263", "price": 88100.1, "amount": 0.003, "side": "buy", "timestamp": 1766188745086}, {"id": "3024862264", "price": 88100.0, "amount": 0.004, "side": "sell", "timestamp": 1766188745800}, {"id": "3024862265", "price": 88100.0, "amount": 0.004, "side": "sell", "timestamp": 1766188746043}, {"id": "3024862266", "price": 88100.1, "amount": 0.026, "side": "buy", "timestamp": 1766188746336}, {"id": "3024862267", "price": 88100.0, "amount": 0.052, "side": "sell", "timestamp": 1766188746845}, {"id": "3024862268", "price": 88100.0, "amount": 0.005, "side": "sell", "timestamp": 1766188747256}, {"id": "3024862269", "price": 88100.1, "amount": 1.693, "side": "buy", "timestamp": 1766188748047}, {"id": "3024862270", "price": 88100.0, "amount": 0.01, "side": "sell", "timestamp": 1766188748110}, {"id": "3024862271", "price": 88100.1, "amount": 0.02, "side": "buy", "timestamp": 1766188748507}, {"id": "3024862272", "price": 88100.0, "amount": 0.337, "side": "sell", "timestamp": 1766188748685}, {"id": "3024862273", "price": 88100.1, "amount": 0.003, "side": "buy", "timestamp": 1766188750107}, {"id": "3024862274", "price": 88100.1, "amount": 0.056, "side": "buy", "timestamp": 1766188750421}, {"id": "3024862275", "price": 88100.1, "amount": 0.002, "side": "buy", "timestamp": 1766188750790}, {"id": "3024862276", "price": 88100.0, "amount": 0.013, "side": "sell", "timestamp": 1766188752333}, {"id": "3024862277", "price": 88100.1, "amount": 0.299, "side": "buy", "timestamp": 1766188752822}, {"id": "3024862278", "price": 88100.1, "amount": 0.002, "side": "buy", "timestamp": 1766188753335}, {"id": "3024862279", "price": 88100.1, "amount": 0.004, "side": "buy", "timestamp": 1766188753711}, {"id": "3024862280", "price": 88100.1, "amount": 0.007, "side": "buy", "timestamp": 1766188754783}, {"id": "3024862281", "price": 88100.1, "amount": 0.007, "side": "buy", "timestamp": 1766188755067}, {"id": "3024862282", "price": 88100.1, "amount": 0.002, "side": "buy", "timestamp": 1766188755336}, {"id": "3024862283", "price": 88100.0, "amount": 0.008, "side": "sell", "timestamp": 1766188755368}, {"id": "3024862284", "price": 88100.1, "amount": 0.002, "side": "buy", "timestamp": 1766188755712}