[{"symbol": "SOLUSDT", "bids": [[123.11, 1115.2], [123.1, 581.67], [123.09, 583.09], [123.08, 737.44], [123.07, 1337.64], [123.06, 851.43], [123.05, 1314.55], [123.04, 1212.67], [123.03, 863.97], [123.02, 864.65], [123.01, 1752.37], [123.0, 1167.99], [122.99, 1560.62], [122.98, 927.87], [122.97, 703.55], [122.96, 1200.31], [122.95, 2590.32], [122.94, 839.04], [122.93, 1072.45], [122.92, 1668.6]], "asks": [[123.12, 558.78], [123.13, 801.74], [123.14, 1056.56], [123.15, 819.25], [123.16, 1700.24], [123.17, 2740.81], [123.18, 1425.48], [123.19, 1558.49], [123.2, 1143.55], [123.21, 905.69], [123.22, 1610.18], [123.23, 1182.7], [123.24, 1137.07], [123.25, 912.11], [123.26, 1140.1], [123.27, 804.26], [123.28, 2524.76], [123.29, 621.65], [123.3, 541.38], [123.31, 599.76]], "timestamp": "2025-12-18T00:00:22.299844+00:00"}, {"symbol": "SOLUSDT", "bids": [[123.09, 897.47], [123.08, 190.41], [123.07, 606.1], [123.06, 1155.32], [123.05, 1512.56], [123.04, 1637.36], [123.03, 885.92], [123.02, 1192.82], [123.01, 1212.82], [123.0, 2202.44], [122.99, 908.75], [122.98, 2603.71], [122.97, 909.37], [122.96, 513.84], [122.95, 1393.86], [122.94, 2378.74], [122.93, 1300.39], [122.92, 1273.27], [122.91, 1194.08], [122.9, 1179.66]], "asks": [[123.1, 1232.56], [123.11, 2010.44], [123.12, 1277.83], [123.13, 1382.06], [123.14, 2115.43], [123.15, 1766.93], [123.16, 1763.22], [123.17, 1789.8], [123.18, 2845.92], [123.19, 2061.54], [123.2, 952.0], [123.21, 2056.96], [123.22, 3293.75], [123.23, 581.17], [123.24, 1019.23], [123.25, 840.67], [123.26, 1027.94], [123.27, 748.11], [123.28, 1621.69], [123.29, 753.41]], "timestamp": "2025-12-18T00:01:20.424639+00:00"}, {"symbol": "SOLUSDT", "bids": [[123.02, 448.39], [123.01, 258.63], [123.0, 1596.05], [122.99, 1790.82], [122.98, 1663.75], [122.97, 1296.89], [122.96, 1236.57], [122.95, 1225.52], [122.94, 2982.07], [122.93, 1472.01], [122.92, 962.3], [122.91, 1011.63], [122.9, 1130.34], [122.89, 2133.87], [122.88, 1456.86], [122.87, 1187.25], [122.86, 883.63], [122.85, 1422.7], [122.84, 2506.49], [122.83, 2238.37]], "asks": [[123.03, 828.2], [123.04, 763.02], [123.05, 1208.22], [123.06, 1668.53], [123.07, 1491.89], [123.08, 1599.77], [123.09, 1273.11], [123.1, 1000.82], [123.11, 1138.38], [123.12, 1203.22], [123.13, 1633.28], [123.14, 1282.31], [123.15, 3883.94], [123.16, 1263.96], [123.17, 1284.58], [123.18, 402.56], [123.19, 1001.82], [123.2, 447.65], [123.21, 677.88], [123.22, 625.42]], "timestamp": "2025-12-18T00:02:16.795744+00:00"}, {"symbol": "SOLUSDT", "bids": [[123.27, 280.92], [123.26, 263.51], [123.25, 1139.92], [123.24, 1508.91], [123.23, 1257.21], [123.22, 1188.38], [123.21, 971.13], [123.2, 879.5], [123.19, 1045.21], [123.18, 2759.42], [123.17, 1098.82], [123.16, 984.49], [123.15, 1082.16], [123.14, 1152.43], [123.13, 1975.62], [123.12, 585.0], [123.11, 1142.31], [123.1, 1295.46], [123.09, 733.75], [123.08, 1185.36]], "asks": [[123.28, 837.68], [123.29, 527.7], [123.3, 294.45], [123.31, 884.4], [123.32, 1329.03], [123.33, 1101.14], [123.34, 1078.64], [123.35, 890.14], [123.36, 1223.42], [123.37, 1547.88], [123.38, 2667.84], [123.39, 1307.39], [123.4, 1509.44], [123.41, 3119.71], [123.42, 948.58], [123.43, 603.6], [123.44, 551.37], [123.45, 463.21], [123.46, 1149.62], [123.47, 2034.62]], "timestamp": "2025-12-18T00:03:11.988235+00:00"}, {"symbol": "SOLUSDT", "bids": [[123.16, 395.06], [123.15, 1723.94], [123.14, 1133.13], [123.13, 834.85], [123.12, 1759.86], [123.11, 1495.74], [123.1, 1119.89], [123.09, 856.61], [123.08, 904.55], [123.07, 2688.51], [123.06, 751.96], [123.05, 1283.01], [123.04, 1833.16], [123.03, 1121.32], [123.02, 1089.06], [123.01, 2084.58], [123.0, 989.47], [122.99, 937.44], [122.98, 2722.35], [122.97, 867.39]], "asks": [[123.17, 756.61], [123.18, 163.08], [123.19, 493.13], [123.2, 366.81], [123.21, 1014.3], [123.22, 2222.88], [123.23, 772.89], [123.24, 860.44], [123.25, 1180.73], [123.26, 1340.05], [123.27, 1730.47], [123.28, 2547.46], [123.29, 794.97], [123.3, 1048.32], [123.31, 1075.68], [123.32, 758.96], [123.33, 1046.67], [123.34, 1491.48], [123.35, 835.01], [123.36, 1820.0]], "timestamp": "2025-12-18T00:04:08.073018+00:00"}, {"symbol": "SOLUSDT", "bids": [[123.14, 1107.28], [123.13, 2038.39], [123.12, 2489.78], [123.11, 1055.28], [123.1, 1484.1], [123.09, 1206.38], [123.08, 1102.11], [123.07, 864.6], [123.06, 1178.05], [123.05, 2916.86], [123.04, 1133.22], [123.03, 1270.76], [123.02, 1137.73], [123.01, 2564.3], [123.0, 994.69], [122.99, 1439.29], [122.98, 860.95], [122.97, 787.27], [122.96, 986.65], [122.95, 2351.22]], "asks": [[123.15, 263.67], [123.16, 174.55], [123.17, 827.43], [123.18, 1156.55], [123.19, 1119.1], [123.2, 1068.91], [123.21, 860.95], [123.22, 1297.27], [123.23, 1027.07], [123.24, 715.92], [123.25, 1864.24], [123.26, 1053.87], [123.27, 2195.53], [123.28, 905.47], [123.29, 947.58], [123.3, 1344.13], [123.31, 681.33], [123.32, 715.86], [123.33, 1972.7], [123.34, 969.95]], "timestamp": "2025-12-18T00:05:06.679246+00:00"}, {"symbol": "SOLUSDT", "bids": [[123.04, 1494.55], [123.03, 1280.69], [123.02, 2949.47], [123.01, 1016.05], [123.0, 851.56], [122.99, 818.3], [122.98, 1161.78], [122.97, 1368.87], [122.96, 2996.06], [122.95, 1141.76], [122.94, 1362.6], [122.93, 1121.93], [122.92, 649.98], [122.91, 810.45], [122.9, 2017.09], [122.89, 1398.42], [122.88, 2703.44], [122.87, 871.32], [122.86, 772.87], [122.85, 1283.54]], "asks": [[123.05, 706.18], [123.06, 335.52], [123.07, 648.41], [123.08, 760.67], [123.09, 1609.98], [123.1, 1981.14], [123.11, 1579.76], [123.12, 1035.43], [123.13, 1721.98], [123.14, 672.22], [123.15, 747.68], [123.16, 2448.54], [123.17, 1206.22], [123.18, 2356.59], [123.19, 894.83], [123.2, 426.55], [123.21, 723.97], [123.22, 1014.94], [123.23, 1377.19], [123.24, 514.9]], "timestamp": "2025-12-18T00:06:04.839708+00:00"}, {"symbol": "SOLUSDT", "bids": [[123.03, 111.61], [123.02, 1085.85], [123.01, 671.52], [123.0, 1029.17], [122.99, 1123.83], [122.98, 800.86], [122.97, 1334.72], [122.96, 1453.36], [122.95, 2908.06], [122.94, 1004.44], [122.93, 1166.83], [122.92, 1139.91], [122.91, 2056.28], [122.9, 1001.4], [122.89, 1597.04], [122.88, 1030.24], [122.87, 798.73], [122.86, 2755.46], [122.85, 4055.83], [122.84, 1039.0]], "asks": [[123.04, 1477.48], [123.05, 1701.41], [123.06, 594.92], [123.07, 1026.16], [123.08, 1831.21], [123.09, 1405.88], [123.1, 1530.75], [123.11, 2775.44], [123.12, 1995.68], [123.13, 1351.14], [123.14, 1260.24], [123.15, 3062.15], [123.16, 1088.17], [123.17, 1113.1], [123.18, 1621.85], [123.19, 923.95], [123.2, 691.34], [123.21, 782.56], [123.22, 1904.44], [123.23, 784.36]], "timestamp": "2025-12-18T00:07:02.021927+00:00"}, {"symbol": "SOLUSDT", "bids": [[123.04, 1325.45], [123.03, 1668.07], [123.02, 1083.28], [123.01, 875.83], [123.0, 2060.92], [122.99, 874.24], [122.98, 841.03], [122.97, 1580.72], [122.96, 2706.27], [122.95, 971.86], [122.94, 1274.72], [122.93, 1111.82], [122.92, 969.49], [122.91, 1051.86], [122.9, 3810.26], [122.89, 1366.3], [122.88, 853.32], [122.87, 751.63], [122.86, 908.79], [122.85, 2995.8]], "asks": [[123.05, 153.29], [123.06, 194.44], [123.07, 412.95], [123.08, 889.86], [123.09, 2007.71], [123.1, 2101.34], [123.11, 1223.37], [123.12, 1264.99], [123.13, 1501.0], [123.14, 894.39], [123.15, 1629.31], [123.16, 1619.77], [123.17, 3282.26], [123.18, 1632.31], [123.19, 1888.66], [123.2, 496.76], [123.21, 525.16], [123.22, 918.66], [123.23, 829.95], [123.24, 2409.33]], "timestamp": "2025-12-18T00:08:00.590082+00:00"}, {"symbol": "SOLUSDT", "bids": [[123.12, 686.88], [123.11, 1035.52], [123.1, 661.08], [123.09, 1147.53], [123.08, 1248.81], [123.07, 1492.36], [123.06, 975.98], [123.05, 1486.56], [123.04, 1140.95], [123.03, 2707.37], [123.02, 983.33], [123.01, 823.74], [123.0, 1100.39], [122.99, 2110.59], [122.98, 664.53], [122.97, 1116.46], [122.96, 888.08], [122.95, 820.89], [122.94, 1892.89], [122.93, 4307.77]], "asks": [[123.13, 165.03], [123.14, 157.47], [123.15, 621.29], [123.16, 1066.59], [123.17, 3707.33], [123.18, 1985.32], [123.19, 1271.25], [123.2, 1154.01], [123.21, 794.35], [123.22, 1237.84], [123.23, 1275.1], [123.24, 2502.68], [123.25, 1215.84], [123.26, 3367.06], [123.27, 894.27], [123.28, 467.61], [123.29, 584.23], [123.3, 655.77], [123.31, 1178.5], [123.32, 1306.92]], "timestamp": "2025-12-18T00:08:56.771096+00:00"}, {"symbol": "SOLUSDT", "bids": [[123.11, 1032.67], [123.1, 1133.12], [123.09, 1015.93], [123.08, 903.85], [123.07, 1732.39], [123.06, 949.29], [123.05, 1253.42], [123.04, 1745.63], [123.03, 1392.25], [123.02, 2653.07], [123.01, 990.64], [123.0, 1177.02], [122.99, 2056.02], [122.98, 907.35], [122.97, 2469.81], [122.96, 912.6], [122.95, 1046.09], [122.94, 1418.01], [122.93, 2506.28], [122.92, 1125.97]], "asks": [[123.12, 113.95], [123.13, 837.06], [123.14, 5915.59], [123.15, 569.04], [123.16, 2214.74], [123.17, 2978.96], [123.18, 2351.04], [123.19, 2359.72], [123.2, 6553.27], [123.21, 1243.13], [123.22, 2207.58], [123.23, 1619.46], [123.24, 691.06], [123.25, 1207.45], [123.26, 3389.85], [123.27, 962.05], [123.28, 1887.53], [123.29, 1292.45], [123.3, 564.58], [123.31, 1068.7]], "timestamp": "2025-12-18T00:09:55.009649+00:00"}, {"symbol": "SOLUSDT", "bids": [[123.08, 577.68], [123.07, 1810.13], [123.06, 5325.8], [123.05, 1085.75], [123.04, 1168.61], [123.03, 1218.18], [123.02, 1007.28], [123.01, 849.65], [123.0, 1541.4], [122.99, 2385.2], [122.98, 965.07], [122.97, 1123.32], [122.96, 1281.01], [122.95, 828.36], [122.94, 2458.19], [122.93, 1304.13], [122.92, 765.46], [122.91, 1168.86], [122.9, 2625.94], [122.89, 1319.82]], "asks": [[123.09, 308.37], [123.1, 387.36], [123.11, 613.04], [123.12, 882.0], [123.13, 1347.06], [123.14, 1752.62], [123.15, 1093.41], [123.16, 1690.15], [123.17, 2865.79], [123.18, 2203.19], [123.19, 2628.15], [123.2, 7310.08], [123.21, 2247.34], [123.22, 3545.88], [123.23, 668.35], [123.24, 409.15], [123.25, 707.37], [123.26, 621.94], [123.27, 937.87], [123.28, 2375.34]], "timestamp": "2025-12-18T00:10:53.180138+00:00"}, {"symbol": "SOLUSDT", "bids": [[123.25, 656.57], [123.24, 578.94], [123.23, 1217.11], [123.22, 1117.48], [123.21, 1764.85], [123.2, 1256.6], [123.19, 1041.91], [123.18, 1160.19], [123.17, 1662.04], [123.16, 2515.09], [123.15, 1083.09], [123.14, 1130.79], [123.13, 1010.95], [123.12, 726.75], [123.11, 1339.81], [123.1, 3184.52], [123.09, 710.28], [123.08, 1082.8], [123.07, 3374.55], [123.06, 6703.59]], "asks": [[123.26, 584.16], [123.27, 626.54], [123.28, 578.39], [123.29, 976.06], [123.3, 1676.06], [123.31, 1495.31], [123.32, 1782.16], [123.33, 1543.99], [123.34, 844.25], [123.35, 1364.81], [123.36, 1314.63], [123.37, 2943.31], [123.38, 1467.45], [123.39, 2859.02], [123.4, 1488.67], [123.41, 404.56], [123.42, 600.42], [123.43, 747.99], [123.44, 886.74], [123.45, 2198.2]], "timestamp": "2025-12-18T00:11:49.724574+00:00"}, {"symbol": "SOLUSDT", "bids": [[123.25, 799.82], [123.24, 1395.09], [123.23, 1077.98], [123.22, 1361.7], [123.21, 1703.37], [123.2, 1040.07], [123.19, 1748.98], [123.18, 1388.21], [123.17, 1113.05], [123.16, 2664.07], [123.15, 640.96], [123.14, 1164.11], [123.13, 1831.43], [123.12, 1134.02], [123.11, 2545.62], [123.1, 2211.6], [123.09, 803.59], [123.08, 642.15], [123.07, 1800.35], [123.06, 6652.98]], "asks": [[123.26, 208.48], [123.27, 178.8], [123.28, 1045.45], [123.29, 1099.89], [123.3, 1545.24], [123.31, 1285.01], [123.32, 1938.04], [123.33, 1879.01], [123.34, 1206.43], [123.35, 2299.39], [123.36, 1178.21], [123.37, 3000.09], [123.38, 1190.66], [123.39, 1617.62], [123.4, 1703.97], [123.41, 743.55], [123.42, 1900.31], [123.43, 726.08], [123.44, 720.47], [123.45, 794.35]], "timestamp": "2025-12-18T00:12:46.649427+00:00"}, {"symbol": "SOLUSDT", "bids": [[123.3, 687.46], [123.29, 1459.67], [123.28, 1011.07], [123.27, 696.02], [123.26, 1208.92], [123.25, 1149.4], [123.24, 747.04], [123.23, 970.92], [123.22, 1715.38], [123.21, 2737.07], [123.2, 1062.24], [123.19, 1060.24], [123.18, 1245.47], [123.17, 1021.05], [123.16, 2170.99], [123.15, 729.73], [123.14, 867.54], [123.13, 879.44], [123.12, 640.37], [123.11, 1181.44]], "asks": [[123.31, 235.94], [123.32, 416.77], [123.33, 689.24], [123.34, 1243.72], [123.35, 1589.88], [123.36, 1300.49], [123.37, 1502.26], [123.38, 1172.57], [123.39, 806.67], [123.4, 1785.61], [123.41, 1333.44], [123.42, 3874.29], [123.43, 1747.11], [123.44, 1711.75], [123.45, 703.13], [123.46, 921.06], [123.47, 1018.43], [123.48, 677.6], [123.49, 1725.19], [123.5, 1281.76]], "timestamp": "2025-12-18T00:13:40.409735+00:00"}, {"symbol": "SOLUSDT", "bids": [[123.38, 294.61], [123.37, 798.97], [123.36, 1377.61], [123.35, 807.68], [123.34, 1114.61], [123.33, 1083.95], [123.32, 1102.86], [123.31, 959.43], [123.3, 1523.56], [123.29, 2884.82], [123.28, 878.05], [123.27, 724.08], [123.26, 1370.43], [123.25, 1940.39], [123.24, 1160.25], [123.23, 2694.81], [123.22, 827.7], [123.21, 1165.7], [123.2, 1244.57], [123.19, 1041.38]], "asks": [[123.39, 324.07], [123.4, 227.28], [123.41, 1275.98], [123.42, 1296.64], [123.43, 1855.32], [123.44, 1631.44], [123.45, 1721.34], [123.46, 1756.48], [123.47, 1170.05], [123.48, 1504.1], [123.49, 1153.9], [123.5, 1589.62], [123.51, 2407.84], [123.52, 1424.84], [123.53, 1529.98], [123.54, 2828.92], [123.55, 565.55], [123.56, 664.89], [123.57, 1094.74], [123.58, 529.37]], "timestamp": "2025-12-18T00:14:34.272633+00:00"}, {"symbol": "SOLUSDT", "bids": [[123.39, 731.29], [123.38, 1347.1], [123.37, 1130.7], [123.36, 675.15], [123.35, 1810.48], [123.34, 858.79], [123.33, 1130.72], [123.32, 1569.82], [123.31, 1460.43], [123.3, 2699.58], [123.29, 1105.46], [123.28, 781.4], [123.27, 875.99], [123.26, 1242.11], [123.25, 1079.66], [123.24, 3808.46], [123.23, 1165.09], [123.22, 711.9], [123.21, 871.19], [123.2, 1133.81]], "asks": [[123.4, 76.52], [123.41, 215.08], [123.42, 724.0], [123.43, 1505.91], [123.44, 1487.35], [123.45, 1352.02], [123.46, 1799.57], [123.47, 1605.17], [123.48, 1164.99], [123.49, 1332.86], [123.5, 1952.52], [123.51, 772.37], [123.52, 3262.57], [123.53, 1308.21], [123.54, 2024.97], [123.55, 1426.17], [123.56, 1129.32], [123.57, 1140.2], [123.58, 594.49], [123.59, 1084.36]], "timestamp": "2025-12-18T00:15:28.648739+00:00"}, {"symbol": "SOLUSDT", "bids": [[123.37, 630.82], [123.36, 645.17], [123.35, 948.57], [123.34, 739.18], [123.33, 1093.39], [123.32, 1108.11], [123.31, 1062.05], [123.3, 1332.35], [123.29, 1346.32], [123.28, 2284.89], [123.27, 727.24], [123.26, 1185.37], [123.25, 1227.79], [123.24, 3812.9], [123.23, 1115.22], [123.22, 918.04], [123.21, 910.52], [123.2, 1211.42], [123.19, 1135.93], [123.18, 2786.01]], "asks": [[123.38, 170.32], [123.39, 485.69], [123.4, 535.58], [123.41, 522.83], [123.42, 1600.24], [123.43, 1398.42], [123.44, 1619.24], [123.45, 1382.59], [123.46, 1481.15], [123.47, 1229.02], [123.48, 1447.31], [123.49, 1440.06], [123.5, 3529.43], [123.51, 797.52], [123.52, 1141.32], [123.53, 1275.02], [123.54, 1030.59], [123.55, 2679.36], [123.56, 667.2], [123.57, 924.15]], "timestamp": "2025-12-18T00:16:22.205223+00:00"}, {"symbol": "SOLUSDT", "bids": [[123.44, 989.3], [123.43, 593.58], [123.42, 938.38], [123.41, 1020.17], [123.4, 1273.19], [123.39, 838.32], [123.38, 684.07], [123.37, 880.15], [123.36, 1032.78], [123.35, 2419.81], [123.34, 829.12], [123.33, 973.84], [123.32, 2438.41], [123.31, 2123.93], [123.3, 1320.76], [123.29, 1155.41], [123.28, 835.86], [123.27, 2627.78], [123.26, 1546.07], [123.25, 1027.02]], "asks": [[123.45, 790.35], [123.46, 228.89], [123.47, 903.62], [123.48, 1601.6], [123.49, 1367.99], [123.5, 2173.08], [123.51, 2636.51], [123.52, 1268.5], [123.53, 1136.57], [123.54, 1167.85], [123.55, 1103.56], [123.56, 1595.01], [123.57, 3339.92], [123.58, 726.0], [123.59, 1172.79], [123.6, 1948.84], [123.61, 1741.31], [123.62, 808.4], [123.63, 719.01], [123.64, 942.02]], "timestamp": "2025-12-18T00:17:17.221347+00:00"}, {"symbol": "SOLUSDT", "bids": [[123.31, 633.8], [123.3, 237.63], [123.29, 423.93], [123.28, 680.77], [123.27, 1100.38], [123.26, 1388.67], [123.25, 963.74], [123.24, 1052.92], [123.23, 1596.96], [123.22, 2430.0], [123.21, 836.49], [123.2, 935.06], [123.19, 630.37], [123.18, 1643.21], [123.17, 3664.99], [123.16, 825.71], [123.15, 653.83], [123.14, 1257.81], [123.13, 2429.77], [123.12, 994.22]], "asks": [[123.32, 118.87], [123.33, 469.62], [123.34, 1052.5], [123.35, 649.39], [123.36, 1576.56], [123.37, 1611.53], [123.38, 1533.61], [123.39, 1577.94], [123.4, 1786.27], [123.41, 1708.53], [123.42, 2105.88], [123.43, 1274.49], [123.44, 2544.94], [123.45, 896.06], [123.46, 887.24], [123.47, 1747.79], [123.48, 2685.93], [123.49, 887.81], [123.5, 1440.28], [123.51, 429.89]], "timestamp": "2025-12-18T00:18:12.390786+00:00"}, {"symbol": "SOLUSDT", "bids": [[123.33, 421.85], [123.32, 512.47], [123.31, 845.29], [123.3, 679.61], [123.29, 1112.4], [123.28, 664.79], [123.27, 879.31], [123.26, 1047.34], [123.25, 929.53], [123.24, 2460.37], [123.23, 1585.2], [123.22, 1131.88], [123.21, 946.93], [123.2, 1510.64], [123.19, 572.52], [123.18, 848.21], [123.17, 1094.71], [123.16, 2594.86], [123.15, 730.78], [123.14, 1047.09]], "asks": [[123.34, 241.29], [123.35, 1072.5], [123.36, 470.42], [123.37, 714.3], [123.38, 997.98], [123.39, 1413.05], [123.4, 1618.93], [123.41, 1479.25], [123.42, 1918.82], [123.43, 1313.29], [123.44, 849.75], [123.45, 1036.09], [123.46, 3303.17], [123.47, 1358.59], [123.48, 1012.4], [123.49, 1099.72], [123.5, 1567.99], [123.51, 1416.4], [123.52, 1882.52], [123.53, 668.16]], "timestamp": "2025-12-18T00:19:06.358133+00:00"}, {"symbol": "SOLUSDT", "bids": [[123.22, 284.77], [123.21, 336.42], [123.2, 648.89], [123.19, 799.53], [123.18, 1135.88], [123.17, 1040.85], [123.16, 1025.12], [123.15, 767.51], [123.14, 1681.23], [123.13, 2072.52], [123.12, 2352.2], [123.11, 1406.12], [123.1, 1863.48], [123.09, 1426.89], [123.08, 905.42], [123.07, 2310.27], [123.06, 5182.33], [123.05, 988.76], [123.04, 743.0], [123.03, 1335.51]], "asks": [[123.23, 965.04], [123.24, 770.17], [123.25, 1898.08], [123.26, 1194.12], [123.27, 1790.22], [123.28, 1705.95], [123.29, 942.69], [123.3, 1179.6], [123.31, 1897.2], [123.32, 2452.03], [123.33, 1544.23], [123.34, 3394.46], [123.35, 759.81], [123.36, 823.3], [123.37, 1002.56], [123.38, 613.23], [123.39, 1532.88], [123.4, 1417.61], [123.41, 786.79], [123.42, 802.89]], "timestamp": "2025-12-18T00:20:00.117800+00:00"}, {"symbol": "SOLUSDT", "bids": [[123.15, 57.12], [123.14, 93.02], [123.13, 636.31], [123.12, 540.91], [123.11, 1257.42], [123.1, 1412.42], [123.09, 846.04], [123.08, 949.95], [123.07, 2093.02], [123.06, 7091.92], [123.05, 1318.15], [123.04, 897.55], [123.03, 1090.33], [123.02, 967.89], [123.01, 1007.18], [123.0, 2316.47], [122.99, 2259.45], [122.98, 2425.69], [122.97, 720.6], [122.96, 1075.07]], "asks": [[123.16, 1710.89], [123.17, 770.85], [123.18, 536.0], [123.19, 768.78], [123.2, 1879.32], [123.21, 1225.84], [123.22, 674.83], [123.23, 1014.93], [123.24, 1341.82], [123.25, 1040.05], [123.26, 1366.77], [123.27, 2141.5], [123.28, 1142.44], [123.29, 574.67], [123.3, 1310.38], [123.31, 2198.44], [123.32, 472.51], [123.33, 684.29], [123.34, 1793.23], [123.35, 515.59]], "timestamp": "2025-12-18T00:20:54.721106+00:00"}, {"symbol": "SOLUSDT", "bids": [[123.23, 1451.06], [123.22, 781.6], [123.21, 857.56], [123.2, 878.65], [123.19, 1683.23], [123.18, 1081.88], [123.17, 1121.64], [123.16, 1169.94], [123.15, 1109.8], [123.14, 2902.89], [123.13, 1035.32], [123.12, 700.12], [123.11, 958.16], [123.1, 2683.9], [123.09, 1801.3], [123.08, 1118.4], [123.07, 1632.02], [123.06, 5333.89], [123.05, 923.02], [123.04, 1317.31]], "asks": [[123.24, 105.51], [123.25, 131.74], [123.26, 654.87], [123.27, 889.55], [123.28, 1601.21], [123.29, 1340.26], [123.3, 1560.62], [123.31, 1353.86], [123.32, 1142.99], [123.33, 593.26], [123.34, 679.1], [123.35, 1087.36], [123.36, 3140.61], [123.37, 1011.9], [123.38, 359.93], [123.39, 757.01], [123.4, 1677.79], [123.41, 1861.94], [123.42, 689.59], [123.43, 1493.64]], "timestamp": "2025-12-18T00:21:48.705678+00:00"}, {"symbol": "SOLUSDT", "bids": [[123.24, 135.45], [123.23, 147.81], [123.22, 638.72], [123.21, 621.92], [123.2, 1189.63], [123.19, 1087.76], [123.18, 1213.18], [123.17, 1244.83], [123.16, 1341.33], [123.15, 2322.57], [123.14, 1054.97], [123.13, 1087.94], [123.12, 2261.48], [123.11, 837.86], [123.1, 2306.63], [123.09, 1700.6], [123.08, 1050.79], [123.07, 3147.91], [123.06, 5027.41], [123.05, 945.49]], "asks": [[123.25, 652.77], [123.26, 614.57], [123.27, 552.57], [123.28, 666.42], [123.29, 1598.81], [123.3, 1110.78], [123.31, 901.69], [123.32, 1023.58], [123.33, 1598.99], [123.34, 881.27], [123.35, 786.67], [123.36, 1561.14], [123.37, 2673.42], [123.38, 871.79], [123.39, 1860.97], [123.4, 1698.85], [123.41, 514.64], [123.42, 503.78], [123.43, 686.07], [123.44, 371.95]], "timestamp": "2025-12-18T00:22:42.937196+00:00"}, {"symbol": "SOLUSDT", "bids": [[123.26, 456.3], [123.25, 535.08], [123.24, 476.26], [123.23, 1168.84], [123.22, 832.54], [123.21, 798.17], [123.2, 1265.51], [123.19, 895.58], [123.18, 1187.54], [123.17, 3263.21], [123.16, 1038.37], [123.15, 771.9], [123.14, 706.1], [123.13, 1122.53], [123.12, 1037.75], [123.11, 3563.43], [123.1, 1923.95], [123.09, 653.53], [123.08, 1199.23], [123.07, 3239.1]], "asks": [[123.27, 308.68], [123.28, 268.37], [123.29, 743.68], [123.3, 1148.02], [123.31, 1180.94], [123.32, 940.56], [123.33, 1635.55], [123.34, 1148.98], [123.35, 1344.84], [123.36, 1535.53], [123.37, 1310.74], [123.38, 2331.29], [123.39, 1134.22], [123.4, 2512.79], [123.41, 860.3], [123.42, 678.2], [123.43, 1731.55], [123.44, 371.84], [123.45, 542.26], [123.46, 651.68]], "timestamp": "2025-12-18T00:23:36.698457+00:00"}, {"symbol": "SOLUSDT", "bids": [[123.27, 474.18], [123.26, 927.52], [123.25, 664.06], [123.24, 506.7], [123.23, 1962.88], [123.22, 798.9], [123.21, 795.03], [123.2, 1365.57], [123.19, 1209.0], [123.18, 2360.29], [123.17, 1489.09], [123.16, 988.98], [123.15, 890.16], [123.14, 1007.49], [123.13, 3797.49], [123.12, 640.43], [123.11, 2502.35], [123.1, 2039.22], [123.09, 656.48], [123.08, 601.36]], "asks": [[123.28, 333.05], [123.29, 281.92], [123.3, 642.33], [123.31, 1276.24], [123.32, 864.71], [123.33, 867.27], [123.34, 922.28], [123.35, 1580.28], [123.36, 1139.98], [123.37, 1194.56], [123.38, 963.46], [123.39, 1074.97], [123.4, 3567.15], [123.41, 850.95], [123.42, 744.99], [123.43, 2093.87], [123.44, 476.69], [123.45, 1396.96], [123.46, 599.46], [123.47, 952.96]], "timestamp": "2025-12-18T00:24:30.152444+00:00"}, {"symbol": "SOLUSDT", "bids": [[123.31, 534.65], [123.3, 724.13], [123.29, 612.1], [123.28, 909.42], [123.27, 1423.54], [123.26, 1071.86], [123.25, 947.3], [123.24, 1053.84], [123.23, 1365.26], [123.22, 2513.67], [123.21, 880.12], [123.2, 1391.39], [123.19, 1883.26], [123.18, 968.22], [123.17, 1669.4], [123.16, 2799.31], [123.15, 966.6], [123.14, 2541.64], [123.13, 1625.39], [123.12, 711.42]], "asks": [[123.32, 137.64], [123.33, 198.34], [123.34, 732.88], [123.35, 1328.35], [123.36, 2016.35], [123.37, 1517.43], [123.38, 1120.76], [123.39, 1595.56], [123.4, 1573.01], [123.41, 1157.69], [123.42, 1216.72], [123.43, 1752.69], [123.44, 2152.1], [123.45, 970.46], [123.46, 738.68], [123.47, 1219.17], [123.48, 2982.2], [123.49, 1007.98], [123.5, 1484.05], [123.51, 391.74]], "timestamp": "2025-12-18T00:25:24.074855+00:00"}, {"symbol": "SOLUSDT", "bids": [[123.3, 62.35], [123.29, 433.62], [123.28, 649.7], [123.27, 510.79], [123.26, 968.54], [123.25, 1235.92], [123.24, 1176.1], [123.23, 1100.82], [123.22, 1122.18], [123.21, 2174.95], [123.2, 1304.01], [123.19, 795.76], [123.18, 998.58], [123.17, 1752.59], [123.16, 3071.75], [123.15, 1699.55], [123.14, 854.84], [123.13, 1394.48], [123.12, 696.73], [123.11, 1120.63]], "asks": [[123.31, 1024.37], [123.32, 261.03], [123.33, 572.1], [123.34, 955.35], [123.35, 1552.91], [123.36, 2327.86], [123.37, 1594.44], [123.38, 1224.71], [123.39, 1445.56], [123.4, 2128.28], [123.41, 1409.51], [123.42, 2804.99], [123.43, 1123.82], [123.44, 1506.9], [123.45, 1084.66], [123.46, 528.09], [123.47, 1147.11], [123.48, 2309.14], [123.49, 945.59], [123.5, 2213.46]], "timestamp": "2025-12-18T00:26:17.882189+00:00"}, {"symbol": "SOLUSDT", "bids": [[123.3, 989.91], [123.29, 946.08], [123.28, 623.27], [123.27, 566.93], [123.26, 987.55], [123.25, 1132.65], [123.24, 1444.75], [123.23, 1494.12], [123.22, 708.11], [123.21, 2256.48], [123.2, 1922.2], [123.19, 919.77], [123.18, 1102.56], [123.17, 1167.77], [123.16, 1471.41], [123.15, 1870.35], [123.14, 2480.08], [123.13, 1374.5], [123.12, 696.9], [123.11, 1164.36]], "asks": [[123.31, 476.42], [123.32, 172.55], [123.33, 680.25], [123.34, 1103.72], [123.35, 1878.39], [123.36, 2578.25], [123.37, 1447.03], [123.38, 912.24], [123.39, 1317.52], [123.4, 1911.17], [123.41, 1252.46], [123.42, 2653.2], [123.43, 1305.18], [123.44, 1340.67], [123.45, 1285.88], [123.46, 1798.26], [123.47, 918.21], [123.48, 1096.17], [123.49, 1018.13], [123.5, 2587.36]], "timestamp": "2025-12-18T00:27:11.538375+00:00"}, {"symbol": "SOLUSDT", "bids": [[123.29, 36.49], [123.28, 162.19], [123.27, 782.96], [123.26, 856.09], [123.25, 1295.86], [123.24, 1112.91], [123.23, 1205.29], [123.22, 1173.81], [123.21, 1154.3], [123.2, 3206.34], [123.19, 878.62], [123.18, 828.14], [123.17, 1076.95], [123.16, 1168.92], [123.15, 1222.34], [123.14, 3774.85], [123.13, 1363.2], [123.12, 672.38], [123.11, 818.09], [123.1, 2091.71]], "asks": [[123.3, 1678.46], [123.31, 836.1], [123.32, 592.02], [123.33, 684.76], [123.34, 1938.72], [123.35, 1002.89], [123.36, 997.01], [123.37, 1503.83], [123.38, 902.86], [123.39, 1685.98], [123.4, 1369.83], [123.41, 2397.51], [123.42, 764.46], [123.43, 940.74], [123.44, 636.91], [123.45, 1802.19], [123.46, 1946.87], [123.47, 842.74], [123.48, 1065.95], [123.49, 935.63]], "timestamp": "2025-12-18T00:28:05.811113+00:00"}, {"symbol": "SOLUSDT", "bids": [[123.42, 325.81], [123.41, 331.49], [123.4, 452.46], [123.39, 1033.9], [123.38, 642.49], [123.37, 1212.58], [123.36, 731.2], [123.35, 1132.69], [123.34, 1142.36], [123.33, 1293.91], [123.32, 2568.81], [123.31, 1026.49], [123.3, 1215.99], [123.29, 1097.81], [123.28, 1344.73], [123.27, 2064.98], [123.26, 1220.15], [123.25, 2235.8], [123.24, 796.1], [123.23, 829.37]], "asks": [[123.43, 299.03], [123.44, 856.75], [123.45, 786.32], [123.46, 551.25], [123.47, 1593.89], [123.48, 1502.99], [123.49, 1331.64], [123.5, 1430.28], [123.51, 1253.87], [123.52, 1126.18], [123.53, 1316.89], [123.54, 2949.53], [123.55, 866.8], [123.56, 1763.94], [123.57, 1040.83], [123.58, 1671.9], [123.59, 559.35], [123.6, 1547.92], [123.61, 997.9], [123.62, 1148.46]], "timestamp": "2025-12-18T00:28:59.777267+00:00"}, {"symbol": "SOLUSDT", "bids": [[123.47, 796.98], [123.46, 237.09], [123.45, 1086.64], [123.44, 1220.94], [123.43, 1703.49], [123.42, 895.8], [123.41, 1468.12], [123.4, 2304.08], [123.39, 1907.31], [123.38, 3111.79], [123.37, 1083.55], [123.36, 920.14], [123.35, 1057.79], [123.34, 579.52], [123.33, 772.86], [123.32, 1111.12], [123.31, 1068.64], [123.3, 1842.3], [123.29, 1259.14], [123.28, 2907.99]], "asks": [[123.48, 381.35], [123.49, 407.87], [123.5, 1105.61], [123.51, 656.49], [123.52, 1371.28], [123.53, 1455.22], [123.54, 1181.52], [123.55, 1057.07], [123.56, 1242.78], [123.57, 1080.95], [123.58, 1071.07], [123.59, 2612.58], [123.6, 2199.01], [123.61, 2127.41], [123.62, 902.21], [123.63, 636.3], [123.64, 1106.08], [123.65, 1384.97], [123.66, 4447.47], [123.67, 1460.46]], "timestamp": "2025-12-18T00:29:53.668642+00:00"}, {"symbol": "SOLUSDT", "bids": [[123.43, 217.91], [123.42, 312.62], [123.41, 959.03], [123.4, 2155.4], [123.39, 2505.89], [123.38, 1138.46], [123.37, 855.79], [123.36, 748.1], [123.35, 1564.43], [123.34, 2373.83], [123.33, 986.72], [123.32, 1067.69], [123.31, 1303.26], [123.3, 1305.13], [123.29, 2913.13], [123.28, 1350.72], [123.27, 2210.41], [123.26, 1295.86], [123.25, 2509.26], [123.24, 977.72]], "asks": [[123.44, 700.7], [123.45, 561.47], [123.46, 987.86], [123.47, 724.91], [123.48, 1522.7], [123.49, 1202.35], [123.5, 1411.83], [123.51, 831.86], [123.52, 1015.46], [123.53, 1098.68], [123.54, 2021.28], [123.55, 2700.46], [123.56, 1269.12], [123.57, 925.73], [123.58, 643.19], [123.59, 1094.53], [123.6, 2169.59], [123.61, 2110.7], [123.62, 692.4], [123.63, 874.65]], "timestamp": "2025-12-18T00:30:48.120237+00:00"}, {"symbol": "SOLUSDT", "bids": [[123.37, 600.8], [123.36, 566.92], [123.35, 1001.84], [123.34, 932.03], [123.33, 1208.49], [123.32, 1134.77], [123.31, 1265.19], [123.3, 1251.09], [123.29, 1413.7], [123.28, 2860.39], [123.27, 1200.13], [123.26, 954.87], [123.25, 2060.76], [123.24, 967.54], [123.23, 1273.96], [123.22, 2729.81], [123.21, 2123.87], [123.2, 1418.52], [123.19, 930.0], [123.18, 869.32]], "asks": [[123.38, 163.81], [123.39, 184.45], [123.4, 538.16], [123.41, 801.14], [123.42, 1036.64], [123.43, 1676.85], [123.44, 1385.15], [123.45, 1055.39], [123.46, 977.28], [123.47, 998.49], [123.48, 1638.28], [123.49, 1264.88], [123.5, 1347.02], [123.51, 2017.6], [123.52, 1170.76], [123.53, 587.6], [123.54, 1093.67], [123.55, 851.89], [123.56, 1747.82], [123.57, 888.22]], "timestamp": "2025-12-18T00:31:42.391119+00:00"}, {"symbol": "SOLUSDT", "bids": [[123.41, 620.31], [123.4, 593.52], [123.39, 887.82], [123.38, 1040.95], [123.37, 1781.11], [123.36, 1010.59], [123.35, 1561.37], [123.34, 1192.29], [123.33, 991.91], [123.32, 1494.04], [123.31, 2781.27], [123.3, 946.5], [123.29, 1287.0], [123.28, 2247.56], [123.27, 1183.01], [123.26, 3013.59], [123.25, 1194.05], [123.24, 874.58], [123.23, 1029.2], [123.22, 1343.5]], "asks": [[123.42, 322.03], [123.43, 810.46], [123.44, 1025.42], [123.45, 1091.19], [123.46, 1522.48], [123.47, 1658.83], [123.48, 1277.73], [123.49, 1344.44], [123.5, 1500.61], [123.51, 1636.32], [123.52, 1130.3], [123.53, 1093.66], [123.54, 3175.41], [123.55, 1053.62], [123.56, 2478.81], [123.57, 946.6], [123.58, 619.82], [123.59, 1596.88], [123.6, 1591.83], [123.61, 996.65]], "timestamp": "2025-12-18T00:32:36.459164+00:00"}, {"symbol": "SOLUSDT", "bids": [[123.44, 321.28], [123.43, 581.28], [123.42, 700.74], [123.41, 733.98], [123.4, 1985.99], [123.39, 1403.46], [123.38, 1526.8], [123.37, 1149.07], [123.36, 1244.23], [123.35, 2638.38], [123.34, 665.03], [123.33, 789.71], [123.32, 1210.56], [123.31, 864.87], [123.3, 655.27], [123.29, 1210.43], [123.28, 2948.33], [123.27, 823.9], [123.26, 1417.32], [123.25, 2482.86]], "asks": [[123.45, 1084.37], [123.46, 933.0], [123.47, 695.41], [123.48, 1042.73], [123.49, 1339.16], [123.5, 1322.33], [123.51, 927.35], [123.52, 1327.34], [123.53, 1380.4], [123.54, 1156.67], [123.55, 1231.62], [123.56, 1951.35], [123.57, 2905.17], [123.58, 1005.1], [123.59, 889.78], [123.6, 1904.19], [123.61, 877.38], [123.62, 680.96], [123.63, 1520.37], [123.64, 2222.43]], "timestamp": "2025-12-18T00:33:30.322955+00:00"}, {"symbol": "SOLUSDT", "bids": [[123.5, 351.54], [123.49, 414.21], [123.48, 600.81], [123.47, 842.88], [123.46, 1116.47], [123.45, 1331.03], [123.44, 1313.32], [123.43, 1116.8], [123.42, 1295.51], [123.41, 2852.12], [123.4, 1331.0], [123.39, 1104.99], [123.38, 1573.92], [123.37, 2331.29], [123.36, 1140.28], [123.35, 950.41], [123.34, 2692.53], [123.33, 2381.08], [123.32, 867.44], [123.31, 1057.74]], "asks": [[123.51, 987.52], [123.52, 407.6], [123.53, 663.69], [123.54, 865.16], [123.55, 1362.31], [123.56, 1363.93], [123.57, 1441.39], [123.58, 1189.21], [123.59, 1138.91], [123.6, 1449.47], [123.61, 1130.15], [123.62, 2579.73], [123.63, 1401.41], [123.64, 1248.23], [123.65, 1565.47], [123.66, 4602.2], [123.67, 2230.07], [123.68, 2824.96], [123.69, 1098.24], [123.7, 1458.22]], "timestamp": "2025-12-18T00:34:23.981999+00:00"}, {"symbol": "SOLUSDT", "bids": [[123.5, 997.49], [123.49, 387.18], [123.48, 533.87], [123.47, 880.97], [123.46, 1321.51], [123.45, 1627.02], [123.44, 1281.34], [123.43, 825.89], [123.42, 1307.2], [123.41, 2716.99], [123.4, 1274.3], [123.39, 1028.49], [123.38, 1771.72], [123.37, 2326.09], [123.36, 1191.07], [123.35, 898.37], [123.34, 2350.25], [123.33, 2485.63], [123.32, 1030.03], [123.31, 1543.32]], "asks": [[123.51, 863.66], [123.52, 686.89], [123.53, 571.38], [123.54, 1030.15], [123.55, 1812.55], [123.56, 1387.55], [123.57, 1198.56], [123.58, 1147.91], [123.59, 1359.72], [123.6, 2380.99], [123.61, 2805.07], [123.62, 721.66], [123.63, 1035.48], [123.64, 2017.31], [123.65, 1686.88], [123.66, 4666.29], [123.67, 1936.26], [123.68, 2825.57], [123.69, 1263.49], [123.7, 1103.47]], "timestamp": "2025-12-18T00:35:18.151649+00:00"}, {"symbol": "SOLUSDT", "bids": [[123.43, 1245.91], [123.42, 772.16], [123.41, 1639.83], [123.4, 1176.84], [123.39, 1081.21], [123.38, 1186.38], [123.37, 1065.98], [123.36, 1311.75], [123.35, 1498.58], [123.34, 2970.81], [123.33, 936.76], [123.32, 1223.1], [123.31, 1784.32], [123.3, 1283.75], [123.29, 2213.71], [123.28, 1114.3], [123.27, 2100.08], [123.26, 880.93], [123.25, 1053.92], [123.24, 1169.47]], "asks": [[123.44, 323.52], [123.45, 512.8], [123.46, 477.06], [123.47, 615.93], [123.48, 1406.35], [123.49, 2045.86], [123.5, 2528.59], [123.51, 1039.84], [123.52, 1310.03], [123.53, 631.17], [123.54, 1258.75], [123.55, 1679.45], [123.56, 2573.27], [123.57, 816.29], [123.58, 1191.65], [123.59, 2160.62], [123.6, 2844.12], [123.61, 842.65], [123.62, 651.22], [123.63, 874.87]], "timestamp": "2025-12-18T00:36:11.912394+00:00"}, {"symbol": "SOLUSDT", "bids": [[123.42, 941.39], [123.41, 1334.16], [123.4, 1783.8], [123.39, 980.18], [123.38, 1422.19], [123.37, 1755.18], [123.36, 857.14], [123.35, 1362.87], [123.34, 2881.52], [123.33, 984.05], [123.32, 1285.48], [123.31, 2086.19], [123.3, 1946.16], [123.29, 2580.72], [123.28, 815.46], [123.27, 694.92], [123.26, 2441.45], [123.25, 796.99], [123.24, 1136.61], [123.23, 2452.1]], "asks": [[123.43, 130.41], [123.44, 220.46], [123.45, 518.06], [123.46, 1235.26], [123.47, 1132.93], [123.48, 1052.93], [123.49, 992.53], [123.5, 1120.5], [123.51, 874.56], [123.52, 1160.25], [123.53, 1165.86], [123.54, 2071.27], [123.55, 2407.95], [123.56, 1052.22], [123.57, 907.71], [123.58, 866.53], [123.59, 1330.43], [123.6, 2780.87], [123.61, 1003.24], [123.62, 1767.7]], "timestamp": "2025-12-18T00:37:05.879971+00:00"}, {"symbol": "SOLUSDT", "bids": [[123.43, 421.02], [123.42, 572.22], [123.41, 1490.24], [123.4, 2715.34], [123.39, 2963.51], [123.38, 1126.15], [123.37, 1012.01], [123.36, 894.08], [123.35, 1397.31], [123.34, 3000.7], [123.33, 836.47], [123.32, 1223.25], [123.31, 2892.39], [123.3, 863.0], [123.29, 961.96], [123.28, 1138.27], [123.27, 2009.77], [123.26, 1227.86], [123.25, 2384.09], [123.24, 1574.42]], "asks": [[123.44, 529.86], [123.45, 735.33], [123.46, 598.61], [123.47, 671.44], [123.48, 965.25], [123.49, 961.57], [123.5, 1239.04], [123.51, 1346.26], [123.52, 1547.76], [123.53, 761.61], [123.54, 1506.42], [123.55, 2881.01], [123.56, 833.23], [123.57, 852.02], [123.58, 1013.88], [123.59, 1434.53], [123.6, 1872.68], [123.61, 2054.04], [123.62, 720.32], [123.63, 1710.58]], "timestamp": "2025-12-18T00:37:59.638528+00:00"}, {"symbol": "SOLUSDT", "bids": [[123.49, 288.96], [123.48, 193.19], [123.47, 680.72], [123.46, 1260.74], [123.45, 1936.26], [123.44, 1207.31], [123.43, 941.34], [123.42, 1131.32], [123.41, 2106.63], [123.4, 4378.59], [123.39, 1383.96], [123.38, 1179.16], [123.37, 783.43], [123.36, 971.7], [123.35, 1575.66], [123.34, 1905.17], [123.33, 845.93], [123.32, 1479.01], [123.31, 3320.1], [123.3, 2676.32]], "asks": [[123.5, 715.39], [123.51, 1051.31], [123.52, 1020.39], [123.53, 981.24], [123.54, 1687.63], [123.55, 1100.73], [123.56, 1094.64], [123.57, 1203.3], [123.58, 1261.59], [123.59, 2167.48], [123.6, 4075.78], [123.61, 2221.26], [123.62, 1043.3], [123.63, 1806.29], [123.64, 1019.28], [123.65, 1282.31], [123.66, 4475.31], [123.67, 967.47], [123.68, 2537.14], [123.69, 1351.98]], "timestamp": "2025-12-18T00:38:54.751778+00:00"}, {"symbol": "SOLUSDT", "bids": [[123.54, 671.51], [123.53, 793.31], [123.52, 2658.68], [123.51, 1074.45], [123.5, 1837.4], [123.49, 1061.79], [123.48, 1214.08], [123.47, 1965.66], [123.46, 3978.18], [123.45, 1784.62], [123.44, 1335.02], [123.43, 1108.63], [123.42, 816.37], [123.41, 1448.79], [123.4, 1820.36], [123.39, 1092.22], [123.38, 983.17], [123.37, 717.02], [123.36, 1274.05], [123.35, 4796.98]], "asks": [[123.55, 715.53], [123.56, 169.13], [123.57, 625.97], [123.58, 946.37], [123.59, 1404.01], [123.6, 2142.74], [123.61, 1261.35], [123.62, 1223.52], [123.63, 1171.59], [123.64, 1324.49], [123.65, 1851.06], [123.66, 5031.12], [123.67, 1235.91], [123.68, 3512.4], [123.69, 2586.02], [123.7, 1645.47], [123.71, 1066.59], [123.72, 1755.17], [123.73, 1484.15], [123.74, 799.53]], "timestamp": "2025-12-18T00:39:48.903345+00:00"}, {"symbol": "SOLUSDT", "bids": [[123.46, 273.4], [123.45, 396.1], [123.44, 1470.24], [123.43, 1323.02], [123.42, 2037.12], [123.41, 1572.54], [123.4, 1361.7], [123.39, 907.57], [123.38, 1656.33], [123.37, 3154.88], [123.36, 1270.28], [123.35, 1888.89], [123.34, 660.44], [123.33, 1158.96], [123.32, 2112.33], [123.31, 1070.64], [123.3, 1498.1], [123.29, 2504.48], [123.28, 2667.99], [123.27, 641.26]], "asks": [[123.47, 825.84], [123.48, 515.25], [123.49, 722.73], [123.5, 896.7], [123.51, 1590.43], [123.52, 1417.04], [123.53, 1053.13], [123.54, 1428.21], [123.55, 991.8], [123.56, 1761.63], [123.57, 1690.54], [123.58, 3448.29], [123.59, 1628.07], [123.6, 3061.37], [123.61, 792.0], [123.62, 563.78], [123.63, 791.02], [123.64, 1123.94], [123.65, 1434.81], [123.66, 4494.46]], "timestamp": "2025-12-18T00:40:42.769367+00:00"}, {"symbol": "SOLUSDT", "bids": [[123.25, 172.6], [123.24, 552.48], [123.23, 1407.41], [123.22, 953.15], [123.21, 1482.53], [123.2, 1559.18], [123.19, 1533.26], [123.18, 1143.52], [123.17, 2729.0], [123.16, 2864.44], [123.15, 740.15], [123.14, 654.21], [123.13, 1992.34], [123.12, 834.84], [123.11, 1270.91], [123.1, 1562.1], [123.09, 2672.07], [123.08, 2133.03], [123.07, 1184.32], [123.06, 1117.95]], "asks": [[123.26, 1457.91], [123.27, 611.0], [123.28, 884.43], [123.29, 1131.86], [123.3, 1055.58], [123.31, 1105.56], [123.32, 1398.38], [123.33, 1321.09], [123.34, 819.57], [123.35, 1072.03], [123.36, 928.01], [123.37, 969.77], [123.38, 3013.51], [123.39, 1414.91], [123.4, 1583.57], [123.41, 465.53], [123.42, 1956.33], [123.43, 1072.66], [123.44, 1318.58], [123.45, 624.35]], "timestamp": "2025-12-18T00:41:36.934507+00:00"}, {"symbol": "SOLUSDT", "bids": [[123.24, 1826.66], [123.23, 1599.74], [123.22, 829.91], [123.21, 922.13], [123.2, 1448.59], [123.19, 1499.14], [123.18, 1730.65], [123.17, 2616.89], [123.16, 1107.52], [123.15, 1150.4], [123.14, 782.88], [123.13, 1152.87], [123.12, 994.6], [123.11, 1302.62], [123.1, 1461.0], [123.09, 1673.31], [123.08, 1008.09], [123.07, 2734.04], [123.06, 1032.18], [123.05, 1300.73]], "asks": [[123.25, 494.2], [123.26, 596.24], [123.27, 1268.64], [123.28, 801.65], [123.29, 1387.75], [123.3, 1065.0], [123.31, 771.58], [123.32, 977.09], [123.33, 1138.81], [123.34, 821.17], [123.35, 1519.1], [123.36, 1234.41], [123.37, 2425.31], [123.38, 1743.73], [123.39, 1374.77], [123.4, 2375.27], [123.41, 508.62], [123.42, 776.15], [123.43, 707.18], [123.44, 672.62]], "timestamp": "2025-12-18T00:42:30.797479+00:00"}, {"symbol": "SOLUSDT", "bids": [[123.22, 1265.07], [123.21, 1768.7], [123.2, 1337.06], [123.19, 1289.29], [123.18, 1723.75], [123.17, 1284.23], [123.16, 3076.69], [123.15, 1541.67], [123.14, 620.18], [123.13, 557.12], [123.12, 1138.95], [123.11, 2253.29], [123.1, 1283.19], [123.09, 973.78], [123.08, 3781.35], [123.07, 1075.14], [123.06, 969.18], [123.05, 1251.58], [123.04, 1001.64], [123.03, 1719.28]], "asks": [[123.23, 229.93], [123.24, 147.63], [123.25, 312.29], [123.26, 1008.5], [123.27, 1573.46], [123.28, 1524.26], [123.29, 1373.81], [123.3, 1325.27], [123.31, 1395.15], [123.32, 1457.94], [123.33, 1089.06], [123.34, 829.82], [123.35, 1175.86], [123.36, 2765.12], [123.37, 515.46], [123.38, 740.99], [123.39, 1182.87], [123.4, 1365.45], [123.41, 1427.59], [123.42, 2042.55]], "timestamp": "2025-12-18T00:43:24.988122+00:00"}, {"symbol": "SOLUSDT", "bids": [[123.33, 372.31], [123.32, 977.8], [123.31, 896.66], [123.3, 1645.43], [123.29, 1504.83], [123.28, 1451.89], [123.27, 1351.89], [123.26, 3255.37], [123.25, 1931.55], [123.24, 1091.46], [123.23, 886.72], [123.22, 1287.5], [123.21, 1058.08], [123.2, 2319.64], [123.19, 1127.33], [123.18, 3106.49], [123.17, 1284.53], [123.16, 2941.25], [123.15, 1069.2], [123.14, 728.28]], "asks": [[123.34, 281.35], [123.35, 387.07], [123.36, 681.05], [123.37, 1024.81], [123.38, 1419.16], [123.39, 1296.93], [123.4, 1510.97], [123.41, 752.28], [123.42, 1073.79], [123.43, 954.42], [123.44, 1051.31], [123.45, 1613.35], [123.46, 2112.23], [123.47, 1286.79], [123.48, 2135.27], [123.49, 1772.13], [123.5, 1099.52], [123.51, 589.09], [123.52, 1243.64], [123.53, 878.78]], "timestamp": "2025-12-18T00:44:19.036328+00:00"}, {"symbol": "SOLUSDT", "bids": [[123.38, 426.31], [123.37, 1332.49], [123.36, 1044.66], [123.35, 955.31], [123.34, 1698.08], [123.33, 1562.97], [123.32, 1178.37], [123.31, 3057.07], [123.3, 1321.5], [123.29, 956.51], [123.28, 1061.43], [123.27, 1170.58], [123.26, 1742.67], [123.25, 935.29], [123.24, 1387.99], [123.23, 679.15], [123.22, 1275.14], [123.21, 2282.22], [123.2, 1584.21], [123.19, 1124.85]], "asks": [[123.39, 488.43], [123.4, 585.28], [123.41, 545.04], [123.42, 878.26], [123.43, 1769.92], [123.44, 1053.88], [123.45, 896.44], [123.46, 856.01], [123.47, 1276.3], [123.48, 1114.96], [123.49, 1330.64], [123.5, 2998.18], [123.51, 2313.44], [123.52, 1263.79], [123.53, 1457.14], [123.54, 911.84], [123.55, 750.05], [123.56, 1001.15], [123.57, 794.92], [123.58, 1370.31]], "timestamp": "2025-12-18T00:45:13.037518+00:00"}, {"symbol": "SOLUSDT", "bids": [[123.43, 184.08], [123.42, 860.47], [123.41, 954.39], [123.4, 940.13], [123.39, 1086.11], [123.38, 1580.79], [123.37, 1518.08], [123.36, 2972.34], [123.35, 1607.29], [123.34, 1068.85], [123.33, 1082.86], [123.32, 1054.77], [123.31, 1465.07], [123.3, 2146.02], [123.29, 975.42], [123.28, 1198.75], [123.27, 1341.67], [123.26, 2845.41], [123.25, 2318.15], [123.24, 907.12]], "asks": [[123.44, 785.11], [123.45, 504.67], [123.46, 850.14], [123.47, 1067.39], [123.48, 1826.91], [123.49, 988.85], [123.5, 1536.87], [123.51, 810.94], [123.52, 983.35], [123.53, 893.53], [123.54, 1223.93], [123.55, 1732.46], [123.56, 2671.01], [123.57, 1559.8], [123.58, 2534.66], [123.59, 954.06], [123.6, 1098.6], [123.61, 708.12], [123.62, 561.36], [123.63, 985.64]], "timestamp": "2025-12-18T00:46:06.762806+00:00"}, {"symbol": "SOLUSDT", "bids": [[123.5, 463.99], [123.49, 1242.79], [123.48, 848.44], [123.47, 1166.95], [123.46, 1511.4], [123.45, 2033.3], [123.44, 1372.34], [123.43, 1641.23], [123.42, 2966.95], [123.41, 834.81], [123.4, 1134.14], [123.39, 1089.03], [123.38, 1059.66], [123.37, 1989.09], [123.36, 1175.71], [123.35, 2958.16], [123.34, 858.38], [123.33, 603.5], [123.32, 827.46], [123.31, 1433.02]], "asks": [[123.51, 131.25], [123.52, 610.89], [123.53, 827.46], [123.54, 1413.67], [123.55, 1514.82], [123.56, 1454.7], [123.57, 1488.82], [123.58, 718.31], [123.59, 1042.8], [123.6, 2530.29], [123.61, 913.43], [123.62, 1013.16], [123.63, 2965.43], [123.64, 1465.71], [123.65, 1967.77], [123.66, 1460.61], [123.67, 721.67], [123.68, 1684.83], [123.69, 1497.57], [123.7, 1389.01]], "timestamp": "2025-12-18T00:47:01.555786+00:00"}, {"symbol": "SOLUSDT", "bids": [[123.55, 1583.15], [123.54, 1226.3], [123.53, 1234.85], [123.52, 1531.87], [123.51, 1257.28], [123.5, 1724.34], [123.49, 1265.45], [123.48, 1440.94], [123.47, 1071.09], [123.46, 2930.64], [123.45, 1396.17], [123.44, 1064.18], [123.43, 1115.75], [123.42, 725.84], [123.41, 966.18], [123.4, 2435.12], [123.39, 1180.63], [123.38, 2700.15], [123.37, 955.78], [123.36, 1075.32]], "asks": [[123.56, 20.87], [123.57, 489.97], [123.58, 706.71], [123.59, 1187.47], [123.6, 2103.32], [123.61, 1847.15], [123.62, 1471.99], [123.63, 1265.45], [123.64, 1484.71], [123.65, 1526.0], [123.66, 817.62], [123.67, 1499.31], [123.68, 2041.59], [123.69, 1592.21], [123.7, 1881.17], [123.71, 1944.17], [123.72, 1595.32], [123.73, 3215.8], [123.74, 606.91], [123.75, 1069.02]], "timestamp": "2025-12-18T00:47:56.023384+00:00"}, {"symbol": "SOLUSDT", "bids": [[123.49, 749.54], [123.48, 759.9], [123.47, 1007.37], [123.46, 1507.84], [123.45, 1931.88], [123.44, 2959.92], [123.43, 1913.17], [123.42, 2590.41], [123.41, 1110.86], [123.4, 1296.89], [123.39, 1013.98], [123.38, 1785.43], [123.37, 956.85], [123.36, 828.46], [123.35, 1248.23], [123.34, 1115.3], [123.33, 1432.84], [123.32, 2842.52], [123.31, 2890.05], [123.3, 2186.94]], "asks": [[123.5, 363.63], [123.51, 676.44], [123.52, 811.81], [123.53, 768.81], [123.54, 1672.78], [123.55, 1064.87], [123.56, 1216.3], [123.57, 1416.75], [123.58, 1499.18], [123.59, 1477.46], [123.6, 2389.69], [123.61, 1577.35], [123.62, 2803.33], [123.63, 961.65], [123.64, 1736.61], [123.65, 984.29], [123.66, 1712.59], [123.67, 2480.52], [123.68, 1568.57], [123.69, 693.95]], "timestamp": "2025-12-18T00:48:49.971759+00:00"}, {"symbol": "SOLUSDT", "bids": [[123.59, 572.76], [123.58, 1442.36], [123.57, 1539.3], [123.56, 874.35], [123.55, 1299.56], [123.54, 1079.73], [123.53, 1998.65], [123.52, 3267.04], [123.51, 1313.86], [123.5, 1420.1], [123.49, 983.09], [123.48, 988.2], [123.47, 821.18], [123.46, 1055.42], [123.45, 803.52], [123.44, 2172.55], [123.43, 1174.08], [123.42, 836.67], [123.41, 2543.76], [123.4, 3231.64]], "asks": [[123.6, 420.2], [123.61, 588.58], [123.62, 725.36], [123.63, 1286.75], [123.64, 1666.91], [123.65, 1413.43], [123.66, 1421.06], [123.67, 1245.88], [123.68, 1824.67], [123.69, 1221.68], [123.7, 2095.19], [123.71, 2693.62], [123.72, 1600.54], [123.73, 1735.05], [123.74, 2234.47], [123.75, 1714.89], [123.76, 686.48], [123.77, 680.29], [123.78, 1522.91], [123.79, 1426.03]], "timestamp": "2025-12-18T00:49:43.705421+00:00"}, {"symbol": "SOLUSDT", "bids": [[123.64, 420.72], [123.63, 794.33], [123.62, 912.62], [123.61, 1685.71], [123.6, 1242.47], [123.59, 1745.04], [123.58, 2090.07], [123.57, 2052.62], [123.56, 3154.24], [123.55, 1316.13], [123.54, 827.0], [123.53, 1117.72], [123.52, 1469.92], [123.51, 1726.87], [123.5, 1316.44], [123.49, 1537.93], [123.48, 2430.99], [123.47, 717.5], [123.46, 976.81], [123.45, 956.79]], "asks": [[123.65, 335.55], [123.66, 524.26], [123.67, 1120.55], [123.68, 1972.09], [123.69, 1762.67], [123.7, 1997.7], [123.71, 1494.88], [123.72, 1730.62], [123.73, 1564.27], [123.74, 688.08], [123.75, 1575.38], [123.76, 1304.14], [123.77, 3102.51], [123.78, 1494.59], [123.79, 1608.38], [123.8, 3864.52], [123.81, 2716.67], [123.82, 1061.18], [123.83, 935.73], [123.84, 1149.87]], "timestamp": "2025-12-18T00:50:38.720036+00:00"}, {"symbol": "SOLUSDT", "bids": [[123.57, 1021.28], [123.56, 619.32], [123.55, 1685.01], [123.54, 935.97], [123.53, 1507.24], [123.52, 1565.53], [123.51, 2024.94], [123.5, 1641.55], [123.49, 3142.54], [123.48, 722.89], [123.47, 732.45], [123.46, 1443.11], [123.45, 1169.15], [123.44, 2716.2], [123.43, 1130.66], [123.42, 627.49], [123.41, 742.93], [123.4, 1750.37], [123.39, 2492.64], [123.38, 1366.91]], "asks": [[123.58, 480.62], [123.59, 277.7], [123.6, 682.57], [123.61, 665.19], [123.62, 1039.41], [123.63, 1350.44], [123.64, 1731.85], [123.65, 1025.06], [123.66, 1855.55], [123.67, 1178.0], [123.68, 1123.02], [123.69, 1836.9], [123.7, 4003.58], [123.71, 989.87], [123.72, 1510.04], [123.73, 2118.65], [123.74, 1440.76], [123.75, 958.77], [123.76, 960.63], [123.77, 2137.83]], "timestamp": "2025-12-18T00:51:32.939264+00:00"}, {"symbol": "SOLUSDT", "bids": [[123.51, 1154.87], [123.5, 1328.18], [123.49, 1969.7], [123.48, 1733.56], [123.47, 2003.3], [123.46, 1001.05], [123.45, 1494.77], [123.44, 2933.65], [123.43, 1397.81], [123.42, 798.72], [123.41, 794.18], [123.4, 1420.71], [123.39, 915.87], [123.38, 1424.15], [123.37, 2700.28], [123.36, 2472.69], [123.35, 722.08], [123.34, 732.97], [123.33, 973.39], [123.32, 1487.4]], "asks": [[123.52, 128.87], [123.53, 393.92], [123.54, 1156.42], [123.55, 947.36], [123.56, 1859.5], [123.57, 1543.88], [123.58, 1346.9], [123.59, 1055.27], [123.6, 1191.3], [123.61, 1122.74], [123.62, 830.69], [123.63, 2041.81], [123.64, 3971.82], [123.65, 552.8], [123.66, 1817.84], [123.67, 660.47], [123.68, 655.72], [123.69, 766.11], [123.7, 1529.14], [123.71, 1841.25]], "timestamp": "2025-12-18T00:52:26.899849+00:00"}, {"symbol": "SOLUSDT", "bids": [[123.59, 1464.55], [123.58, 560.58], [123.57, 1306.77], [123.56, 843.5], [123.55, 1737.34], [123.54, 1985.42], [123.53, 2153.49], [123.52, 2142.1], [123.51, 3404.47], [123.5, 1433.19], [123.49, 1342.33], [123.48, 828.9], [123.47, 898.74], [123.46, 1902.13], [123.45, 591.98], [123.44, 975.99], [123.43, 1209.23], [123.42, 760.68], [123.41, 969.01], [123.4, 1489.92]], "asks": [[123.6, 547.24], [123.61, 168.79], [123.62, 610.69], [123.63, 894.11], [123.64, 1706.22], [123.65, 1255.01], [123.66, 1388.28], [123.67, 1959.97], [123.68, 4956.23], [123.69, 787.87], [123.7, 2075.5], [123.71, 1676.52], [123.72, 1631.28], [123.73, 3935.8], [123.74, 1106.85], [123.75, 2192.95], [123.76, 1369.54], [123.77, 772.89], [123.78, 1688.95], [123.79, 2301.14]], "timestamp": "2025-12-18T00:53:21.149550+00:00"}, {"symbol": "SOLUSDT", "bids": [[123.62, 265.2], [123.61, 185.72], [123.6, 1118.06], [123.59, 1168.94], [123.58, 1707.61], [123.57, 1661.56], [123.56, 2001.62], [123.55, 1378.14], [123.54, 3110.84], [123.53, 1635.19], [123.52, 1718.33], [123.51, 867.61], [123.5, 831.52], [123.49, 1055.4], [123.48, 792.81], [123.47, 1953.81], [123.46, 1359.21], [123.45, 2208.71], [123.44, 1004.36], [123.43, 1475.67]], "asks": [[123.63, 545.39], [123.64, 881.02], [123.65, 1198.24], [123.66, 1346.03], [123.67, 2046.79], [123.68, 5071.62], [123.69, 1242.12], [123.7, 2187.34], [123.71, 951.48], [123.72, 1539.95], [123.73, 2488.56], [123.74, 1056.24], [123.75, 3246.39], [123.76, 1150.65], [123.77, 2025.48], [123.78, 2176.12], [123.79, 1165.39], [123.8, 2472.11], [123.81, 1522.39], [123.82, 1515.2]], "timestamp": "2025-12-18T00:54:14.914599+00:00"}, {"symbol": "SOLUSDT", "bids": [[123.65, 518.13], [123.64, 1036.22], [123.63, 839.85], [123.62, 1127.43], [123.61, 2027.58], [123.6, 1026.38], [123.59, 1268.35], [123.58, 1513.19], [123.57, 3046.61], [123.56, 970.17], [123.55, 1205.8], [123.54, 954.2], [123.53, 1674.98], [123.52, 2245.15], [123.51, 1252.6], [123.5, 2993.83], [123.49, 1021.21], [123.48, 712.93], [123.47, 954.02], [123.46, 2553.25]], "asks": [[123.66, 615.68], [123.67, 1344.15], [123.68, 4492.33], [123.69, 886.82], [123.7, 2023.56], [123.71, 1727.89], [123.72, 2220.03], [123.73, 2277.36], [123.74, 1028.13], [123.75, 1502.45], [123.76, 1504.18], [123.77, 1202.48], [123.78, 1696.09], [123.79, 3835.1], [123.8, 3672.93], [123.81, 1534.18], [123.82, 1150.52], [123.83, 887.46], [123.84, 749.55], [123.85, 1598.04]], "timestamp": "2025-12-18T00:55:09.082788+00:00"}, {"symbol": "SOLUSDT", "bids": [[123.64, 35.96], [123.63, 785.93], [123.62, 1456.59], [123.61, 1130.52], [123.6, 1609.7], [123.59, 1257.38], [123.58, 2143.23], [123.57, 1406.21], [123.56, 3233.93], [123.55, 1323.08], [123.54, 1523.26], [123.53, 3270.53], [123.52, 1284.76], [123.51, 924.21], [123.5, 980.19], [123.49, 1142.73], [123.48, 823.81], [123.47, 2324.06], [123.46, 1077.35], [123.45, 1004.15]], "asks": [[123.65, 1437.3], [123.66, 1859.07], [123.67, 724.53], [123.68, 969.03], [123.69, 1389.21], [123.7, 2244.97], [123.71, 1278.49], [123.72, 1656.66], [123.73, 2072.86], [123.74, 1078.23], [123.75, 1412.14], [123.76, 1807.77], [123.77, 854.36], [123.78, 1357.71], [123.79, 1452.21], [123.8, 2477.71], [123.81, 1989.35], [123.82, 3701.47], [123.83, 964.08], [123.84, 819.55]], "timestamp": "2025-12-18T00:56:03.353683+00:00"}, {"symbol": "SOLUSDT", "bids": [[123.63, 327.49], [123.62, 432.75], [123.61, 1363.63], [123.6, 1139.36], [123.59, 1453.47], [123.58, 1770.4], [123.57, 1641.65], [123.56, 3159.29], [123.55, 1473.0], [123.54, 1161.8], [123.53, 1290.8], [123.52, 1504.31], [123.51, 997.13], [123.5, 2417.76], [123.49, 2664.13], [123.48, 591.77], [123.47, 578.31], [123.46, 1500.92], [123.45, 2833.47], [123.44, 736.14]], "asks": [[123.64, 537.08], [123.65, 562.26], [123.66, 735.6], [123.67, 798.43], [123.68, 1298.06], [123.69, 1400.7], [123.7, 1909.39], [123.71, 1336.74], [123.72, 1813.81], [123.73, 2081.7], [123.74, 1542.88], [123.75, 1177.77], [123.76, 1306.76], [123.77, 2560.12], [123.78, 1255.52], [123.79, 2133.88], [123.8, 2673.5], [123.81, 2849.55], [123.82, 1703.13], [123.83, 1075.58]], "timestamp": "2025-12-18T00:56:58.445652+00:00"}, {"symbol": "SOLUSDT", "bids": [[123.67, 417.68], [123.66, 610.64], [123.65, 1255.77], [123.64, 1389.97], [123.63, 1459.85], [123.62, 1647.3], [123.61, 1577.76], [123.6, 1495.06], [123.59, 2008.06], [123.58, 3968.27], [123.57, 1115.26], [123.56, 956.45], [123.55, 1286.18], [123.54, 1144.09], [123.53, 1721.69], [123.52, 1558.45], [123.51, 2501.9], [123.5, 1698.32], [123.49, 1215.02], [123.48, 2722.4]], "asks": [[123.68, 320.36], [123.69, 799.87], [123.7, 1544.46], [123.71, 1156.32], [123.72, 2054.96], [123.73, 2003.42], [123.74, 937.65], [123.75, 1307.62], [123.76, 1041.49], [123.77, 1232.75], [123.78, 1554.72], [123.79, 4027.64], [123.8, 2543.49], [123.81, 1755.91], [123.82, 3215.99], [123.83, 927.95], [123.84, 1578.91], [123.85, 1779.6], [123.86, 2389.98], [123.87, 784.56]], "timestamp": "2025-12-18T00:57:51.800130+00:00"}, {"symbol": "SOLUSDT", "bids": [[123.62, 626.43], [123.61, 636.57], [123.6, 1053.54], [123.59, 1070.77], [123.58, 1829.22], [123.57, 1245.57], [123.56, 1558.67], [123.55, 2142.48], [123.54, 3005.56], [123.53, 1029.26], [123.52, 1350.67], [123.51, 1118.97], [123.5, 1570.53], [123.49, 2826.86], [123.48, 2962.64], [123.47, 829.34], [123.46, 1598.6], [123.45, 1087.35], [123.44, 916.01], [123.43, 2864.42]], "asks": [[123.63, 424.98], [123.64, 615.95], [123.65, 1054.56], [123.66, 852.95], [123.67, 1509.03], [123.68, 1337.18], [123.69, 1132.08], [123.7, 1816.16], [123.71, 1413.07], [123.72, 1611.91], [123.73, 2306.67], [123.74, 899.22], [123.75, 1362.39], [123.76, 2927.2], [123.77, 1147.66], [123.78, 2359.16], [123.79, 1304.03], [123.8, 3223.66], [123.81, 1616.96], [123.82, 1901.28]], "timestamp": "2025-12-18T00:58:46.376733+00:00"}, {"symbol": "SOLUSDT", "bids": [[123.61, 478.58], [123.6, 650.38], [123.59, 1683.65], [123.58, 1284.63], [123.57, 1235.97], [123.56, 1292.44], [123.55, 1605.34], [123.54, 2611.31], [123.53, 1106.34], [123.52, 1117.01], [123.51, 1146.87], [123.5, 1734.93], [123.49, 2668.3], [123.48, 1517.49], [123.47, 2435.08], [123.46, 1618.81], [123.45, 1089.19], [123.44, 858.51], [123.43, 2797.25], [123.42, 669.76]], "asks": [[123.62, 368.92], [123.63, 600.38], [123.64, 744.02], [123.65, 933.8], [123.66, 1027.27], [123.67, 1530.28], [123.68, 1024.51], [123.69, 1256.34], [123.7, 2048.57], [123.71, 1433.39], [123.72, 1645.26], [123.73, 2649.18], [123.74, 1105.94], [123.75, 2614.85], [123.76, 1121.06], [123.77, 1165.3], [123.78, 1080.44], [123.79, 2512.67], [123.8, 3221.79], [123.81, 1616.24]], "timestamp": "2025-12-18T00:59:41.059699+00:00"}, {"symbol": "SOLUSDT", "bids": [[123.53, 730.75], [123.52, 779.04], [123.51, 1104.75], [123.5, 1209.24], [123.49, 1376.89], [123.48, 1212.26], [123.47, 1709.79], [123.46, 3658.98], [123.45, 1332.24], [123.44, 853.63], [123.43, 1353.35], [123.42, 659.44], [123.41, 661.35], [123.4, 1683.18], [123.39, 1042.15], [123.38, 3664.98], [123.37, 743.19], [123.36, 1358.58], [123.35, 1003.78], [123.34, 1167.36]], "asks": [[123.54, 227.73], [123.55, 838.07], [123.56, 1239.18], [123.57, 1078.39], [123.58, 1462.84], [123.59, 1899.38], [123.6, 1921.58], [123.61, 1496.09], [123.62, 1005.99], [123.63, 976.47], [123.64, 1646.54], [123.65, 2014.66], [123.66, 2638.04], [123.67, 1081.9], [123.68, 1463.81], [123.69, 902.01], [123.7, 1553.84], [123.71, 1081.36], [123.72, 2724.36], [123.73, 1878.09]], "timestamp": "2025-12-18T01:00:35.025588+00:00"}, {"symbol": "SOLUSDT", "bids": [[123.36, 54.66], [123.35, 530.02], [123.34, 1056.77], [123.33, 904.65], [123.32, 2044.43], [123.31, 1541.48], [123.3, 1596.82], [123.29, 3351.63], [123.28, 1185.98], [123.27, 892.83], [123.26, 1640.55], [123.25, 1488.42], [123.24, 2669.89], [123.23, 1116.62], [123.22, 2697.08], [123.21, 1249.28], [123.2, 1689.27], [123.19, 607.46], [123.18, 911.22], [123.17, 1081.53]], "asks": [[123.37, 855.93], [123.38, 985.35], [123.39, 813.47], [123.4, 981.4], [123.41, 1002.17], [123.42, 1022.86], [123.43, 1429.6], [123.44, 874.15], [123.45, 1000.35], [123.46, 1110.75], [123.47, 909.99], [123.48, 1214.56], [123.49, 2975.8], [123.5, 1227.35], [123.51, 850.83], [123.52, 812.06], [123.53, 1582.1], [123.54, 789.13], [123.55, 493.71], [123.56, 1019.88]], "timestamp": "2025-12-18T01:01:28.506237+00:00"}, {"symbol": "SOLUSDT", "bids": [[123.44, 897.95], [123.43, 1140.15], [123.42, 998.92], [123.41, 1463.08], [123.4, 1823.3], [123.39, 1248.96], [123.38, 1652.59], [123.37, 1647.96], [123.36, 3118.69], [123.35, 869.71], [123.34, 1274.27], [123.33, 1373.66], [123.32, 2249.62], [123.31, 1089.77], [123.3, 1453.04], [123.29, 677.44], [123.28, 1355.32], [123.27, 2537.24], [123.26, 2213.75], [123.25, 856.53]], "asks": [[123.45, 302.45], [123.46, 555.55], [123.47, 1471.75], [123.48, 894.04], [123.49, 960.35], [123.5, 641.17], [123.51, 922.16], [123.52, 1036.7], [123.53, 1275.15], [123.54, 849.56], [123.55, 1224.54], [123.56, 1751.78], [123.57, 2490.71], [123.58, 1342.46], [123.59, 1984.74], [123.6, 1894.74], [123.61, 991.33], [123.62, 815.26], [123.63, 589.68], [123.64, 1158.42]], "timestamp": "2025-12-18T01:02:22.751238+00:00"}, {"symbol": "SOLUSDT", "bids": [[123.49, 664.11], [123.48, 838.9], [123.47, 1047.28], [123.46, 1106.79], [123.45, 1955.89], [123.44, 1373.17], [123.43, 1174.87], [123.42, 2773.78], [123.41, 3202.59], [123.4, 1159.38], [123.39, 936.72], [123.38, 898.39], [123.37, 1210.83], [123.36, 1413.55], [123.35, 3117.15], [123.34, 2383.5], [123.33, 1088.87], [123.32, 1299.95], [123.31, 1283.72], [123.3, 3492.65]], "asks": [[123.5, 212.56], [123.51, 426.54], [123.52, 450.84], [123.53, 1112.87], [123.54, 875.22], [123.55, 1284.92], [123.56, 1292.05], [123.57, 858.71], [123.58, 1285.37], [123.59, 928.15], [123.6, 1830.39], [123.61, 1050.6], [123.62, 2366.23], [123.63, 726.42], [123.64, 1477.83], [123.65, 2151.08], [123.66, 1873.13], [123.67, 785.45], [123.68, 602.53], [123.69, 915.71]], "timestamp": "2025-12-18T01:03:16.716684+00:00"}, {"symbol": "SOLUSDT", "bids": [[123.36, 775.76], [123.35, 488.51], [123.34, 1078.57], [123.33, 1603.12], [123.32, 2362.01], [123.31, 2086.92], [123.3, 3192.55], [123.29, 1077.06], [123.28, 1455.83], [123.27, 864.2], [123.26, 1164.99], [123.25, 1932.39], [123.24, 1692.92], [123.23, 2035.36], [123.22, 905.31], [123.21, 1098.51], [123.2, 1823.3], [123.19, 3727.94], [123.18, 953.94], [123.17, 672.14]], "asks": [[123.37, 460.37], [123.38, 586.93], [123.39, 619.62], [123.4, 1045.85], [123.41, 1152.53], [123.42, 1048.99], [123.43, 1085.34], [123.44, 857.15], [123.45, 692.31], [123.46, 1079.46], [123.47, 725.87], [123.48, 1534.52], [123.49, 2707.63], [123.5, 1304.92], [123.51, 575.94], [123.52, 1417.32], [123.53, 1727.11], [123.54, 403.29], [123.55, 764.5], [123.56, 918.28]], "timestamp": "2025-12-18T01:04:11.017318+00:00"}, {"symbol": "SOLUSDT", "bids": [[123.21, 287.41], [123.2, 756.59], [123.19, 748.04], [123.18, 860.97], [123.17, 1517.84], [123.16, 1573.16], [123.15, 2169.22], [123.14, 1331.48], [123.13, 1329.14], [123.12, 4389.63], [123.11, 1216.84], [123.1, 1026.85], [123.09, 971.25], [123.08, 995.46], [123.07, 804.59], [123.06, 1302.23], [123.05, 2595.5], [123.04, 769.12], [123.03, 1347.11], [123.02, 2361.75]], "asks": [[123.22, 884.11], [123.23, 476.77], [123.24, 760.92], [123.25, 882.88], [123.26, 1040.64], [123.27, 963.12], [123.28, 1768.11], [123.29, 1003.35], [123.3, 1361.45], [123.31, 979.88], [123.32, 808.84], [123.33, 1071.3], [123.34, 1150.91], [123.35, 2650.42], [123.36, 993.46], [123.37, 938.16], [123.38, 529.21], [123.39, 821.67], [123.4, 1192.92], [123.41, 1307.73]], "timestamp": "2025-12-18T01:05:05.159817+00:00"}, {"symbol": "SOLUSDT", "bids": [[123.13, 1196.53], [123.12, 780.69], [123.11, 1111.8], [123.1, 1122.12], [123.09, 1498.05], [123.08, 1651.38], [123.07, 1504.03], [123.06, 1671.92], [123.05, 2450.99], [123.04, 3583.38], [123.03, 1117.47], [123.02, 753.62], [123.01, 2937.04], [123.0, 4733.81], [122.99, 1102.18], [122.98, 773.08], [122.97, 868.03], [122.96, 1505.88], [122.95, 2333.59], [122.94, 963.81]], "asks": [[123.14, 75.97], [123.15, 366.37], [123.16, 1034.28], [123.17, 700.97], [123.18, 1403.67], [123.19, 1386.9], [123.2, 1467.3], [123.21, 849.49], [123.22, 1153.12], [123.23, 898.14], [123.24, 1787.11], [123.25, 1444.15], [123.26, 2357.82], [123.27, 810.59], [123.28, 1089.27], [123.29, 2761.3], [123.3, 1149.12], [123.31, 1960.6], [123.32, 654.86], [123.33, 1370.17]], "timestamp": "2025-12-18T01:05:59.023024+00:00"}, {"symbol": "SOLUSDT", "bids": [[123.18, 874.04], [123.17, 1630.78], [123.16, 977.94], [123.15, 1174.48], [123.14, 1432.39], [123.13, 2209.29], [123.12, 1274.05], [123.11, 780.48], [123.1, 1203.1], [123.09, 3640.7], [123.08, 842.74], [123.07, 1037.32], [123.06, 1096.12], [123.05, 1153.4], [123.04, 2348.69], [123.03, 1439.32], [123.02, 1051.63], [123.01, 1685.24], [123.0, 1932.94], [122.99, 672.69]], "asks": [[123.19, 114.49], [123.2, 480.44], [123.21, 1125.8], [123.22, 1295.16], [123.23, 1025.38], [123.24, 1408.08], [123.25, 1333.26], [123.26, 914.66], [123.27, 1224.3], [123.28, 1592.5], [123.29, 1201.13], [123.3, 2527.96], [123.31, 1703.85], [123.32, 2541.69], [123.33, 1201.82], [123.34, 696.91], [123.35, 483.41], [123.36, 1336.23], [123.37, 596.68], [123.38, 843.91]], "timestamp": "2025-12-18T01:06:52.886340+00:00"}, {"symbol": "SOLUSDT", "bids": [[123.26, 292.39], [123.25, 658.26], [123.24, 818.02], [123.23, 616.64], [123.22, 1512.91], [123.21, 1372.76], [123.2, 2020.62], [123.19, 1562.41], [123.18, 2742.24], [123.17, 906.89], [123.16, 822.21], [123.15, 873.49], [123.14, 1431.15], [123.13, 2038.54], [123.12, 1514.63], [123.11, 1096.56], [123.1, 2600.13], [123.09, 2429.28], [123.08, 740.59], [123.07, 569.17]], "asks": [[123.27, 928.62], [123.28, 1088.82], [123.29, 764.78], [123.3, 1215.49], [123.31, 1901.83], [123.32, 902.68], [123.33, 541.35], [123.34, 944.27], [123.35, 1292.12], [123.36, 1279.84], [123.37, 1252.0], [123.38, 2598.94], [123.39, 699.61], [123.4, 1978.49], [123.41, 717.54], [123.42, 829.63], [123.43, 2073.64], [123.44, 1869.47], [123.45, 374.28], [123.46, 377.15]], "timestamp": "2025-12-18T01:07:46.544297+00:00"}, {"symbol": "SOLUSDT", "bids": [[123.02, 761.12], [123.01, 441.44], [123.0, 1859.57], [122.99, 1000.52], [122.98, 1348.95], [122.97, 1172.38], [122.96, 1003.11], [122.95, 1428.86], [122.94, 2505.64], [122.93, 1360.74], [122.92, 2067.54], [122.91, 1205.0], [122.9, 2610.31], [122.89, 2939.17], [122.88, 1058.03], [122.87, 988.35], [122.86, 1492.32], [122.85, 2561.11], [122.84, 1333.9], [122.83, 1379.01]], "asks": [[123.03, 804.61], [123.04, 278.73], [123.05, 721.24], [123.06, 824.2], [123.07, 1542.81], [123.08, 1220.66], [123.09, 1702.47], [123.1, 2004.55], [123.11, 1104.69], [123.12, 851.13], [123.13, 1474.08], [123.14, 2674.04], [123.15, 1031.33], [123.16, 1777.44], [123.17, 709.5], [123.18, 836.83], [123.19, 976.61], [123.2, 882.17], [123.21, 1792.63], [123.22, 2121.71]], "timestamp": "2025-12-18T01:08:40.510468+00:00"}, {"symbol": "SOLUSDT", "bids": [[122.95, 416.12], [122.94, 767.84], [122.93, 1855.9], [122.92, 1370.68], [122.91, 1688.36], [122.9, 1671.83], [122.89, 1760.11], [122.88, 1904.66], [122.87, 1223.64], [122.86, 3192.14], [122.85, 1131.6], [122.84, 1984.22], [122.83, 1006.0], [122.82, 1924.08], [122.81, 3777.84], [122.8, 12133.58], [122.79, 2389.88], [122.78, 1083.74], [122.77, 1439.62], [122.76, 2189.37]], "asks": [[122.96, 439.95], [122.97, 554.58], [122.98, 1767.95], [122.99, 2508.61], [123.0, 1342.93], [123.01, 1997.91], [123.02, 1400.84], [123.03, 1145.21], [123.04, 1079.13], [123.05, 1197.92], [123.06, 1379.28], [123.07, 2362.55], [123.08, 2702.77], [123.09, 1047.41], [123.1, 1659.59], [123.11, 761.7], [123.12, 1878.53], [123.13, 1791.1], [123.14, 663.34], [123.15, 467.99]], "timestamp": "2025-12-18T01:09:34.065407+00:00"}, {"symbol": "SOLUSDT", "bids": [[122.97, 618.46], [122.96, 678.14], [122.95, 1094.88], [122.94, 1074.89], [122.93, 1655.84], [122.92, 1783.74], [122.91, 1563.22], [122.9, 3727.53], [122.89, 1897.92], [122.88, 1089.82], [122.87, 877.11], [122.86, 1605.72], [122.85, 1223.03], [122.84, 1900.64], [122.83, 1133.98], [122.82, 1524.99], [122.81, 2293.47], [122.8, 10818.16], [122.79, 5142.86], [122.78, 1116.23]], "asks": [[122.98, 413.38], [122.99, 2577.62], [123.0, 1375.8], [123.01, 1185.63], [123.02, 1775.09], [123.03, 1047.03], [123.04, 1385.53], [123.05, 1553.88], [123.06, 941.22], [123.07, 1434.35], [123.08, 1040.42], [123.09, 1640.16], [123.1, 1731.7], [123.11, 3154.84], [123.12, 2008.83], [123.13, 968.1], [123.14, 1367.4], [123.15, 476.81], [123.16, 1189.82], [123.17, 1987.33]], "timestamp": "2025-12-18T01:10:27.943029+00:00"}, {"symbol": "SOLUSDT", "bids": [[122.96, 350.09], [122.95, 639.54], [122.94, 772.41], [122.93, 1618.39], [122.92, 1601.03], [122.91, 893.88], [122.9, 1452.68], [122.89, 1569.7], [122.88, 1477.67], [122.87, 1893.4], [122.86, 1779.19], [122.85, 1158.22], [122.84, 2370.83], [122.83, 1584.64], [122.82, 2808.5], [122.81, 2196.87], [122.8, 10749.02], [122.79, 3568.86], [122.78, 1037.88], [122.77, 1190.12]], "asks": [[122.97, 544.59], [122.98, 2848.91], [122.99, 897.55], [123.0, 1631.44], [123.01, 1162.74], [123.02, 1436.63], [123.03, 2445.16], [123.04, 1009.63], [123.05, 944.49], [123.06, 1464.26], [123.07, 1516.71], [123.08, 1218.91], [123.09, 1333.84], [123.1, 1609.16], [123.11, 1689.17], [123.12, 2645.29], [123.13, 1197.35], [123.14, 986.29], [123.15, 490.9], [123.16, 898.73]], "timestamp": "2025-12-18T01:11:21.689534+00:00"}, {"symbol": "SOLUSDT", "bids": [[123.0, 512.77], [122.99, 715.68], [122.98, 936.81], [122.97, 766.02], [122.96, 1169.89], [122.95, 1442.47], [122.94, 1655.71], [122.93, 1841.73], [122.92, 3563.17], [122.91, 696.8], [122.9, 1279.56], [122.89, 2902.65], [122.88, 1780.62], [122.87, 1214.81], [122.86, 1754.3], [122.85, 2706.78], [122.84, 2591.51], [122.83, 1023.78], [122.82, 1425.3], [122.81, 2081.81]], "asks": [[123.01, 1110.25], [123.02, 1735.46], [123.03, 773.05], [123.04, 1008.61], [123.05, 1048.8], [123.06, 1284.01], [123.07, 1546.94], [123.08, 1737.27], [123.09, 1362.55], [123.1, 1522.51], [123.11, 1155.83], [123.12, 1199.13], [123.13, 3450.95], [123.14, 2428.31], [123.15, 748.88], [123.16, 1051.04], [123.17, 429.29], [123.18, 574.78], [123.19, 1784.12], [123.2, 815.96]], "timestamp": "2025-12-18T01:12:15.656740+00:00"}, {"symbol": "SOLUSDT", "bids": [[123.11, 1155.56], [123.1, 856.77], [123.09, 1091.83], [123.08, 971.63], [123.07, 1226.1], [123.06, 912.79], [123.05, 1567.2], [123.04, 1547.99], [123.03, 2828.29], [123.02, 997.47], [123.01, 1021.36], [123.0, 1176.22], [122.99, 2678.54], [122.98, 1846.86], [122.97, 732.39], [122.96, 1232.22], [122.95, 894.78], [122.94, 498.48], [122.93, 1079.12], [122.92, 2357.41]], "asks": [[123.12, 270.84], [123.13, 1166.86], [123.14, 994.52], [123.15, 1566.84], [123.16, 2291.58], [123.17, 2719.7], [123.18, 1388.93], [123.19, 1294.93], [123.2, 1685.87], [123.21, 1371.7], [123.22, 1814.0], [123.23, 1298.58], [123.24, 1241.37], [123.25, 3126.33], [123.26, 2367.61], [123.27, 817.47], [123.28, 994.97], [123.29, 577.78], [123.3, 1616.81], [123.31, 1514.19]], "timestamp": "2025-12-18T01:13:09.313858+00:00"}, {"symbol": "SOLUSDT", "bids": [[123.2, 282.82], [123.19, 315.32], [123.18, 459.62], [123.17, 1635.66], [123.16, 1558.16], [123.15, 1382.23], [123.14, 1329.52], [123.13, 3585.85], [123.12, 1350.09], [123.11, 1082.84], [123.1, 975.32], [123.09, 1507.99], [123.08, 2169.67], [123.07, 1410.9], [123.06, 2230.6], [123.05, 958.51], [123.04, 1304.44], [123.03, 2248.79], [123.02, 1000.34], [123.01, 1048.39]], "asks": [[123.21, 764.15], [123.22, 640.66], [123.23, 1322.86], [123.24, 969.37], [123.25, 1253.53], [123.26, 1241.64], [123.27, 2264.2], [123.28, 1163.01], [123.29, 1037.8], [123.3, 2252.61], [123.31, 840.97], [123.32, 1745.85], [123.33, 2286.34], [123.34, 507.73], [123.35, 940.16], [123.36, 1912.46], [123.37, 1880.21], [123.38, 575.7], [123.39, 564.19], [123.4, 1253.37]], "timestamp": "2025-12-18T01:14:03.075137+00:00"}, {"symbol": "SOLUSDT", "bids": [[123.17, 604.95], [123.16, 733.09], [123.15, 989.97], [123.14, 798.31], [123.13, 2122.36], [123.12, 1883.01], [123.11, 2157.39], [123.1, 1274.9], [123.09, 1294.89], [123.08, 3628.56], [123.07, 946.17], [123.06, 969.77], [123.05, 2311.85], [123.04, 1027.46], [123.03, 1135.7], [123.02, 715.46], [123.01, 1495.71], [123.0, 1643.05], [122.99, 897.04], [122.98, 1037.0]], "asks": [[123.18, 1145.45], [123.19, 391.67], [123.2, 1007.23], [123.21, 1314.13], [123.22, 1204.13], [123.23, 1332.5], [123.24, 1674.36], [123.25, 798.49], [123.26, 879.55], [123.27, 1410.56], [123.28, 1441.17], [123.29, 3396.95], [123.3, 2050.92], [123.31, 545.27], [123.32, 1088.19], [123.33, 1051.63], [123.34, 2456.04], [123.35, 429.74], [123.36, 929.84], [123.37, 780.09]], "timestamp": "2025-12-18T01:14:56.425704+00:00"}, {"symbol": "SOLUSDT", "bids": [[123.28, 366.15], [123.27, 511.43], [123.26, 1059.08], [123.25, 979.17], [123.24, 1397.61], [123.23, 2160.65], [123.22, 1427.0], [123.21, 829.23], [123.2, 3124.44], [123.19, 1338.58], [123.18, 989.81], [123.17, 1036.29], [123.16, 1365.04], [123.15, 2407.26], [123.14, 2676.98], [123.13, 1297.87], [123.12, 772.39], [123.11, 1238.92], [123.1, 2970.72], [123.09, 628.5]], "asks": [[123.29, 547.24], [123.3, 1527.85], [123.31, 1274.24], [123.32, 1174.97], [123.33, 1146.35], [123.34, 881.5], [123.35, 1035.61], [123.36, 1414.75], [123.37, 1146.39], [123.38, 915.02], [123.39, 1239.08], [123.4, 2345.12], [123.41, 4479.79], [123.42, 784.42], [123.43, 1453.38], [123.44, 804.95], [123.45, 617.56], [123.46, 780.29], [123.47, 439.82], [123.48, 756.26]], "timestamp": "2025-12-18T01:15:50.596216+00:00"}, {"symbol": "SOLUSDT", "bids": [[123.15, 772.1], [123.14, 685.58], [123.13, 931.5], [123.12, 805.52], [123.11, 2080.37], [123.1, 1338.18], [123.09, 877.2], [123.08, 1660.42], [123.07, 2695.4], [123.06, 566.2], [123.05, 1210.11], [123.04, 2123.37], [123.03, 1167.75], [123.02, 879.78], [123.01, 2795.39], [123.0, 1789.92], [122.99, 1250.87], [122.98, 2552.46], [122.97, 1425.81], [122.96, 1043.61]], "asks": [[123.16, 623.68], [123.17, 292.75], [123.18, 548.0], [123.19, 1329.4], [123.2, 745.03], [123.21, 1334.96], [123.22, 1962.37], [123.23, 1177.22], [123.24, 844.22], [123.25, 1026.2], [123.26, 1159.48], [123.27, 2016.84], [123.28, 2822.75], [123.29, 1096.05], [123.3, 1467.82], [123.31, 1087.04], [123.32, 1714.25], [123.33, 613.96], [123.34, 556.77], [123.35, 796.14]], "timestamp": "2025-12-18T01:16:44.165392+00:00"}, {"symbol": "SOLUSDT", "bids": [[123.14, 347.09], [123.13, 609.42], [123.12, 1158.6], [123.11, 1004.49], [123.1, 1413.43], [123.09, 860.83], [123.08, 1258.72], [123.07, 1653.45], [123.06, 2398.79], [123.05, 1173.69], [123.04, 2734.42], [123.03, 616.25], [123.02, 979.41], [123.01, 2407.23], [123.0, 2732.45], [122.99, 1002.9], [122.98, 700.23], [122.97, 1340.27], [122.96, 1947.96], [122.95, 881.82]], "asks": [[123.15, 457.94], [123.16, 349.37], [123.17, 751.74], [123.18, 1313.37], [123.19, 2444.38], [123.2, 1657.62], [123.21, 1406.55], [123.22, 2511.15], [123.23, 1456.59], [123.24, 1264.83], [123.25, 909.02], [123.26, 1469.33], [123.27, 2326.68], [123.28, 1449.01], [123.29, 1232.28], [123.3, 1575.21], [123.31, 1011.84], [123.32, 2235.96], [123.33, 1137.19], [123.34, 526.42]], "timestamp": "2025-12-18T01:17:37.707912+00:00"}, {"symbol": "SOLUSDT", "bids": [[122.93, 307.21], [122.92, 173.16], [122.91, 825.07], [122.9, 831.23], [122.89, 1296.61], [122.88, 1239.48], [122.87, 1093.73], [122.86, 1783.07], [122.85, 1592.55], [122.84, 3385.07], [122.83, 1386.53], [122.82, 1442.81], [122.81, 2199.73], [122.8, 10416.58], [122.79, 2315.25], [122.78, 2364.69], [122.77, 793.6], [122.76, 879.1], [122.75, 757.61], [122.74, 1771.74]], "asks": [[122.94, 670.02], [122.95, 951.45], [122.96, 942.15], [122.97, 1111.95], [122.98, 1257.29], [122.99, 1121.91], [123.0, 909.08], [123.01, 1351.8], [123.02, 851.61], [123.03, 1073.25], [123.04, 3019.11], [123.05, 892.81], [123.06, 586.8], [123.07, 661.37], [123.08, 1134.57], [123.09, 744.71], [123.1, 1977.12], [123.11, 755.23], [123.12, 1299.22], [123.13, 696.37]], "timestamp": "2025-12-18T01:18:30.956602+00:00"}, {"symbol": "SOLUSDT", "bids": [[123.24, 339.61], [123.23, 485.83], [123.22, 1071.37], [123.21, 1778.59], [123.2, 1651.78], [123.19, 1168.23], [123.18, 1049.57], [123.17, 1567.45], [123.16, 2898.44], [123.15, 778.54], [123.14, 1148.14], [123.13, 2172.85], [123.12, 2264.22], [123.11, 651.84], [123.1, 1443.27], [123.09, 2764.79], [123.08, 1069.74], [123.07, 1400.64], [123.06, 1008.29], [123.05, 1408.41]], "asks": [[123.25, 395.83], [123.26, 719.4], [123.27, 938.55], [123.28, 1115.09], [123.29, 2027.23], [123.3, 1698.0], [123.31, 1043.08], [123.32, 1562.05], [123.33, 1254.03], [123.34, 1106.73], [123.35, 1059.17], [123.36, 3014.96], [123.37, 2040.08], [123.38, 542.11], [123.39, 724.74], [123.4, 1145.43], [123.41, 988.26], [123.42, 1979.01], [123.43, 942.32], [123.44, 1345.07]], "timestamp": "2025-12-18T01:19:25.438633+00:00"}, {"symbol": "SOLUSDT", "bids": [[123.36, 497.59], [123.35, 388.65], [123.34, 916.17], [123.33, 1212.62], [123.32, 1603.0], [123.31, 1878.34], [123.3, 1470.99], [123.29, 2445.92], [123.28, 1328.07], [123.27, 920.67], [123.26, 804.45], [123.25, 2353.34], [123.24, 689.15], [123.23, 788.76], [123.22, 1228.83], [123.21, 1740.75], [123.2, 4684.23], [123.19, 678.9], [123.18, 729.16], [123.17, 1068.89]], "asks": [[123.37, 294.44], [123.38, 1829.9], [123.39, 1927.38], [123.4, 854.54], [123.41, 1355.06], [123.42, 1164.96], [123.43, 1589.49], [123.44, 1097.16], [123.45, 1519.3], [123.46, 1500.91], [123.47, 925.43], [123.48, 1138.57], [123.49, 3876.53], [123.5, 1666.69], [123.51, 573.73], [123.52, 789.64], [123.53, 1561.66], [123.54, 1957.11], [123.55, 717.37], [123.56, 477.99]], "timestamp": "2025-12-18T01:20:19.053908+00:00"}, {"symbol": "SOLUSDT", "bids": [[123.51, 300.96], [123.5, 563.91], [123.49, 729.19], [123.48, 701.93], [123.47, 1486.16], [123.46, 1742.46], [123.45, 1840.07], [123.44, 1632.67], [123.43, 2941.09], [123.42, 1403.17], [123.41, 791.29], [123.4, 1379.65], [123.39, 2705.98], [123.38, 962.38], [123.37, 1742.84], [123.36, 1188.18], [123.35, 1092.42], [123.34, 1145.52], [123.33, 2627.28], [123.32, 1124.9]], "asks": [[123.52, 657.15], [123.53, 1238.46], [123.54, 1151.28], [123.55, 1049.58], [123.56, 1170.26], [123.57, 1284.83], [123.58, 2316.54], [123.59, 1629.43], [123.6, 1792.61], [123.61, 707.9], [123.62, 792.03], [123.63, 1597.89], [123.64, 3104.77], [123.65, 1077.67], [123.66, 2168.52], [123.67, 451.69], [123.68, 1199.59], [123.69, 1407.69], [123.7, 1581.4], [123.71, 2037.67]], "timestamp": "2025-12-18T01:21:13.705606+00:00"}, {"symbol": "SOLUSDT", "bids": [[123.56, 325.55], [123.55, 871.16], [123.54, 1496.67], [123.53, 827.06], [123.52, 1309.51], [123.51, 1487.96], [123.5, 1336.59], [123.49, 2901.08], [123.48, 1160.35], [123.47, 796.85], [123.46, 993.09], [123.45, 2260.66], [123.44, 729.44], [123.43, 1061.07], [123.42, 1071.23], [123.41, 1982.91], [123.4, 1503.45], [123.39, 2507.77], [123.38, 825.21], [123.37, 936.05]], "asks": [[123.57, 200.55], [123.58, 494.0], [123.59, 1319.15], [123.6, 1402.41], [123.61, 1569.06], [123.62, 2151.07], [123.63, 1337.33], [123.64, 1343.94], [123.65, 2166.76], [123.66, 2161.89], [123.67, 851.66], [123.68, 1404.23], [123.69, 1542.3], [123.7, 4048.0], [123.71, 2156.05], [123.72, 1774.65], [123.73, 1497.58], [123.74, 689.74], [123.75, 1728.41], [123.76, 1117.62]], "timestamp": "2025-12-18T01:22:07.842791+00:00"}, {"symbol": "SOLUSDT", "bids": [[123.69, 290.33], [123.68, 351.04], [123.67, 1423.53], [123.66, 1030.68], [123.65, 1599.01], [123.64, 2533.52], [123.63, 1713.52], [123.62, 2961.83], [123.61, 1309.25], [123.6, 1096.69], [123.59, 980.49], [123.58, 1212.62], [123.57, 2293.67], [123.56, 783.01], [123.55, 925.44], [123.54, 1346.72], [123.53, 2350.57], [123.52, 1200.2], [123.51, 2759.8], [123.5, 1577.41]], "asks": [[123.7, 1369.18], [123.71, 918.54], [123.72, 1263.47], [123.73, 2138.1], [123.74, 1975.12], [123.75, 1123.77], [123.76, 1306.77], [123.77, 2075.77], [123.78, 1457.37], [123.79, 2756.36], [123.8, 2368.93], [123.81, 2017.2], [123.82, 1748.98], [123.83, 845.13], [123.84, 815.66], [123.85, 2230.91], [123.86, 2581.41], [123.87, 2780.79], [123.88, 1513.04], [123.89, 1129.28]], "timestamp": "2025-12-18T01:23:01.437744+00:00"}, {"symbol": "SOLUSDT", "bids": [[123.65, 951.52], [123.64, 856.36], [123.63, 1452.6], [123.62, 885.72], [123.61, 1594.82], [123.6, 1985.44], [123.59, 1411.41], [123.58, 3243.51], [123.57, 1209.36], [123.56, 1039.76], [123.55, 767.19], [123.54, 1168.36], [123.53, 743.13], [123.52, 2321.14], [123.51, 1252.69], [123.5, 1588.27], [123.49, 743.02], [123.48, 994.44], [123.47, 1162.23], [123.46, 3860.78]], "asks": [[123.66, 483.25], [123.67, 476.44], [123.68, 1399.11], [123.69, 1177.76], [123.7, 1514.14], [123.71, 1748.67], [123.72, 1797.41], [123.73, 2068.68], [123.74, 1163.39], [123.75, 1914.55], [123.76, 1276.91], [123.77, 1345.18], [123.78, 1450.16], [123.79, 3114.46], [123.8, 2287.1], [123.81, 3212.81], [123.82, 1617.94], [123.83, 1035.32], [123.84, 728.17], [123.85, 1743.39]], "timestamp": "2025-12-18T01:23:55.874564+00:00"}, {"symbol": "SOLUSDT", "bids": [[123.53, 266.61], [123.52, 1179.28], [123.51, 1259.65], [123.5, 1686.94], [123.49, 1213.8], [123.48, 1677.73], [123.47, 2580.19], [123.46, 1003.08], [123.45, 1517.66], [123.44, 2647.9], [123.43, 1071.57], [123.42, 2308.32], [123.41, 501.4], [123.4, 859.14], [123.39, 1356.01], [123.38, 884.71], [123.37, 2201.98], [123.36, 2470.98], [123.35, 600.0], [123.34, 646.9]], "asks": [[123.54, 504.0], [123.55, 1009.54], [123.56, 1156.62], [123.57, 1282.03], [123.58, 2384.79], [123.59, 1599.25], [123.6, 2019.41], [123.61, 1972.96], [123.62, 1015.5], [123.63, 1374.19], [123.64, 1363.57], [123.65, 1069.08], [123.66, 1672.24], [123.67, 3498.1], [123.68, 844.26], [123.69, 1251.88], [123.7, 2024.2], [123.71, 489.08], [123.72, 1156.46], [123.73, 1773.13]], "timestamp": "2025-12-18T01:24:49.839257+00:00"}, {"symbol": "SOLUSDT", "bids": [[123.5, 489.62], [123.49, 195.36], [123.48, 880.99], [123.47, 813.71], [123.46, 1390.25], [123.45, 1737.7], [123.44, 1549.12], [123.43, 1340.48], [123.42, 2879.06], [123.41, 783.02], [123.4, 892.77], [123.39, 1459.24], [123.38, 2273.84], [123.37, 1225.22], [123.36, 2472.43], [123.35, 2391.75], [123.34, 403.15], [123.33, 733.87], [123.32, 1025.98], [123.31, 1195.91]], "asks": [[123.51, 1035.3], [123.52, 1065.75], [123.53, 1409.95], [123.54, 1542.08], [123.55, 1722.31], [123.56, 1065.13], [123.57, 1490.22], [123.58, 1736.98], [123.59, 2375.12], [123.6, 1791.97], [123.61, 1376.7], [123.62, 3201.54], [123.63, 1150.22], [123.64, 1233.44], [123.65, 815.31], [123.66, 1059.36], [123.67, 869.03], [123.68, 1903.62], [123.69, 934.37], [123.7, 1480.26]], "timestamp": "2025-12-18T01:25:43.701163+00:00"}, {"symbol": "SOLUSDT", "bids": [[123.4, 1185.37], [123.39, 1445.08], [123.38, 1107.18], [123.37, 889.75], [123.36, 1316.17], [123.35, 1318.13], [123.34, 1143.26], [123.33, 1171.49], [123.32, 3079.32], [123.31, 820.42], [123.3, 795.16], [123.29, 950.31], [123.28, 1241.71], [123.27, 3527.06], [123.26, 860.38], [123.25, 601.69], [123.24, 1151.7], [123.23, 1557.44], [123.22, 2397.04], [123.21, 844.71]], "asks": [[123.41, 832.99], [123.42, 215.33], [123.43, 773.52], [123.44, 671.12], [123.45, 1379.65], [123.46, 1818.06], [123.47, 1608.39], [123.48, 1874.81], [123.49, 1134.61], [123.5, 2073.34], [123.51, 1908.65], [123.52, 2322.56], [123.53, 791.04], [123.54, 1199.05], [123.55, 428.42], [123.56, 629.15], [123.57, 1156.63], [123.58, 1586.33], [123.59, 996.0], [123.6, 1949.55]], "timestamp": "2025-12-18T01:26:37.666405+00:00"}, {"symbol": "SOLUSDT", "bids": [[123.44, 648.21], [123.43, 314.75], [123.42, 953.94], [123.41, 1304.25], [123.4, 1644.14], [123.39, 1151.52], [123.38, 1858.55], [123.37, 2654.55], [123.36, 953.23], [123.35, 1290.26], [123.34, 1286.58], [123.33, 973.34], [123.32, 1469.01], [123.31, 836.78], [123.3, 1902.82], [123.29, 2679.42], [123.28, 634.1], [123.27, 859.11], [123.26, 2326.46], [123.25, 688.79]], "asks": [[123.45, 461.09], [123.46, 1321.74], [123.47, 1167.47], [123.48, 1062.23], [123.49, 1246.65], [123.5, 1433.87], [123.51, 1863.84], [123.52, 1091.7], [123.53, 1573.21], [123.54, 1254.99], [123.55, 1456.69], [123.56, 985.47], [123.57, 3216.48], [123.58, 1869.72], [123.59, 824.98], [123.6, 2587.73], [123.61, 724.55], [123.62, 486.48], [123.63, 1036.07], [123.64, 1837.83]], "timestamp": "2025-12-18T01:27:31.015777+00:00"}, {"symbol": "SOLUSDT", "bids": [[123.49, 369.56], [123.48, 208.26], [123.47, 1009.49], [123.46, 844.74], [123.45, 1792.16], [123.44, 1800.66], [123.43, 979.17], [123.42, 1297.92], [123.41, 3317.81], [123.4, 1069.82], [123.39, 995.49], [123.38, 1027.19], [123.37, 1012.89], [123.36, 2508.56], [123.35, 1436.97], [123.34, 2495.02], [123.33, 661.7], [123.32, 1086.81], [123.31, 899.52], [123.3, 3611.73]], "asks": [[123.5, 1170.33], [123.51, 816.49], [123.52, 1789.38], [123.53, 688.42], [123.54, 1503.29], [123.55, 1313.35], [123.56, 2058.4], [123.57, 1354.79], [123.58, 1356.86], [123.59, 1734.28], [123.6, 2430.55], [123.61, 1375.26], [123.62, 3238.7], [123.63, 887.36], [123.64, 1073.36], [123.65, 2123.54], [123.66, 1490.53], [123.67, 479.25], [123.68, 771.77], [123.69, 1775.67]], "timestamp": "2025-12-18T01:28:25.108384+00:00"}, {"symbol": "SOLUSDT", "bids": [[123.46, 302.66], [123.45, 703.08], [123.44, 1265.79], [123.43, 959.05], [123.42, 1377.01], [123.41, 1828.95], [123.4, 1176.79], [123.39, 961.49], [123.38, 3084.12], [123.37, 1249.76], [123.36, 1230.16], [123.35, 1227.95], [123.34, 1864.85], [123.33, 1179.75], [123.32, 2799.12], [123.31, 939.67], [123.3, 3630.06], [123.29, 867.06], [123.28, 821.46], [123.27, 794.76]], "asks": [[123.47, 449.84], [123.48, 1005.45], [123.49, 1252.21], [123.5, 961.13], [123.51, 2019.9], [123.52, 2414.65], [123.53, 1084.61], [123.54, 1303.29], [123.55, 1567.12], [123.56, 1455.16], [123.57, 2084.14], [123.58, 1314.97], [123.59, 2819.38], [123.6, 1871.6], [123.61, 920.62], [123.62, 1572.37], [123.63, 1956.39], [123.64, 731.17], [123.65, 947.19], [123.66, 787.61]], "timestamp": "2025-12-18T01:29:19.867220+00:00"}, {"symbol": "SOLUSDT", "bids": [[123.39, 551.32], [123.38, 615.05], [123.37, 1035.99], [123.36, 1218.91], [123.35, 1832.2], [123.34, 1372.46], [123.33, 1102.03], [123.32, 1480.8], [123.31, 3543.28], [123.3, 2030.51], [123.29, 1051.28], [123.28, 888.06], [123.27, 1224.6], [123.26, 2114.17], [123.25, 1151.58], [123.24, 824.93], [123.23, 1613.26], [123.22, 2600.44], [123.21, 2201.72], [123.2, 1007.23]], "asks": [[123.4, 534.26], [123.41, 1366.74], [123.42, 1343.79], [123.43, 824.03], [123.44, 1663.11], [123.45, 1301.91], [123.46, 1441.05], [123.47, 1078.69], [123.48, 936.84], [123.49, 1094.07], [123.5, 1744.9], [123.51, 2950.27], [123.52, 969.55], [123.53, 762.71], [123.54, 1531.19], [123.55, 560.19], [123.56, 787.6], [123.57, 2170.25], [123.58, 851.61], [123.59, 763.87]], "timestamp": "2025-12-18T01:30:13.834916+00:00"}, {"symbol": "SOLUSDT", "bids": [[123.43, 998.93], [123.42, 862.47], [123.41, 967.29], [123.4, 1034.82], [123.39, 1438.75], [123.38, 1554.42], [123.37, 1908.2], [123.36, 3306.75], [123.35, 1574.88], [123.34, 1281.7], [123.33, 1303.85], [123.32, 1225.47], [123.31, 1747.87], [123.3, 2870.15], [123.29, 1261.02], [123.28, 943.66], [123.27, 2330.24], [123.26, 945.62], [123.25, 2766.95], [123.24, 714.27]], "asks": [[123.44, 487.42], [123.45, 453.17], [123.46, 575.24], [123.47, 1696.8], [123.48, 1685.1], [123.49, 1647.69], [123.5, 1324.15], [123.51, 1626.26], [123.52, 1043.23], [123.53, 822.17], [123.54, 1351.78], [123.55, 1569.38], [123.56, 2587.29], [123.57, 1055.29], [123.58, 1000.89], [123.59, 1413.87], [123.6, 2624.96], [123.61, 723.65], [123.62, 502.17], [123.63, 1025.9]], "timestamp": "2025-12-18T01:31:08.206328+00:00"}, {"symbol": "SOLUSDT", "bids": [[123.42, 760.98], [123.41, 958.71], [123.4, 834.22], [123.39, 1540.17], [123.38, 1846.17], [123.37, 1255.14], [123.36, 1096.13], [123.35, 1404.73], [123.34, 2754.16], [123.33, 927.88], [123.32, 1149.98], [123.31, 1296.15], [123.3, 1953.67], [123.29, 1614.67], [123.28, 2348.2], [123.27, 2588.91], [123.26, 1045.72], [123.25, 1256.35], [123.24, 2513.63], [123.23, 636.29]], "asks": [[123.43, 288.13], [123.44, 1246.61], [123.45, 1261.93], [123.46, 901.75], [123.47, 1224.87], [123.48, 2897.35], [123.49, 861.31], [123.5, 1084.92], [123.51, 1395.24], [123.52, 730.28], [123.53, 1190.8], [123.54, 3559.01], [123.55, 606.19], [123.56, 795.77], [123.57, 1192.74], [123.58, 1607.21], [123.59, 902.51], [123.6, 2328.51], [123.61, 1634.45], [123.62, 864.81]], "timestamp": "2025-12-18T01:32:01.966240+00:00"}, {"symbol": "SOLUSDT", "bids": [[123.45, 595.89], [123.44, 937.73], [123.43, 1207.34], [123.42, 1369.27], [123.41, 1411.35], [123.4, 1030.0], [123.39, 994.43], [123.38, 1455.33], [123.37, 2688.59], [123.36, 1107.41], [123.35, 888.89], [123.34, 1210.64], [123.33, 1776.89], [123.32, 1269.97], [123.31, 2351.51], [123.3, 1967.47], [123.29, 1164.5], [123.28, 1318.53], [123.27, 2437.34], [123.26, 1545.57]], "asks": [[123.46, 578.2], [123.47, 1110.72], [123.48, 1101.43], [123.49, 1735.79], [123.5, 1040.78], [123.51, 1138.45], [123.52, 825.22], [123.53, 1023.22], [123.54, 1152.68], [123.55, 941.07], [123.56, 1462.58], [123.57, 1568.87], [123.58, 3316.27], [123.59, 889.8], [123.6, 1303.9], [123.61, 1309.12], [123.62, 2504.49], [123.63, 773.67], [123.64, 701.97], [123.65, 736.83]], "timestamp": "2025-12-18T01:32:56.003657+00:00"}, {"symbol": "SOLUSDT", "bids": [[123.4, 2068.18], [123.39, 794.49], [123.38, 981.31], [123.37, 804.78], [123.36, 1069.88], [123.35, 1171.43], [123.34, 1109.59], [123.33, 1448.1], [123.32, 1197.41], [123.31, 3195.95], [123.3, 2504.77], [123.29, 1316.77], [123.28, 931.9], [123.27, 1356.9], [123.26, 1337.21], [123.25, 3586.43], [123.24, 925.95], [123.23, 700.74], [123.22, 736.23], [123.21, 629.51]], "asks": [[123.41, 181.76], [123.42, 359.79], [123.43, 963.49], [123.44, 1608.05], [123.45, 995.05], [123.46, 912.42], [123.47, 710.66], [123.48, 1310.27], [123.49, 1788.57], [123.5, 564.89], [123.51, 1007.73], [123.52, 2696.05], [123.53, 1900.55], [123.54, 1814.71], [123.55, 671.86], [123.56, 560.62], [123.57, 964.29], [123.58, 804.94], [123.59, 994.99], [123.6, 1289.22]], "timestamp": "2025-12-18T01:33:49.347795+00:00"}, {"symbol": "SOLUSDT", "bids": [[123.36, 387.21], [123.35, 401.7], [123.34, 818.78], [123.33, 1065.42], [123.32, 1605.82], [123.31, 1200.88], [123.3, 2762.2], [123.29, 2966.87], [123.28, 1201.68], [123.27, 1162.49], [123.26, 1237.93], [123.25, 1863.92], [123.24, 1100.71], [123.23, 2690.0], [123.22, 966.87], [123.21, 2162.26], [123.2, 1155.3], [123.19, 818.64], [123.18, 539.49], [123.17, 925.68]], "asks": [[123.37, 568.69], [123.38, 1584.77], [123.39, 715.96], [123.4, 1303.25], [123.41, 1604.15], [123.42, 1694.33], [123.43, 2861.0], [123.44, 1741.92], [123.45, 952.27], [123.46, 855.06], [123.47, 896.39], [123.48, 1611.95], [123.49, 2754.01], [123.5, 1509.61], [123.51, 994.92], [123.52, 566.5], [123.53, 889.12], [123.54, 2311.32], [123.55, 1259.6], [123.56, 847.28]], "timestamp": "2025-12-18T01:34:43.042693+00:00"}, {"symbol": "SOLUSDT", "bids": [[123.25, 157.21], [123.24, 75.18], [123.23, 956.07], [123.22, 985.32], [123.21, 1912.68], [123.2, 2376.63], [123.19, 1404.46], [123.18, 1365.84], [123.17, 2793.64], [123.16, 1057.67], [123.15, 832.06], [123.14, 1350.02], [123.13, 2901.55], [123.12, 2724.35], [123.11, 2032.05], [123.1, 1317.02], [123.09, 2751.31], [123.08, 811.2], [123.07, 737.99], [123.06, 1047.26]], "asks": [[123.26, 902.91], [123.27, 1103.47], [123.28, 1764.07], [123.29, 1201.17], [123.3, 1017.02], [123.31, 1221.42], [123.32, 1659.37], [123.33, 1017.67], [123.34, 1017.27], [123.35, 1208.02], [123.36, 1318.64], [123.37, 2580.88], [123.38, 1276.64], [123.39, 1257.71], [123.4, 1721.2], [123.41, 677.65], [123.42, 677.79], [123.43, 1836.1], [123.44, 641.53], [123.45, 672.95]], "timestamp": "2025-12-18T01:35:36.802281+00:00"}, {"symbol": "SOLUSDT", "bids": [[123.41, 816.15], [123.4, 797.93], [123.39, 510.12], [123.38, 834.15], [123.37, 1766.34], [123.36, 2076.73], [123.35, 710.05], [123.34, 1084.23], [123.33, 1293.74], [123.32, 3379.24], [123.31, 1242.4], [123.3, 1083.71], [123.29, 677.96], [123.28, 894.21], [123.27, 923.5], [123.26, 2261.21], [123.25, 2504.15], [123.24, 798.28], [123.23, 638.29], [123.22, 906.08]], "asks": [[123.42, 375.61], [123.43, 1123.99], [123.44, 1080.2], [123.45, 1129.07], [123.46, 1784.08], [123.47, 2197.54], [123.48, 1545.87], [123.49, 1979.62], [123.5, 6067.25], [123.51, 905.19], [123.52, 1264.29], [123.53, 2768.16], [123.54, 1246.33], [123.55, 509.78], [123.56, 733.75], [123.57, 1744.89], [123.58, 1874.74], [123.59, 932.91], [123.6, 2776.85], [123.61, 741.1]], "timestamp": "2025-12-18T01:36:30.767866+00:00"}, {"symbol": "SOLUSDT", "bids": [[123.46, 118.1], [123.45, 439.91], [123.44, 696.58], [123.43, 1368.97], [123.42, 1823.8], [123.41, 1518.62], [123.4, 2009.9], [123.39, 2409.59], [123.38, 1165.6], [123.37, 1175.13], [123.36, 904.83], [123.35, 1065.36], [123.34, 2046.98], [123.33, 956.6], [123.32, 1236.03], [123.31, 1154.36], [123.3, 1534.25], [123.29, 3991.36], [123.28, 811.76], [123.27, 726.02]], "asks": [[123.47, 423.81], [123.48, 982.53], [123.49, 2117.34], [123.5, 1385.34], [123.51, 1502.74], [123.52, 1330.18], [123.53, 2043.08], [123.54, 1354.16], [123.55, 572.79], [123.56, 1035.0], [123.57, 1237.1], [123.58, 1410.75], [123.59, 3116.18], [123.6, 1401.81], [123.61, 983.26], [123.62, 1522.31], [123.63, 2043.87], [123.64, 929.6], [123.65, 790.9], [123.66, 467.4]], "timestamp": "2025-12-18T01:37:24.958170+00:00"}, {"symbol": "SOLUSDT", "bids": [[123.39, 1340.09], [123.38, 1269.48], [123.37, 1094.74], [123.36, 1200.72], [123.35, 1106.25], [123.34, 895.07], [123.33, 1466.67], [123.32, 3086.56], [123.31, 1082.97], [123.3, 1341.38], [123.29, 2127.78], [123.28, 1121.33], [123.27, 2002.89], [123.26, 660.64], [123.25, 1115.03], [123.24, 779.9], [123.23, 1068.32], [123.22, 2221.91], [123.21, 893.94], [123.2, 3588.4]], "asks": [[123.4, 276.32], [123.41, 524.97], [123.42, 1763.16], [123.43, 713.3], [123.44, 1923.43], [123.45, 2586.09], [123.46, 1730.56], [123.47, 1456.29], [123.48, 1276.82], [123.49, 1202.62], [123.5, 1649.56], [123.51, 2080.1], [123.52, 3222.91], [123.53, 1160.66], [123.54, 1138.22], [123.55, 458.39], [123.56, 1093.15], [123.57, 642.91], [123.58, 1524.98], [123.59, 783.59]], "timestamp": "2025-12-18T01:38:18.900665+00:00"}, {"symbol": "SOLUSDT", "bids": [[123.33, 36.68], [123.32, 157.44], [123.31, 691.11], [123.3, 1599.63], [123.29, 1435.27], [123.28, 1692.97], [123.27, 1157.21], [123.26, 1240.23], [123.25, 2686.49], [123.24, 935.36], [123.23, 919.87], [123.22, 2539.04], [123.21, 828.7], [123.2, 1707.18], [123.19, 757.14], [123.18, 956.85], [123.17, 2708.96], [123.16, 804.74], [123.15, 1154.71], [123.14, 2086.46]], "asks": [[123.34, 1698.0], [123.35, 2589.32], [123.36, 902.24], [123.37, 1509.68], [123.38, 1686.09], [123.39, 1977.99], [123.4, 1550.15], [123.41, 1610.03], [123.42, 1086.1], [123.43, 1398.0], [123.44, 3747.06], [123.45, 1463.83], [123.46, 902.39], [123.47, 711.88], [123.48, 837.8], [123.49, 1112.92], [123.5, 3111.26], [123.51, 825.94], [123.52, 931.4], [123.53, 2146.97]], "timestamp": "2025-12-18T01:39:12.765469+00:00"}, {"symbol": "SOLUSDT", "bids": [[123.21, 763.81], [123.2, 715.41], [123.19, 1299.24], [123.18, 551.45], [123.17, 1151.51], [123.16, 1272.76], [123.15, 1551.94], [123.14, 3197.46], [123.13, 964.0], [123.12, 1414.08], [123.11, 2334.04], [123.1, 1263.61], [123.09, 1390.28], [123.08, 1870.8], [123.07, 1086.78], [123.06, 826.69], [123.05, 2601.99], [123.04, 2413.72], [123.03, 673.03], [123.02, 732.44]], "asks": [[123.22, 112.55], [123.23, 445.44], [123.24, 1280.41], [123.25, 2152.75], [123.26, 1676.93], [123.27, 1777.4], [123.28, 2550.88], [123.29, 1430.54], [123.3, 1495.25], [123.31, 1458.28], [123.32, 1085.48], [123.33, 1748.56], [123.34, 1530.41], [123.35, 2747.42], [123.36, 1157.77], [123.37, 1630.86], [123.38, 1604.11], [123.39, 562.37], [123.4, 735.87], [123.41, 645.05]], "timestamp": "2025-12-18T01:40:07.037564+00:00"}, {"symbol": "SOLUSDT", "bids": [[123.34, 1735.46], [123.33, 680.94], [123.32, 573.01], [123.31, 1262.79], [123.3, 977.23], [123.29, 1294.12], [123.28, 1400.54], [123.27, 1946.81], [123.26, 3043.45], [123.25, 1192.56], [123.24, 1134.0], [123.23, 811.42], [123.22, 2135.79], [123.21, 1277.13], [123.2, 1220.54], [123.19, 1025.34], [123.18, 812.43], [123.17, 1022.55], [123.16, 4138.3], [123.15, 890.99]], "asks": [[123.35, 130.3], [123.36, 589.38], [123.37, 1743.22], [123.38, 1617.51], [123.39, 1562.32], [123.4, 1572.29], [123.41, 1426.91], [123.42, 736.81], [123.43, 1215.38], [123.44, 1695.06], [123.45, 1031.11], [123.46, 1459.2], [123.47, 3178.21], [123.48, 2807.55], [123.49, 922.24], [123.5, 2068.86], [123.51, 588.91], [123.52, 601.1], [123.53, 818.48], [123.54, 924.34]], "timestamp": "2025-12-18T01:41:01.105580+00:00"}, {"symbol": "SOLUSDT", "bids": [[123.32, 462.7], [123.31, 798.65], [123.3, 1101.94], [123.29, 868.68], [123.28, 1249.65], [123.27, 1242.18], [123.26, 1103.21], [123.25, 2503.26], [123.24, 1253.62], [123.23, 1399.65], [123.22, 1950.9], [123.21, 1151.29], [123.2, 966.87], [123.19, 837.27], [123.18, 2339.27], [123.17, 681.18], [123.16, 1059.87], [123.15, 2402.21], [123.14, 860.9], [123.13, 716.94]], "asks": [[123.33, 529.89], [123.34, 1286.86], [123.35, 2004.2], [123.36, 894.2], [123.37, 2156.56], [123.38, 1917.93], [123.39, 1422.27], [123.4, 2484.91], [123.41, 1288.23], [123.42, 983.58], [123.43, 1338.38], [123.44, 1406.62], [123.45, 3101.09], [123.46, 1110.15], [123.47, 1642.07], [123.48, 754.84], [123.49, 1765.82], [123.5, 2280.14], [123.51, 645.54], [123.52, 835.23]], "timestamp": "2025-12-18T01:41:55.183432+00:00"}, {"symbol": "SOLUSDT", "bids": [[123.39, 517.72], [123.38, 490.44], [123.37, 496.51], [123.36, 937.11], [123.35, 914.22], [123.34, 1742.14], [123.33, 1579.92], [123.32, 2022.7], [123.31, 2822.17], [123.3, 1314.57], [123.29, 761.58], [123.28, 904.94], [123.27, 1122.57], [123.26, 1652.35], [123.25, 786.94], [123.24, 971.9], [123.23, 1273.51], [123.22, 4207.09], [123.21, 1374.46], [123.2, 1219.43]], "asks": [[123.4, 1512.46], [123.41, 1310.52], [123.42, 1167.57], [123.43, 870.73], [123.44, 1814.62], [123.45, 781.72], [123.46, 1192.23], [123.47, 1404.34], [123.48, 1386.37], [123.49, 1448.85], [123.5, 2712.5], [123.51, 3306.39], [123.52, 1855.4], [123.53, 770.13], [123.54, 2599.15], [123.55, 1179.18], [123.56, 635.88], [123.57, 830.91], [123.58, 629.0], [123.59, 404.89]], "timestamp": "2025-12-18T01:42:49.445611+00:00"}, {"symbol": "SOLUSDT", "bids": [[123.4, 271.18], [123.39, 323.57], [123.38, 1184.61], [123.37, 1026.27], [123.36, 1837.05], [123.35, 1087.25], [123.34, 1327.13], [123.33, 1203.14], [123.32, 2800.31], [123.31, 1137.74], [123.3, 1268.63], [123.29, 1730.36], [123.28, 795.71], [123.27, 971.26], [123.26, 776.8], [123.25, 2315.07], [123.24, 1045.4], [123.23, 946.54], [123.22, 2724.86], [123.21, 1181.04]], "asks": [[123.41, 1071.59], [123.42, 1583.9], [123.43, 901.14], [123.44, 1441.24], [123.45, 1411.4], [123.46, 1404.11], [123.47, 1556.29], [123.48, 1650.78], [123.49, 1239.63], [123.5, 2594.76], [123.51, 990.26], [123.52, 1541.3], [123.53, 3307.15], [123.54, 1625.1], [123.55, 571.67], [123.56, 913.55], [123.57, 1029.18], [123.58, 1976.4], [123.59, 1268.34], [123.6, 712.96]], "timestamp": "2025-12-18T01:43:43.206036+00:00"}, {"symbol": "SOLUSDT", "bids": [[123.39, 374.19], [123.38, 938.94], [123.37, 981.29], [123.36, 1280.23], [123.35, 981.1], [123.34, 1204.4], [123.33, 1106.43], [123.32, 1364.49], [123.31, 3135.46], [123.3, 1312.88], [123.29, 1795.49], [123.28, 1005.99], [123.27, 1098.43], [123.26, 676.79], [123.25, 2434.61], [123.24, 848.13], [123.23, 742.69], [123.22, 1280.72], [123.21, 1335.58], [123.2, 1250.44]], "asks": [[123.4, 810.77], [123.41, 1508.28], [123.42, 626.4], [123.43, 1284.29], [123.44, 1807.39], [123.45, 1507.84], [123.46, 1495.55], [123.47, 1416.34], [123.48, 1338.98], [123.49, 1554.91], [123.5, 2782.56], [123.51, 1308.06], [123.52, 3713.61], [123.53, 1253.92], [123.54, 1242.5], [123.55, 576.56], [123.56, 579.32], [123.57, 985.6], [123.58, 2001.77], [123.59, 1251.43]], "timestamp": "2025-12-18T01:44:37.478552+00:00"}, {"symbol": "SOLUSDT", "bids": [[123.53, 676.69], [123.52, 1101.01], [123.51, 1050.03], [123.5, 1035.23], [123.49, 2054.17], [123.48, 1137.52], [123.47, 1609.97], [123.46, 2383.07], [123.45, 832.45], [123.44, 1254.68], [123.43, 1824.72], [123.42, 951.27], [123.41, 1588.89], [123.4, 4876.99], [123.39, 1030.71], [123.38, 2223.66], [123.37, 1247.7], [123.36, 1279.44], [123.35, 660.87], [123.34, 822.41]], "asks": [[123.54, 419.94], [123.55, 331.16], [123.56, 500.05], [123.57, 860.48], [123.58, 1462.8], [123.59, 1079.0], [123.6, 1868.76], [123.61, 2061.85], [123.62, 769.67], [123.63, 1198.42], [123.64, 1492.89], [123.65, 992.75], [123.66, 834.91], [123.67, 750.71], [123.68, 1601.2], [123.69, 864.92], [123.7, 1394.17], [123.71, 2289.52], [123.72, 3092.79], [123.73, 1998.98]], "timestamp": "2025-12-18T01:45:31.034883+00:00"}, {"symbol": "SOLUSDT", "bids": [[123.58, 372.3], [123.57, 592.57], [123.56, 764.02], [123.55, 1320.05], [123.54, 1709.39], [123.53, 2098.59], [123.52, 1210.93], [123.51, 2077.27], [123.5, 1542.12], [123.49, 3290.93], [123.48, 1298.77], [123.47, 2895.1], [123.46, 919.28], [123.45, 1081.94], [123.44, 1193.12], [123.43, 2361.54], [123.42, 425.94], [123.41, 1463.92], [123.4, 4735.84], [123.39, 836.55]], "asks": [[123.59, 634.95], [123.6, 824.11], [123.61, 880.59], [123.62, 666.86], [123.63, 1725.24], [123.64, 1432.55], [123.65, 1321.24], [123.66, 898.3], [123.67, 594.1], [123.68, 1229.58], [123.69, 1051.7], [123.7, 1873.6], [123.71, 2050.05], [123.72, 1347.31], [123.73, 2383.98], [123.74, 993.09], [123.75, 1167.4], [123.76, 762.14], [123.77, 2066.22], [123.78, 1840.87]], "timestamp": "2025-12-18T01:46:25.114695+00:00"}, {"symbol": "SOLUSDT", "bids": [[123.49, 1063.05], [123.48, 354.64], [123.47, 880.26], [123.46, 1087.34], [123.45, 1668.1], [123.44, 1270.92], [123.43, 1554.43], [123.42, 3438.98], [123.41, 1740.6], [123.4, 3585.07], [123.39, 1288.48], [123.38, 1956.89], [123.37, 1223.29], [123.36, 1479.38], [123.35, 718.27], [123.34, 2313.05], [123.33, 912.02], [123.32, 888.19], [123.31, 2128.54], [123.3, 1567.72]], "asks": [[123.5, 434.61], [123.51, 729.16], [123.52, 1101.82], [123.53, 1514.99], [123.54, 2047.81], [123.55, 1543.94], [123.56, 811.39], [123.57, 954.56], [123.58, 1500.52], [123.59, 811.6], [123.6, 1420.55], [123.61, 2163.14], [123.62, 981.94], [123.63, 830.26], [123.64, 2147.74], [123.65, 937.17], [123.66, 1341.09], [123.67, 964.98], [123.68, 3312.12], [123.69, 1006.67]], "timestamp": "2025-12-18T01:47:18.858011+00:00"}, {"symbol": "SOLUSDT", "bids": [[123.54, 1223.09], [123.53, 685.06], [123.52, 438.79], [123.51, 1399.75], [123.5, 2408.38], [123.49, 1781.93], [123.48, 1533.52], [123.47, 3545.41], [123.46, 1196.49], [123.45, 1385.92], [123.44, 2805.64], [123.43, 573.56], [123.42, 600.94], [123.41, 1646.76], [123.4, 3791.39], [123.39, 3214.66], [123.38, 2715.38], [123.37, 981.34], [123.36, 949.34], [123.35, 355.01]], "asks": [[123.55, 613.3], [123.56, 540.24], [123.57, 985.3], [123.58, 1206.59], [123.59, 1162.68], [123.6, 1212.98], [123.61, 1200.94], [123.62, 892.17], [123.63, 1115.46], [123.64, 1304.85], [123.65, 1085.05], [123.66, 1188.99], [123.67, 1220.44], [123.68, 864.57], [123.69, 1010.72], [123.7, 1333.35], [123.71, 2066.03], [123.72, 1536.03], [123.73, 4680.27], [123.74, 751.55]], "timestamp": "2025-12-18T01:48:13.237218+00:00"}