[{"id": "1013620981", "price": 123.2, "amount": 0.11, "side": "sell", "timestamp": 1766028972145}, {"id": "1013620982", "price": 123.2, "amount": 8.11, "side": "sell", "timestamp": 1766028972280}, {"id": "1013620983", "price": 123.21, "amount": 4.55, "side": "buy", "timestamp": 1766028972783}, {"id": "1013620984", "price": 123.21, "amount": 0.26, "side": "buy", "timestamp": 1766028973287}, {"id": "1013620985", "price": 123.21, "amount": 41.55, "side": "buy", "timestamp": 1766028974231}, {"id": "1013620986", "price": 123.22, "amount": 0.11, "side": "buy", "timestamp": 1766028974498}, {"id": "1013620987", "price": 123.21, "amount": 4.06, "side": "sell", "timestamp": 1766028974798}, {"id": "1013620988", "price": 123.22, "amount": 115.4, "side": "buy", "timestamp": 1766028974894}, {"id": "1013620989", "price": 123.22, "amount": 450.04, "side": "sell", "timestamp": 1766028975103}, {"id": "1013620990", "price": 123.23, "amount": 4.85, "side": "buy", "timestamp": 1766028975596}, {"id": "1013620991", "price": 123.23, "amount": 0.56, "side": "buy", "timestamp": 1766028976428}, {"id": "1013620992", "price": 123.23, "amount": 0.09, "side": "buy", "timestamp": 1766028976657}, {"id": "1013620993", "price": 123.22, "amount": 3.0, "side": "sell", "timestamp": 1766028976821}, {"id": "1013620994", "price": 123.23, "amount": 88.25, "side": "buy", "timestamp": 1766028977269}, {"id": "1013620995", "price": 123.23, "amount": 18.74, "side": "buy", "timestamp": 1766028977385}, {"id": "1013620996", "price": 123.23, "amount": 0.11, "side": "sell", "timestamp": 1766028978199}, {"id": "1013620997", "price": 123.24, "amount": 14.68, "side": "buy", "timestamp": 1766028978320}, {"id": "1013620998", "price": 123.23, "amount": 5.3, "side": "sell", "timestamp": 1766028978631}, {"id": "1013620999", "price": 123.24, "amount": 2.5, "side": "buy", "timestamp": 1766028978648}, {"id": "1013621000", "price": 123.23, "amount": 164.26, "side": "sell", "timestamp": 1766028978861}, {"id": "1013621001", "price": 123.23, "amount": 0.16, "side": "buy", "timestamp": 1766028978874}, {"id": "1013621002", "price": 123.22, "amount": 9.63, "side": "sell", "timestamp": 1766028978922}, {"id": "1013621003", "price": 123.21, "amount": 245.39, "side": "sell", "timestamp": 1766028978932}, {"id": "1013621004", "price": 123.2, "amount": 149.46, "side": "sell", "timestamp": 1766028978962}, {"id": "1013621005", "price": 123.2, "amount": 0.08, "side": "buy", "timestamp": 1766028979034}, {"id": "1013621006", "price": 123.19, "amount": 112.31, "side": "sell", "timestamp": 1766028979075}, {"id": "1013621007", "price": 123.19, "amount": 31.43, "side": "buy", "timestamp": 1766028979141}, {"id": "1013621008", "price": 123.19, "amount": 12.34, "side": "buy", "timestamp": 1766028979256}, {"id": "1013621009", "price": 123.18, "amount": 0.05, "side": "sell", "timestamp": 1766028979499}, {"id": "1013621010", "price": 123.19, "amount": 47.33, "side": "buy", "timestamp": 1766028979918}, {"id": "1013621011", "price": 123.19, "amount": 0.75, "side": "buy", "timestamp": 1766028980183}, {"id": "1013621012", "price": 123.18, "amount": 215.36, "side": "sell", "timestamp": 1766028980318}, {"id": "1013621013", "price": 123.18, "amount": 0.16, "side": "buy", "timestamp": 1766028980320}, {"id": "1013621014", "price": 123.18, "amount": 1.38, "side": "buy", "timestamp": 1766028980516}, {"id": "1013621015", "price": 123.18, "amount": 0.06, "side": "buy", "timestamp": 1766028980654}, {"id": "1013621016", "price": 123.18, "amount": 2.78, "side": "buy", "timestamp": 1766028980860}, {"id": "1013621017", "price": 123.18, "amount": 949.66, "side": "buy", "timestamp": 1766028981008}, {"id": "1013621018", "price": 123.19, "amount": 1225.54, "side": "buy", "timestamp": 1766028981008}, {"id": "1013621019", "price": 123.2, "amount": 2.53, "side": "buy", "timestamp": 1766028981161}, {"id": "1013621020", "price": 123.19, "amount": 0.11, "side": "sell", "timestamp": 1766028981185}, {"id": "1013621021", "price": 123.19, "amount": 0.81, "side": "sell", "timestamp": 1766028981963}, {"id": "1013621022", "price": 123.2, "amount": 3.79, "side": "buy", "timestamp": 1766028982228}, {"id": "1013621023", "price": 123.19, "amount": 100.72, "side": "sell", "timestamp": 1766028982833}, {"id": "1013621024", "price": 123.2, "amount": 0.07, "side": "buy", "timestamp": 1766028982943}, {"id": "1013621025", "price": 123.2, "amount": 1.95, "side": "buy", "timestamp": 1766028983065}, {"id": "1013621026", "price": 123.2, "amount": 0.04, "side": "buy", "timestamp": 1766028983374}, {"id": "1013621027", "price": 123.2, "amount": 100.0, "side": "buy", "timestamp": 1766028983579}, {"id": "1013621028", "price": 123.2, "amount": 12.68, "side": "buy", "timestamp": 1766028983862}, {"id": "1013621029", "price": 123.19, "amount": 0.11, "side": "sell", "timestamp": 1766028984041}, {"id": "1013621030", "price": 123.19, "amount": 0.28, "side": "sell", "timestamp": 1766028984252}, {"id": "1013621213", "price": 123.22, "amount": 143.09, "side": "sell", "timestamp": 1766029024168}, {"id": "1013621214", "price": 123.22, "amount": 0.11, "side": "buy", "timestamp": 1766029024608}, {"id": "1013621215", "price": 123.22, "amount": 12.07, "side": "buy", "timestamp": 1766029024881}, {"id": "1013621216", "price": 123.22, "amount": 42.84, "side": "buy", "timestamp": 1766029025075}, {"id": "1013621217", "price": 123.22, "amount": 0.04, "side": "buy", "timestamp": 1766029025184}, {"id": "1013621218", "price": 123.21, "amount": 0.25, "side": "sell", "timestamp": 1766029025359}, {"id": "1013621219", "price": 123.21, "amount": 4.04, "side": "sell", "timestamp": 1766029025911}, {"id": "1013621220", "price": 123.21, "amount": 0.11, "side": "sell", "timestamp": 1766029026108}, {"id": "1013621221", "price": 123.22, "amount": 60.68, "side": "buy", "timestamp": 1766029026154}, {"id": "1013621222", "price": 123.22, "amount": 4.05, "side": "buy", "timestamp": 1766029026492}, {"id": "1013621223", "price": 123.22, "amount": 8.11, "side": "buy", "timestamp": 1766029026811}, {"id": "1013621224", "price": 123.21, "amount": 9.73, "side": "sell", "timestamp": 1766029027337}, {"id": "1013621225", "price": 123.22, "amount": 0.18, "side": "buy", "timestamp": 1766029027477}, {"id": "1013621226", "price": 123.21, "amount": 3.32, "side": "sell", "timestamp": 1766029027606}, {"id": "1013621227", "price": 123.22, "amount": 2.78, "side": "buy", "timestamp": 1766029027617}, {"id": "1013621228", "price": 123.22, "amount": 0.04, "side": "buy", "timestamp": 1766029028256}, {"id": "1013621229", "price": 123.21, "amount": 16.16, "side": "sell", "timestamp": 1766029028536}, {"id": "1013621230", "price": 123.22, "amount": 0.06, "side": "buy", "timestamp": 1766029028998}, {"id": "1013621231", "price": 123.21, "amount": 9.63, "side": "sell", "timestamp": 1766029029080}, {"id": "1013621232", "price": 123.22, "amount": 153.76, "side": "buy", "timestamp": 1766029029741}, {"id": "1013621233", "price": 123.23, "amount": 1.15, "side": "buy", "timestamp": 1766029029795}, {"id": "1013621234", "price": 123.22, "amount": 3.8, "side": "sell", "timestamp": 1766029030340}, {"id": "1013621235", "price": 123.23, "amount": 1.11, "side": "buy", "timestamp": 1766029030625}, {"id": "1013621236", "price": 123.23, "amount": 68.76, "side": "buy", "timestamp": 1766029030762}, {"id": "1013621237", "price": 123.23, "amount": 0.36, "side": "buy", "timestamp": 1766029031606}, {"id": "1013621238", "price": 123.22, "amount": 0.11, "side": "sell", "timestamp": 1766029032157}, {"id": "1013621239", "price": 123.23, "amount": 0.32, "side": "buy", "timestamp": 1766029032438}, {"id": "1013621240", "price": 123.23, "amount": 0.21, "side": "buy", "timestamp": 1766029032565}, {"id": "1013621241", "price": 123.23, "amount": 17.61, "side": "buy", "timestamp": 1766029032706}, {"id": "1013621242", "price": 123.23, "amount": 7.28, "side": "buy", "timestamp": 1766029032826}, {"id": "1013621243", "price": 123.22, "amount": 8.17, "side": "sell", "timestamp": 1766029033015}, {"id": "1013621244", "price": 123.23, "amount": 0.55, "side": "buy", "timestamp": 1766029033458}, {"id": "1013621245", "price": 123.23, "amount": 0.08, "side": "buy", "timestamp": 1766029033603}, {"id": "1013621246", "price": 123.22, "amount": 4.58, "side": "sell", "timestamp": 1766029033619}, {"id": "1013621247", "price": 123.23, "amount": 2.38, "side": "buy", "timestamp": 1766029033869}, {"id": "1013621248", "price": 123.23, "amount": 0.03, "side": "buy", "timestamp": 1766029034531}, {"id": "1013621249", "price": 123.22, "amount": 0.06, "side": "sell", "timestamp": 1766029034608}, {"id": "1013621250", "price": 123.23, "amount": 12.07, "side": "buy", "timestamp": 1766029034688}, {"id": "1013621251", "price": 123.23, "amount": 0.14, "side": "buy", "timestamp": 1766029034855}, {"id": "1013621252", "price": 123.22, "amount": 0.21, "side": "sell", "timestamp": 1766029034956}, {"id": "1013621253", "price": 123.23, "amount": 0.04, "side": "buy", "timestamp": 1766029034974}, {"id": "1013621254", "price": 123.22, "amount": 26.55, "side": "sell", "timestamp": 1766029035060}, {"id": "1013621255", "price": 123.22, "amount": 0.11, "side": "sell", "timestamp": 1766029035183}, {"id": "1013621256", "price": 123.22, "amount": 1.12, "side": "sell", "timestamp": 1766029035297}, {"id": "1013621257", "price": 123.22, "amount": 2.95, "side": "sell", "timestamp": 1766029035493}, {"id": "1013621258", "price": 123.23, "amount": 1.83, "side": "buy", "timestamp": 1766029035614}, {"id": "1013621259", "price": 123.22, "amount": 0.97, "side": "sell", "timestamp": 1766029035777}, {"id": "1013621260", "price": 123.22, "amount": 0.86, "side": "sell", "timestamp": 1766029035922}, {"id": "1013621261", "price": 123.23, "amount": 10.59, "side": "buy", "timestamp": 1766029036487}, {"id": "1013621262", "price": 123.22, "amount": 0.16, "side": "sell", "timestamp": 1766029036519}, {"id": "1013621398", "price": 123.27, "amount": 10.03, "side": "buy", "timestamp": 1766029077598}, {"id": "1013621399", "price": 123.27, "amount": 0.01, "side": "buy", "timestamp": 1766029078043}, {"id": "1013621400", "price": 123.27, "amount": 0.09, "side": "buy", "timestamp": 1766029078324}, {"id": "1013621401", "price": 123.27, "amount": 8.08, "side": "buy", "timestamp": 1766029078625}, {"id": "1013621402", "price": 123.27, "amount": 0.41, "side": "buy", "timestamp": 1766029078786}, {"id": "1013621403", "price": 123.26, "amount": 0.41, "side": "sell", "timestamp": 1766029079065}, {"id": "1013621404", "price": 123.27, "amount": 8.02, "side": "buy", "timestamp": 1766029079603}, {"id": "1013621405", "price": 123.27, "amount": 0.23, "side": "buy", "timestamp": 1766029079961}, {"id": "1013621406", "price": 123.26, "amount": 0.11, "side": "sell", "timestamp": 1766029080074}, {"id": "1013621407", "price": 123.27, "amount": 0.04, "side": "buy", "timestamp": 1766029080207}, {"id": "1013621408", "price": 123.27, "amount": 1.21, "side": "buy", "timestamp": 1766029080361}, {"id": "1013621409", "price": 123.27, "amount": 7.95, "side": "buy", "timestamp": 1766029080630}, {"id": "1013621410", "price": 123.26, "amount": 16.22, "side": "sell", "timestamp": 1766029080885}, {"id": "1013621411", "price": 123.26, "amount": 461.75, "side": "sell", "timestamp": 1766029081274}, {"id": "1013621412", "price": 123.25, "amount": 402.7, "side": "sell", "timestamp": 1766029081305}, {"id": "1013621413", "price": 123.24, "amount": 23.31, "side": "sell", "timestamp": 1766029081423}, {"id": "1013621414", "price": 123.23, "amount": 12.27, "side": "sell", "timestamp": 1766029081432}, {"id": "1013621415", "price": 123.22, "amount": 1073.08, "side": "sell", "timestamp": 1766029081444}, {"id": "1013621416", "price": 123.21, "amount": 167.21, "side": "sell", "timestamp": 1766029081517}, {"id": "1013621417", "price": 123.2, "amount": 46.52, "side": "sell", "timestamp": 1766029081562}, {"id": "1013621418", "price": 123.19, "amount": 484.44, "side": "sell", "timestamp": 1766029081565}, {"id": "1013621419", "price": 123.19, "amount": 12.21, "side": "buy", "timestamp": 1766029081639}, {"id": "1013621420", "price": 123.19, "amount": 0.66, "side": "buy", "timestamp": 1766029081838}, {"id": "1013621421", "price": 123.19, "amount": 0.06, "side": "buy", "timestamp": 1766029082170}, {"id": "1013621422", "price": 123.18, "amount": 0.12, "side": "sell", "timestamp": 1766029082240}, {"id": "1013621423", "price": 123.19, "amount": 7.84, "side": "buy", "timestamp": 1766029082545}, {"id": "1013621424", "price": 123.19, "amount": 6.57, "side": "buy", "timestamp": 1766029082754}, {"id": "1013621425", "price": 123.18, "amount": 0.11, "side": "sell", "timestamp": 1766029083196}, {"id": "1013621426", "price": 123.19, "amount": 0.16, "side": "buy", "timestamp": 1766029083412}, {"id": "1013621427", "price": 123.18, "amount": 13.98, "side": "sell", "timestamp": 1766029083552}, {"id": "1013621428", "price": 123.18, "amount": 8.0, "side": "buy", "timestamp": 1766029083564}, {"id": "1013621429", "price": 123.17, "amount": 6.82, "side": "sell", "timestamp": 1766029084043}, {"id": "1013621430", "price": 123.17, "amount": 23.22, "side": "sell", "timestamp": 1766029084360}, {"id": "1013621431", "price": 123.16, "amount": 0.32, "side": "sell", "timestamp": 1766029084497}, {"id": "1013621432", "price": 123.17, "amount": 7.73, "side": "buy", "timestamp": 1766029084555}, {"id": "1013621433", "price": 123.16, "amount": 0.24, "side": "sell", "timestamp": 1766029084600}, {"id": "1013621434", "price": 123.17, "amount": 0.35, "side": "buy", "timestamp": 1766029085358}, {"id": "1013621435", "price": 123.16, "amount": 2.0, "side": "sell", "timestamp": 1766029085363}, {"id": "1013621436", "price": 123.17, "amount": 8.34, "side": "buy", "timestamp": 1766029085367}, {"id": "1013621437", "price": 123.17, "amount": 7.7, "side": "buy", "timestamp": 1766029085570}, {"id": "1013621438", "price": 123.16, "amount": 36.0, "side": "sell", "timestamp": 1766029086333}, {"id": "1013621439", "price": 123.17, "amount": 0.32, "side": "buy", "timestamp": 1766029086409}, {"id": "1013621440", "price": 123.16, "amount": 168.81, "side": "sell", "timestamp": 1766029086423}, {"id": "1013621441", "price": 123.16, "amount": 15.74, "side": "buy", "timestamp": 1766029086496}, {"id": "1013621442", "price": 123.16, "amount": 0.06, "side": "buy", "timestamp": 1766029086948}, {"id": "1013621443", "price": 123.16, "amount": 86.83, "side": "buy", "timestamp": 1766029087121}, {"id": "1013621444", "price": 123.15, "amount": 0.05, "side": "sell", "timestamp": 1766029087405}, {"id": "1013621445", "price": 123.16, "amount": 7.58, "side": "buy", "timestamp": 1766029087514}, {"id": "1013621446", "price": 123.15, "amount": 0.18, "side": "sell", "timestamp": 1766029087592}, {"id": "1013621447", "price": 123.16, "amount": 100.0, "side": "buy", "timestamp": 1766029088319}, {"id": "1013621568", "price": 123.2, "amount": 0.05, "side": "sell", "timestamp": 1766029124537}, {"id": "1013621569", "price": 123.21, "amount": 0.09, "side": "buy", "timestamp": 1766029124900}, {"id": "1013621570", "price": 123.21, "amount": 0.08, "side": "buy", "timestamp": 1766029125143}, {"id": "1013621571", "price": 123.21, "amount": 1.56, "side": "buy", "timestamp": 1766029126653}, {"id": "1013621572", "price": 123.2, "amount": 0.11, "side": "sell", "timestamp": 1766029127080}, {"id": "1013621573", "price": 123.2, "amount": 2.7, "side": "sell", "timestamp": 1766029127306}, {"id": "1013621574", "price": 123.21, "amount": 0.03, "side": "buy", "timestamp": 1766029127626}, {"id": "1013621575", "price": 123.21, "amount": 9.43, "side": "buy", "timestamp": 1766029128264}, {"id": "1013621576", "price": 123.2, "amount": 35.17, "side": "sell", "timestamp": 1766029128657}, {"id": "1013621577", "price": 123.21, "amount": 1.11, "side": "buy", "timestamp": 1766029128981}, {"id": "1013621578", "price": 123.2, "amount": 12.14, "side": "sell", "timestamp": 1766029129212}, {"id": "1013621579", "price": 123.21, "amount": 552.28, "side": "buy", "timestamp": 1766029129365}, {"id": "1013621580", "price": 123.22, "amount": 447.72, "side": "buy", "timestamp": 1766029129365}, {"id": "1013621581", "price": 123.22, "amount": 0.16, "side": "buy", "timestamp": 1766029130071}, {"id": "1013621582", "price": 123.21, "amount": 0.11, "side": "sell", "timestamp": 1766029130119}, {"id": "1013621583", "price": 123.22, "amount": 1.34, "side": "buy", "timestamp": 1766029130567}, {"id": "1013621584", "price": 123.22, "amount": 1.15, "side": "buy", "timestamp": 1766029131414}, {"id": "1013621585", "price": 123.21, "amount": 4.09, "side": "sell", "timestamp": 1766029131647}, {"id": "1013621586", "price": 123.22, "amount": 0.03, "side": "buy", "timestamp": 1766029131757}, {"id": "1013621587", "price": 123.22, "amount": 0.09, "side": "buy", "timestamp": 1766029131957}, {"id": "1013621588", "price": 123.22, "amount": 0.15, "side": "buy", "timestamp": 1766029132708}, {"id": "1013621589", "price": 123.21, "amount": 0.11, "side": "sell", "timestamp": 1766029133171}, {"id": "1013621590", "price": 123.21, "amount": 0.07, "side": "sell", "timestamp": 1766029133806}, {"id": "1013621591", "price": 123.22, "amount": 220.48, "side": "buy", "timestamp": 1766029134205}, {"id": "1013621592", "price": 123.23, "amount": 254.94, "side": "buy", "timestamp": 1766029134219}, {"id": "1013621593", "price": 123.24, "amount": 17.9, "side": "buy", "timestamp": 1766029134237}, {"id": "1013621594", "price": 123.25, "amount": 243.04, "side": "buy", "timestamp": 1766029134379}, {"id": "1013621595", "price": 123.26, "amount": 1.94, "side": "buy", "timestamp": 1766029134480}, {"id": "1013621596", "price": 123.26, "amount": 7.03, "side": "buy", "timestamp": 1766029135333}, {"id": "1013621597", "price": 123.25, "amount": 0.11, "side": "sell", "timestamp": 1766029136063}, {"id": "1013621598", "price": 123.26, "amount": 0.09, "side": "buy", "timestamp": 1766029136313}, {"id": "1013621599", "price": 123.25, "amount": 23.49, "side": "sell", "timestamp": 1766029136378}, {"id": "1013621600", "price": 123.26, "amount": 1.39, "side": "buy", "timestamp": 1766029136446}, {"id": "1013621601", "price": 123.26, "amount": 0.07, "side": "buy", "timestamp": 1766029137122}, {"id": "1013621602", "price": 123.26, "amount": 67.58, "side": "buy", "timestamp": 1766029137545}, {"id": "1013621603", "price": 123.26, "amount": 0.09, "side": "buy", "timestamp": 1766029138218}, {"id": "1013621604", "price": 123.26, "amount": 12.07, "side": "buy", "timestamp": 1766029138448}, {"id": "1013621605", "price": 123.26, "amount": 2.1, "side": "buy", "timestamp": 1766029138947}, {"id": "1013621606", "price": 123.25, "amount": 0.11, "side": "sell", "timestamp": 1766029139094}, {"id": "1013621607", "price": 123.26, "amount": 0.1, "side": "buy", "timestamp": 1766029139672}, {"id": "1013621608", "price": 123.26, "amount": 37.03, "side": "buy", "timestamp": 1766029140290}, {"id": "1013621609", "price": 123.26, "amount": 1.95, "side": "buy", "timestamp": 1766029140441}, {"id": "1013621610", "price": 123.26, "amount": 0.17, "side": "buy", "timestamp": 1766029140617}, {"id": "1013621611", "price": 123.26, "amount": 0.15, "side": "buy", "timestamp": 1766029140719}, {"id": "1013621612", "price": 123.25, "amount": 235.36, "side": "sell", "timestamp": 1766029140733}, {"id": "1013621613", "price": 123.25, "amount": 0.16, "side": "buy", "timestamp": 1766029140736}, {"id": "1013621614", "price": 123.24, "amount": 22.22, "side": "sell", "timestamp": 1766029140811}, {"id": "1013621615", "price": 123.23, "amount": 25.96, "side": "sell", "timestamp": 1766029140820}, {"id": "1013621616", "price": 123.23, "amount": 500.61, "side": "buy", "timestamp": 1766029140905}, {"id": "1013621617", "price": 123.23, "amount": 0.29, "side": "sell", "timestamp": 1766029141094}, {"id": "1013621771", "price": 123.29, "amount": 36.68, "side": "buy", "timestamp": 1766029182481}, {"id": "1013621772", "price": 123.3, "amount": 1.46, "side": "buy", "timestamp": 1766029182615}, {"id": "1013621773", "price": 123.3, "amount": 4.9, "side": "buy", "timestamp": 1766029183053}, {"id": "1013621774", "price": 123.3, "amount": 0.04, "side": "buy", "timestamp": 1766029183522}, {"id": "1013621775", "price": 123.3, "amount": 3.99, "side": "buy", "timestamp": 1766029183825}, {"id": "1013621776", "price": 123.3, "amount": 0.04, "side": "buy", "timestamp": 1766029183953}, {"id": "1013621777", "price": 123.29, "amount": 0.28, "side": "sell", "timestamp": 1766029184044}, {"id": "1013621778", "price": 123.3, "amount": 0.07, "side": "buy", "timestamp": 1766029184223}, {"id": "1013621779", "price": 123.3, "amount": 0.1, "side": "buy", "timestamp": 1766029184596}, {"id": "1013621780", "price": 123.3, "amount": 669.29, "side": "buy", "timestamp": 1766029185008}, {"id": "1013621781", "price": 123.31, "amount": 2.43, "side": "buy", "timestamp": 1766029185035}, {"id": "1013621782", "price": 123.31, "amount": 29.5, "side": "buy", "timestamp": 1766029185395}, {"id": "1013621783", "price": 123.32, "amount": 0.15, "side": "buy", "timestamp": 1766029185543}, {"id": "1013621784", "price": 123.32, "amount": 0.09, "side": "buy", "timestamp": 1766029185661}, {"id": "1013621785", "price": 123.32, "amount": 0.04, "side": "buy", "timestamp": 1766029186108}, {"id": "1013621786", "price": 123.31, "amount": 0.15, "side": "sell", "timestamp": 1766029186657}, {"id": "1013621787", "price": 123.31, "amount": 0.42, "side": "sell", "timestamp": 1766029186906}, {"id": "1013621788", "price": 123.32, "amount": 6.22, "side": "buy", "timestamp": 1766029186970}, {"id": "1013621789", "price": 123.32, "amount": 0.17, "side": "buy", "timestamp": 1766029187091}, {"id": "1013621790", "price": 123.31, "amount": 0.11, "side": "sell", "timestamp": 1766029187162}, {"id": "1013621791", "price": 123.32, "amount": 1.61, "side": "buy", "timestamp": 1766029187397}, {"id": "1013621792", "price": 123.31, "amount": 32.43, "side": "sell", "timestamp": 1766029187414}, {"id": "1013621793", "price": 123.32, "amount": 16.79, "side": "buy", "timestamp": 1766029187553}, {"id": "1013621794", "price": 123.32, "amount": 4.29, "side": "buy", "timestamp": 1766029187742}, {"id": "1013621795", "price": 123.32, "amount": 0.13, "side": "buy", "timestamp": 1766029187898}, {"id": "1013621796", "price": 123.32, "amount": 0.05, "side": "buy", "timestamp": 1766029188167}, {"id": "1013621797", "price": 123.32, "amount": 0.01, "side": "buy", "timestamp": 1766029188665}, {"id": "1013621798", "price": 123.31, "amount": 0.89, "side": "sell", "timestamp": 1766029188776}, {"id": "1013621799", "price": 123.32, "amount": 0.07, "side": "buy", "timestamp": 1766029188812}, {"id": "1013621800", "price": 123.32, "amount": 0.08, "side": "buy", "timestamp": 1766029188966}, {"id": "1013621801", "price": 123.32, "amount": 1.16, "side": "buy", "timestamp": 1766029189417}, {"id": "1013621802", "price": 123.32, "amount": 0.88, "side": "buy", "timestamp": 1766029189518}, {"id": "1013621803", "price": 123.31, "amount": 248.22, "side": "sell", "timestamp": 1766029189690}, {"id": "1013621804", "price": 123.3, "amount": 0.85, "side": "sell", "timestamp": 1766029189698}, {"id": "1013621805", "price": 123.31, "amount": 0.06, "side": "buy", "timestamp": 1766029189771}, {"id": "1013621806", "price": 123.31, "amount": 0.1, "side": "buy", "timestamp": 1766029190181}, {"id": "1013621807", "price": 123.3, "amount": 0.11, "side": "sell", "timestamp": 1766029190197}, {"id": "1013621808", "price": 123.31, "amount": 0.54, "side": "buy", "timestamp": 1766029190210}, {"id": "1013621809", "price": 123.31, "amount": 0.06, "side": "buy", "timestamp": 1766029190925}, {"id": "1013621810", "price": 123.3, "amount": 14.68, "side": "sell", "timestamp": 1766029191153}, {"id": "1013621811", "price": 123.31, "amount": 0.19, "side": "buy", "timestamp": 1766029191206}, {"id": "1013621812", "price": 123.31, "amount": 13.32, "side": "buy", "timestamp": 1766029191332}, {"id": "1013621813", "price": 123.31, "amount": 0.52, "side": "buy", "timestamp": 1766029191548}, {"id": "1013621814", "price": 123.3, "amount": 349.85, "side": "sell", "timestamp": 1766029192207}, {"id": "1013621815", "price": 123.29, "amount": 230.18, "side": "sell", "timestamp": 1766029192224}, {"id": "1013621816", "price": 123.29, "amount": 0.16, "side": "buy", "timestamp": 1766029192311}, {"id": "1013621817", "price": 123.28, "amount": 0.15, "side": "sell", "timestamp": 1766029192312}, {"id": "1013621818", "price": 123.29, "amount": 0.16, "side": "buy", "timestamp": 1766029192388}, {"id": "1013621819", "price": 123.28, "amount": 0.11, "side": "sell", "timestamp": 1766029193065}, {"id": "1013621820", "price": 123.29, "amount": 5.51, "side": "buy", "timestamp": 1766029193558}, {"id": "1013621985", "price": 123.33, "amount": 2.23, "side": "sell", "timestamp": 1766029235115}, {"id": "1013621986", "price": 123.34, "amount": 0.89, "side": "buy", "timestamp": 1766029235160}, {"id": "1013621987", "price": 123.34, "amount": 9.72, "side": "buy", "timestamp": 1766029235589}, {"id": "1013621988", "price": 123.34, "amount": 0.09, "side": "buy", "timestamp": 1766029236264}, {"id": "1013621989", "price": 123.34, "amount": 0.29, "side": "buy", "timestamp": 1766029236500}, {"id": "1013621990", "price": 123.34, "amount": 6.81, "side": "buy", "timestamp": 1766029236665}, {"id": "1013621991", "price": 123.33, "amount": 97.73, "side": "sell", "timestamp": 1766029237473}, {"id": "1013621992", "price": 123.34, "amount": 6.78, "side": "buy", "timestamp": 1766029237647}, {"id": "1013621993", "price": 123.34, "amount": 48.84, "side": "buy", "timestamp": 1766029237805}, {"id": "1013621994", "price": 123.35, "amount": 12.13, "side": "buy", "timestamp": 1766029237848}, {"id": "1013621995", "price": 123.35, "amount": 12.0, "side": "sell", "timestamp": 1766029237852}, {"id": "1013621996", "price": 123.35, "amount": 0.77, "side": "sell", "timestamp": 1766029238089}, {"id": "1013621997", "price": 123.36, "amount": 0.21, "side": "buy", "timestamp": 1766029238374}, {"id": "1013621998", "price": 123.35, "amount": 1038.62, "side": "sell", "timestamp": 1766029238546}, {"id": "1013621999", "price": 123.34, "amount": 0.85, "side": "sell", "timestamp": 1766029238551}, {"id": "1013622000", "price": 123.35, "amount": 6.76, "side": "buy", "timestamp": 1766029238631}, {"id": "1013622001", "price": 123.35, "amount": 12.46, "side": "buy", "timestamp": 1766029238933}, {"id": "1013622002", "price": 123.34, "amount": 0.13, "side": "sell", "timestamp": 1766029238993}, {"id": "1013622003", "price": 123.35, "amount": 5.05, "side": "buy", "timestamp": 1766029239045}, {"id": "1013622004", "price": 123.34, "amount": 58.53, "side": "sell", "timestamp": 1766029239515}, {"id": "1013622005", "price": 123.33, "amount": 0.85, "side": "sell", "timestamp": 1766029239586}, {"id": "1013622006", "price": 123.34, "amount": 60.2, "side": "buy", "timestamp": 1766029239858}, {"id": "1013622007", "price": 123.34, "amount": 2.28, "side": "buy", "timestamp": 1766029239964}, {"id": "1013622008", "price": 123.33, "amount": 40.53, "side": "sell", "timestamp": 1766029240442}, {"id": "1013622009", "price": 123.33, "amount": 4.69, "side": "sell", "timestamp": 1766029241064}, {"id": "1013622010", "price": 123.33, "amount": 1.08, "side": "sell", "timestamp": 1766029241447}, {"id": "1013622011", "price": 123.34, "amount": 0.12, "side": "buy", "timestamp": 1766029241683}, {"id": "1013622012", "price": 123.33, "amount": 15.99, "side": "sell", "timestamp": 1766029241753}, {"id": "1013622013", "price": 123.33, "amount": 24.27, "side": "sell", "timestamp": 1766029241930}, {"id": "1013622014", "price": 123.32, "amount": 40.14, "side": "sell", "timestamp": 1766029241935}, {"id": "1013622015", "price": 123.31, "amount": 0.15, "side": "sell", "timestamp": 1766029242027}, {"id": "1013622016", "price": 123.31, "amount": 0.2, "side": "sell", "timestamp": 1766029242186}, {"id": "1013622017", "price": 123.31, "amount": 1.92, "side": "sell", "timestamp": 1766029242488}, {"id": "1013622018", "price": 123.32, "amount": 0.07, "side": "buy", "timestamp": 1766029243259}, {"id": "1013622019", "price": 123.32, "amount": 40.76, "side": "buy", "timestamp": 1766029243376}, {"id": "1013622020", "price": 123.31, "amount": 24.36, "side": "sell", "timestamp": 1766029243424}, {"id": "1013622021", "price": 123.31, "amount": 40.06, "side": "sell", "timestamp": 1766029243616}, {"id": "1013622022", "price": 123.32, "amount": 0.1, "side": "buy", "timestamp": 1766029243745}, {"id": "1013622023", "price": 123.31, "amount": 0.56, "side": "sell", "timestamp": 1766029243989}, {"id": "1013622024", "price": 123.32, "amount": 8.1, "side": "buy", "timestamp": 1766029244507}, {"id": "1013622025", "price": 123.32, "amount": 0.4, "side": "buy", "timestamp": 1766029244652}, {"id": "1013622026", "price": 123.32, "amount": 42.96, "side": "buy", "timestamp": 1766029244891}, {"id": "1013622027", "price": 123.32, "amount": 192.66, "side": "buy", "timestamp": 1766029245310}, {"id": "1013622028", "price": 123.31, "amount": 0.5, "side": "sell", "timestamp": 1766029245350}, {"id": "1013622029", "price": 123.32, "amount": 0.14, "side": "buy", "timestamp": 1766029245386}, {"id": "1013622030", "price": 123.33, "amount": 0.07, "side": "buy", "timestamp": 1766029245711}, {"id": "1013622031", "price": 123.33, "amount": 16.21, "side": "buy", "timestamp": 1766029245960}, {"id": "1013622032", "price": 123.33, "amount": 393.23, "side": "buy", "timestamp": 1766029246114}, {"id": "1013622033", "price": 123.34, "amount": 6.49, "side": "buy", "timestamp": 1766029246132}, {"id": "1013622034", "price": 123.34, "amount": 1.26, "side": "sell", "timestamp": 1766029246463}, {"id": "1013622178", "price": 123.33, "amount": 0.05, "side": "buy", "timestamp": 1766029286234}, {"id": "1013622179", "price": 123.33, "amount": 0.07, "side": "buy", "timestamp": 1766029286341}, {"id": "1013622180", "price": 123.33, "amount": 5.66, "side": "buy", "timestamp": 1766029286836}, {"id": "1013622181", "price": 123.33, "amount": 0.65, "side": "buy", "timestamp": 1766029287120}, {"id": "1013622182", "price": 123.32, "amount": 2.0, "side": "sell", "timestamp": 1766029287298}, {"id": "1013622183", "price": 123.33, "amount": 0.65, "side": "buy", "timestamp": 1766029287320}, {"id": "1013622184", "price": 123.33, "amount": 42.95, "side": "buy", "timestamp": 1766029287583}, {"id": "1013622185", "price": 123.33, "amount": 0.71, "side": "buy", "timestamp": 1766029287800}, {"id": "1013622186", "price": 123.33, "amount": 0.07, "side": "buy", "timestamp": 1766029288041}, {"id": "1013622187", "price": 123.33, "amount": 0.81, "side": "buy", "timestamp": 1766029288529}, {"id": "1013622188", "price": 123.33, "amount": 5.27, "side": "buy", "timestamp": 1766029288739}, {"id": "1013622189", "price": 123.33, "amount": 9.21, "side": "buy", "timestamp": 1766029288920}, {"id": "1013622190", "price": 123.32, "amount": 0.11, "side": "sell", "timestamp": 1766029289042}, {"id": "1013622191", "price": 123.33, "amount": 0.2, "side": "buy", "timestamp": 1766029289338}, {"id": "1013622192", "price": 123.33, "amount": 0.17, "side": "buy", "timestamp": 1766029289620}, {"id": "1013622193", "price": 123.32, "amount": 0.06, "side": "sell", "timestamp": 1766029289822}, {"id": "1013622194", "price": 123.33, "amount": 106.91, "side": "buy", "timestamp": 1766029289939}, {"id": "1013622195", "price": 123.33, "amount": 0.35, "side": "sell", "timestamp": 1766029290266}, {"id": "1013622196", "price": 123.34, "amount": 12.49, "side": "buy", "timestamp": 1766029290408}, {"id": "1013622197", "price": 123.35, "amount": 9.04, "side": "buy", "timestamp": 1766029290478}, {"id": "1013622198", "price": 123.36, "amount": 2.36, "side": "buy", "timestamp": 1766029290530}, {"id": "1013622199", "price": 123.35, "amount": 0.49, "side": "sell", "timestamp": 1766029290563}, {"id": "1013622200", "price": 123.36, "amount": 11.34, "side": "buy", "timestamp": 1766029290816}, {"id": "1013622201", "price": 123.37, "amount": 2.4, "side": "buy", "timestamp": 1766029290937}, {"id": "1013622202", "price": 123.38, "amount": 17.9, "side": "buy", "timestamp": 1766029291190}, {"id": "1013622203", "price": 123.37, "amount": 0.32, "side": "sell", "timestamp": 1766029291233}, {"id": "1013622204", "price": 123.38, "amount": 0.06, "side": "buy", "timestamp": 1766029291739}, {"id": "1013622205", "price": 123.37, "amount": 0.11, "side": "sell", "timestamp": 1766029292111}, {"id": "1013622206", "price": 123.38, "amount": 0.07, "side": "buy", "timestamp": 1766029292550}, {"id": "1013622207", "price": 123.37, "amount": 1.0, "side": "sell", "timestamp": 1766029292616}, {"id": "1013622208", "price": 123.38, "amount": 5.57, "side": "buy", "timestamp": 1766029292846}, {"id": "1013622209", "price": 123.37, "amount": 4.99, "side": "sell", "timestamp": 1766029293049}, {"id": "1013622210", "price": 123.38, "amount": 42.95, "side": "buy", "timestamp": 1766029293682}, {"id": "1013622211", "price": 123.37, "amount": 66.92, "side": "sell", "timestamp": 1766029294183}, {"id": "1013622212", "price": 123.37, "amount": 1.27, "side": "sell", "timestamp": 1766029294824}, {"id": "1013622213", "price": 123.38, "amount": 0.02, "side": "buy", "timestamp": 1766029294861}, {"id": "1013622214", "price": 123.38, "amount": 0.16, "side": "buy", "timestamp": 1766029295096}, {"id": "1013622215", "price": 123.37, "amount": 0.11, "side": "sell", "timestamp": 1766029295149}, {"id": "1013622216", "price": 123.38, "amount": 0.12, "side": "buy", "timestamp": 1766029295198}, {"id": "1013622217", "price": 123.38, "amount": 0.43, "side": "buy", "timestamp": 1766029295947}, {"id": "1013622218", "price": 123.38, "amount": 0.05, "side": "buy", "timestamp": 1766029296206}, {"id": "1013622219", "price": 123.38, "amount": 0.26, "side": "buy", "timestamp": 1766029296682}, {"id": "1013622220", "price": 123.38, "amount": 0.02, "side": "buy", "timestamp": 1766029297105}, {"id": "1013622221", "price": 123.37, "amount": 4.12, "side": "sell", "timestamp": 1766029297247}, {"id": "1013622222", "price": 123.38, "amount": 0.08, "side": "buy", "timestamp": 1766029297663}, {"id": "1013622223", "price": 123.38, "amount": 0.44, "side": "buy", "timestamp": 1766029298028}, {"id": "1013622224", "price": 123.38, "amount": 0.51, "side": "buy", "timestamp": 1766029298199}, {"id": "1013622225", "price": 123.37, "amount": 0.11, "side": "sell", "timestamp": 1766029298203}, {"id": "1013622226", "price": 123.38, "amount": 0.01, "side": "buy", "timestamp": 1766029298585}, {"id": "1013622227", "price": 123.37, "amount": 1.1, "side": "sell", "timestamp": 1766029298860}, {"id": "1013622346", "price": 123.36, "amount": 0.18, "side": "buy", "timestamp": 1766029333759}, {"id": "1013622347", "price": 123.35, "amount": 0.11, "side": "sell", "timestamp": 1766029334204}, {"id": "1013622348", "price": 123.36, "amount": 1.79, "side": "buy", "timestamp": 1766029334215}, {"id": "1013622349", "price": 123.35, "amount": 0.39, "side": "sell", "timestamp": 1766029334682}, {"id": "1013622350", "price": 123.35, "amount": 0.92, "side": "sell", "timestamp": 1766029335487}, {"id": "1013622351", "price": 123.36, "amount": 0.06, "side": "buy", "timestamp": 1766029336019}, {"id": "1013622352", "price": 123.35, "amount": 0.08, "side": "sell", "timestamp": 1766029336145}, {"id": "1013622353", "price": 123.35, "amount": 0.35, "side": "sell", "timestamp": 1766029336258}, {"id": "1013622354", "price": 123.35, "amount": 2.0, "side": "sell", "timestamp": 1766029336502}, {"id": "1013622355", "price": 123.35, "amount": 1.27, "side": "sell", "timestamp": 1766029336665}, {"id": "1013622356", "price": 123.35, "amount": 0.11, "side": "sell", "timestamp": 1766029337025}, {"id": "1013622357", "price": 123.36, "amount": 2.35, "side": "buy", "timestamp": 1766029337465}, {"id": "1013622358", "price": 123.35, "amount": 0.11, "side": "sell", "timestamp": 1766029337512}, {"id": "1013622359", "price": 123.36, "amount": 0.35, "side": "buy", "timestamp": 1766029338183}, {"id": "1013622360", "price": 123.35, "amount": 72.12, "side": "sell", "timestamp": 1766029338319}, {"id": "1013622361", "price": 123.36, "amount": 0.29, "side": "buy", "timestamp": 1766029338499}, {"id": "1013622362", "price": 123.36, "amount": 0.41, "side": "buy", "timestamp": 1766029339792}, {"id": "1013622363", "price": 123.35, "amount": 0.53, "side": "sell", "timestamp": 1766029339906}, {"id": "1013622364", "price": 123.35, "amount": 0.11, "side": "sell", "timestamp": 1766029340068}, {"id": "1013622365", "price": 123.36, "amount": 0.09, "side": "buy", "timestamp": 1766029340566}, {"id": "1013622366", "price": 123.35, "amount": 6.28, "side": "sell", "timestamp": 1766029340579}, {"id": "1013622367", "price": 123.36, "amount": 0.01, "side": "buy", "timestamp": 1766029341690}, {"id": "1013622368", "price": 123.36, "amount": 0.08, "side": "buy", "timestamp": 1766029341888}, {"id": "1013622369", "price": 123.36, "amount": 14.0, "side": "buy", "timestamp": 1766029342144}, {"id": "1013622370", "price": 123.36, "amount": 1.11, "side": "buy", "timestamp": 1766029342293}, {"id": "1013622371", "price": 123.35, "amount": 10.0, "side": "sell", "timestamp": 1766029342389}, {"id": "1013622372", "price": 123.36, "amount": 5.55, "side": "buy", "timestamp": 1766029342624}, {"id": "1013622373", "price": 123.35, "amount": 0.81, "side": "sell", "timestamp": 1766029342682}, {"id": "1013622374", "price": 123.36, "amount": 1.0, "side": "buy", "timestamp": 1766029342982}, {"id": "1013622375", "price": 123.35, "amount": 0.11, "side": "sell", "timestamp": 1766029343114}, {"id": "1013622376", "price": 123.36, "amount": 1.61, "side": "buy", "timestamp": 1766029343267}, {"id": "1013622377", "price": 123.35, "amount": 0.11, "side": "sell", "timestamp": 1766029344174}, {"id": "1013622378", "price": 123.36, "amount": 0.7, "side": "buy", "timestamp": 1766029344215}, {"id": "1013622379", "price": 123.35, "amount": 0.59, "side": "sell", "timestamp": 1766029344407}, {"id": "1013622380", "price": 123.36, "amount": 8.27, "side": "buy", "timestamp": 1766029344898}, {"id": "1013622381", "price": 123.35, "amount": 0.81, "side": "sell", "timestamp": 1766029345638}, {"id": "1013622382", "price": 123.36, "amount": 0.13, "side": "buy", "timestamp": 1766029346148}, {"id": "1013622383", "price": 123.35, "amount": 0.11, "side": "sell", "timestamp": 1766029346175}, {"id": "1013622384", "price": 123.36, "amount": 10.0, "side": "buy", "timestamp": 1766029346278}, {"id": "1013622385", "price": 123.36, "amount": 0.09, "side": "buy", "timestamp": 1766029347391}, {"id": "1013622386", "price": 123.36, "amount": 0.71, "side": "buy", "timestamp": 1766029347596}, {"id": "1013622387", "price": 123.36, "amount": 0.1, "side": "buy", "timestamp": 1766029348023}, {"id": "1013622388", "price": 123.36, "amount": 0.09, "side": "buy", "timestamp": 1766029348216}, {"id": "1013622389", "price": 123.36, "amount": 22.0, "side": "buy", "timestamp": 1766029348511}, {"id": "1013622390", "price": 123.37, "amount": 0.04, "side": "buy", "timestamp": 1766029348812}, {"id": "1013622391", "price": 123.36, "amount": 0.06, "side": "sell", "timestamp": 1766029348959}, {"id": "1013622392", "price": 123.36, "amount": 0.11, "side": "sell", "timestamp": 1766029349212}, {"id": "1013622393", "price": 123.37, "amount": 11.63, "side": "buy", "timestamp": 1766029349593}, {"id": "1013622394", "price": 123.37, "amount": 0.03, "side": "buy", "timestamp": 1766029350296}, {"id": "1013622395", "price": 123.37, "amount": 22.14, "side": "buy", "timestamp": 1766029350746}, {"id": "1013622497", "price": 123.36, "amount": 0.4, "side": "sell", "timestamp": 1766029386758}, {"id": "1013622498", "price": 123.36, "amount": 114.63, "side": "sell", "timestamp": 1766029386998}, {"id": "1013622499", "price": 123.37, "amount": 0.05, "side": "buy", "timestamp": 1766029387194}, {"id": "1013622500", "price": 123.37, "amount": 0.21, "side": "buy", "timestamp": 1766029387628}, {"id": "1013622501", "price": 123.37, "amount": 8.69, "side": "buy", "timestamp": 1766029387995}, {"id": "1013622502", "price": 123.37, "amount": 0.11, "side": "sell", "timestamp": 1766029388051}, {"id": "1013622503", "price": 123.38, "amount": 0.1, "side": "buy", "timestamp": 1766029388309}, {"id": "1013622504", "price": 123.38, "amount": 52.61, "side": "buy", "timestamp": 1766029388950}, {"id": "1013622505", "price": 123.38, "amount": 5.0, "side": "buy", "timestamp": 1766029389064}, {"id": "1013622506", "price": 123.38, "amount": 0.08, "side": "buy", "timestamp": 1766029389273}, {"id": "1013622507", "price": 123.38, "amount": 24.6, "side": "buy", "timestamp": 1766029389611}, {"id": "1013622508", "price": 123.39, "amount": 1.19, "side": "buy", "timestamp": 1766029389775}, {"id": "1013622509", "price": 123.39, "amount": 8.97, "side": "buy", "timestamp": 1766029390170}, {"id": "1013622510", "price": 123.39, "amount": 4.05, "side": "buy", "timestamp": 1766029390623}, {"id": "1013622511", "price": 123.39, "amount": 16.57, "side": "buy", "timestamp": 1766029390936}, {"id": "1013622512", "price": 123.38, "amount": 0.11, "side": "sell", "timestamp": 1766029391147}, {"id": "1013622513", "price": 123.39, "amount": 0.1, "side": "buy", "timestamp": 1766029391672}, {"id": "1013622514", "price": 123.39, "amount": 25.35, "side": "buy", "timestamp": 1766029391925}, {"id": "1013622515", "price": 123.39, "amount": 0.11, "side": "buy", "timestamp": 1766029392197}, {"id": "1013622516", "price": 123.39, "amount": 40.52, "side": "buy", "timestamp": 1766029393006}, {"id": "1013622517", "price": 123.39, "amount": 0.07, "side": "buy", "timestamp": 1766029393152}, {"id": "1013622518", "price": 123.38, "amount": 0.1, "side": "sell", "timestamp": 1766029393643}, {"id": "1013622519", "price": 123.38, "amount": 0.11, "side": "sell", "timestamp": 1766029394200}, {"id": "1013622520", "price": 123.39, "amount": 0.1, "side": "buy", "timestamp": 1766029394297}, {"id": "1013622521", "price": 123.38, "amount": 168.03, "side": "sell", "timestamp": 1766029395045}, {"id": "1013622522", "price": 123.39, "amount": 0.73, "side": "buy", "timestamp": 1766029395873}, {"id": "1013622523", "price": 123.38, "amount": 0.8, "side": "sell", "timestamp": 1766029396588}, {"id": "1013622524", "price": 123.38, "amount": 0.11, "side": "sell", "timestamp": 1766029397034}, {"id": "1013622525", "price": 123.39, "amount": 0.81, "side": "buy", "timestamp": 1766029397238}, {"id": "1013622526", "price": 123.38, "amount": 7.37, "side": "sell", "timestamp": 1766029397268}, {"id": "1013622527", "price": 123.38, "amount": 1.28, "side": "sell", "timestamp": 1766029397950}, {"id": "1013622528", "price": 123.39, "amount": 1.69, "side": "buy", "timestamp": 1766029398190}, {"id": "1013622529", "price": 123.38, "amount": 0.11, "side": "sell", "timestamp": 1766029398323}, {"id": "1013622530", "price": 123.38, "amount": 28.86, "side": "sell", "timestamp": 1766029399817}, {"id": "1013622531", "price": 123.38, "amount": 0.41, "side": "sell", "timestamp": 1766029399920}, {"id": "1013622532", "price": 123.38, "amount": 0.58, "side": "sell", "timestamp": 1766029400061}, {"id": "1013622533", "price": 123.39, "amount": 136.54, "side": "buy", "timestamp": 1766029400135}, {"id": "1013622534", "price": 123.39, "amount": 0.11, "side": "sell", "timestamp": 1766029400151}, {"id": "1013622535", "price": 123.4, "amount": 0.1, "side": "buy", "timestamp": 1766029400200}, {"id": "1013622536", "price": 123.39, "amount": 16.51, "side": "sell", "timestamp": 1766029400352}, {"id": "1013622537", "price": 123.39, "amount": 854.64, "side": "sell", "timestamp": 1766029400603}, {"id": "1013622538", "price": 123.4, "amount": 0.07, "side": "buy", "timestamp": 1766029400810}, {"id": "1013622539", "price": 123.4, "amount": 1.28, "side": "buy", "timestamp": 1766029401092}, {"id": "1013622540", "price": 123.39, "amount": 0.18, "side": "sell", "timestamp": 1766029401458}, {"id": "1013622541", "price": 123.39, "amount": 40.48, "side": "sell", "timestamp": 1766029402102}, {"id": "1013622542", "price": 123.39, "amount": 541.1, "side": "sell", "timestamp": 1766029402205}, {"id": "1013622543", "price": 123.39, "amount": 0.12, "side": "sell", "timestamp": 1766029403012}, {"id": "1013622544", "price": 123.39, "amount": 0.11, "side": "sell", "timestamp": 1766029403191}, {"id": "1013622545", "price": 123.4, "amount": 1.94, "side": "buy", "timestamp": 1766029403330}, {"id": "1013622546", "price": 123.39, "amount": 0.05, "side": "sell", "timestamp": 1766029403485}, {"id": "1013622686", "price": 123.26, "amount": 0.33, "side": "sell", "timestamp": 1766029444348}, {"id": "1013622687", "price": 123.27, "amount": 0.06, "side": "buy", "timestamp": 1766029444406}, {"id": "1013622688", "price": 123.27, "amount": 0.12, "side": "buy", "timestamp": 1766029444618}, {"id": "1013622689", "price": 123.27, "amount": 0.07, "side": "buy", "timestamp": 1766029444720}, {"id": "1013622690", "price": 123.26, "amount": 1.03, "side": "sell", "timestamp": 1766029444770}, {"id": "1013622691", "price": 123.27, "amount": 0.31, "side": "buy", "timestamp": 1766029444819}, {"id": "1013622692", "price": 123.27, "amount": 0.09, "side": "buy", "timestamp": 1766029445099}, {"id": "1013622693", "price": 123.26, "amount": 0.11, "side": "sell", "timestamp": 1766029445113}, {"id": "1013622694", "price": 123.27, "amount": 527.23, "side": "buy", "timestamp": 1766029445302}, {"id": "1013622695", "price": 123.28, "amount": 0.25, "side": "buy", "timestamp": 1766029445380}, {"id": "1013622696", "price": 123.28, "amount": 0.7, "side": "buy", "timestamp": 1766029445484}, {"id": "1013622697", "price": 123.27, "amount": 3.69, "side": "sell", "timestamp": 1766029446544}, {"id": "1013622698", "price": 123.27, "amount": 2.67, "side": "sell", "timestamp": 1766029446912}, {"id": "1013622699", "price": 123.28, "amount": 2.95, "side": "buy", "timestamp": 1766029447355}, {"id": "1013622700", "price": 123.27, "amount": 0.11, "side": "sell", "timestamp": 1766029448185}, {"id": "1013622701", "price": 123.27, "amount": 92.57, "side": "sell", "timestamp": 1766029448896}, {"id": "1013622702", "price": 123.28, "amount": 0.16, "side": "buy", "timestamp": 1766029449226}, {"id": "1013622703", "price": 123.27, "amount": 169.6, "side": "sell", "timestamp": 1766029449342}, {"id": "1013622704", "price": 123.28, "amount": 4.26, "side": "buy", "timestamp": 1766029450316}, {"id": "1013622705", "price": 123.27, "amount": 1.3, "side": "sell", "timestamp": 1766029450720}, {"id": "1013622706", "price": 123.27, "amount": 0.65, "side": "sell", "timestamp": 1766029451019}, {"id": "1013622707", "price": 123.27, "amount": 120.97, "side": "sell", "timestamp": 1766029451203}, {"id": "1013622708", "price": 123.28, "amount": 2.71, "side": "buy", "timestamp": 1766029451345}, {"id": "1013622709", "price": 123.27, "amount": 25.82, "side": "sell", "timestamp": 1766029451736}, {"id": "1013622710", "price": 123.27, "amount": 0.14, "side": "buy", "timestamp": 1766029451765}, {"id": "1013622711", "price": 123.27, "amount": 40.56, "side": "buy", "timestamp": 1766029452200}, {"id": "1013622712", "price": 123.27, "amount": 0.08, "side": "buy", "timestamp": 1766029452350}, {"id": "1013622713", "price": 123.27, "amount": 5.46, "side": "buy", "timestamp": 1766029452474}, {"id": "1013622714", "price": 123.27, "amount": 0.17, "side": "buy", "timestamp": 1766029453063}, {"id": "1013622715", "price": 123.26, "amount": 18.68, "side": "sell", "timestamp": 1766029453126}, {"id": "1013622716", "price": 123.25, "amount": 14.34, "side": "sell", "timestamp": 1766029453126}, {"id": "1013622717", "price": 123.25, "amount": 6.49, "side": "sell", "timestamp": 1766029453581}, {"id": "1013622718", "price": 123.25, "amount": 76.57, "side": "sell", "timestamp": 1766029453895}, {"id": "1013622719", "price": 123.25, "amount": 0.11, "side": "sell", "timestamp": 1766029454037}, {"id": "1013622720", "price": 123.26, "amount": 2.55, "side": "buy", "timestamp": 1766029454467}, {"id": "1013622721", "price": 123.25, "amount": 0.5, "side": "sell", "timestamp": 1766029454653}, {"id": "1013622722", "price": 123.26, "amount": 461.32, "side": "buy", "timestamp": 1766029454736}, {"id": "1013622723", "price": 123.27, "amount": 268.43, "side": "buy", "timestamp": 1766029454736}, {"id": "1013622724", "price": 123.26, "amount": 1.0, "side": "sell", "timestamp": 1766029454900}, {"id": "1013622725", "price": 123.27, "amount": 15.95, "side": "buy", "timestamp": 1766029455047}, {"id": "1013622726", "price": 123.27, "amount": 0.16, "side": "sell", "timestamp": 1766029455049}, {"id": "1013622727", "price": 123.28, "amount": 0.45, "side": "buy", "timestamp": 1766029455051}, {"id": "1013622728", "price": 123.28, "amount": 0.05, "side": "buy", "timestamp": 1766029455191}, {"id": "1013622729", "price": 123.27, "amount": 4.59, "side": "sell", "timestamp": 1766029455192}, {"id": "1013622730", "price": 123.28, "amount": 0.1, "side": "buy", "timestamp": 1766029455244}, {"id": "1013622731", "price": 123.28, "amount": 0.1, "side": "buy", "timestamp": 1766029455353}, {"id": "1013622732", "price": 123.27, "amount": 15.23, "side": "sell", "timestamp": 1766029455428}, {"id": "1013622733", "price": 123.28, "amount": 0.05, "side": "buy", "timestamp": 1766029455462}, {"id": "1013622734", "price": 123.27, "amount": 62.26, "side": "sell", "timestamp": 1766029455471}, {"id": "1013622735", "price": 123.28, "amount": 0.1, "side": "buy", "timestamp": 1766029455517}, {"id": "1013622821", "price": 123.29, "amount": 1.14, "side": "buy", "timestamp": 1766029491829}, {"id": "1013622822", "price": 123.29, "amount": 0.1, "side": "buy", "timestamp": 1766029492161}, {"id": "1013622823", "price": 123.29, "amount": 0.05, "side": "buy", "timestamp": 1766029492282}, {"id": "1013622824", "price": 123.29, "amount": 0.55, "side": "buy", "timestamp": 1766029492732}, {"id": "1013622825", "price": 123.28, "amount": 0.11, "side": "sell", "timestamp": 1766029493085}, {"id": "1013622826", "price": 123.29, "amount": 0.92, "side": "buy", "timestamp": 1766029493877}, {"id": "1013622827", "price": 123.28, "amount": 0.89, "side": "sell", "timestamp": 1766029493997}, {"id": "1013622828", "price": 123.29, "amount": 38.79, "side": "buy", "timestamp": 1766029494656}, {"id": "1013622829", "price": 123.29, "amount": 12.78, "side": "buy", "timestamp": 1766029494928}, {"id": "1013622830", "price": 123.29, "amount": 2.21, "side": "buy", "timestamp": 1766029495051}, {"id": "1013622831", "price": 123.29, "amount": 0.05, "side": "buy", "timestamp": 1766029495288}, {"id": "1013622832", "price": 123.29, "amount": 0.12, "side": "buy", "timestamp": 1766029495560}, {"id": "1013622833", "price": 123.28, "amount": 1.25, "side": "sell", "timestamp": 1766029495672}, {"id": "1013622834", "price": 123.29, "amount": 0.78, "side": "buy", "timestamp": 1766029495676}, {"id": "1013622835", "price": 123.28, "amount": 0.1, "side": "sell", "timestamp": 1766029495801}, {"id": "1013622836", "price": 123.28, "amount": 0.11, "side": "sell", "timestamp": 1766029496105}, {"id": "1013622837", "price": 123.29, "amount": 1.62, "side": "buy", "timestamp": 1766029496451}, {"id": "1013622838", "price": 123.29, "amount": 0.09, "side": "buy", "timestamp": 1766029497027}, {"id": "1013622839", "price": 123.28, "amount": 0.12, "side": "sell", "timestamp": 1766029497467}, {"id": "1013622840", "price": 123.28, "amount": 3.24, "side": "sell", "timestamp": 1766029498181}, {"id": "1013622841", "price": 123.29, "amount": 84.65, "side": "buy", "timestamp": 1766029498378}, {"id": "1013622842", "price": 123.29, "amount": 0.05, "side": "buy", "timestamp": 1766029499000}, {"id": "1013622843", "price": 123.28, "amount": 0.11, "side": "sell", "timestamp": 1766029499148}, {"id": "1013622844", "price": 123.29, "amount": 0.1, "side": "buy", "timestamp": 1766029499667}, {"id": "1013622845", "price": 123.28, "amount": 10.0, "side": "sell", "timestamp": 1766029499898}, {"id": "1013622846", "price": 123.29, "amount": 0.79, "side": "buy", "timestamp": 1766029500394}, {"id": "1013622847", "price": 123.28, "amount": 1.41, "side": "sell", "timestamp": 1766029500487}, {"id": "1013622848", "price": 123.28, "amount": 0.25, "side": "sell", "timestamp": 1766029501019}, {"id": "1013622849", "price": 123.28, "amount": 0.89, "side": "sell", "timestamp": 1766029501497}, {"id": "1013622850", "price": 123.28, "amount": 168.43, "side": "sell", "timestamp": 1766029501754}, {"id": "1013622851", "price": 123.27, "amount": 283.56, "side": "sell", "timestamp": 1766029501755}, {"id": "1013622852", "price": 123.27, "amount": 3.29, "side": "buy", "timestamp": 1766029502115}, {"id": "1013622853", "price": 123.27, "amount": 0.1, "side": "buy", "timestamp": 1766029502220}, {"id": "1013622854", "price": 123.26, "amount": 0.09, "side": "sell", "timestamp": 1766029502920}, {"id": "1013622855", "price": 123.26, "amount": 0.68, "side": "sell", "timestamp": 1766029503153}, {"id": "1013622856", "price": 123.27, "amount": 0.01, "side": "buy", "timestamp": 1766029503195}, {"id": "1013622857", "price": 123.26, "amount": 0.02, "side": "sell", "timestamp": 1766029503761}, {"id": "1013622858", "price": 123.26, "amount": 0.35, "side": "sell", "timestamp": 1766029504066}, {"id": "1013622859", "price": 123.27, "amount": 0.11, "side": "buy", "timestamp": 1766029504119}, {"id": "1013622860", "price": 123.27, "amount": 0.18, "side": "buy", "timestamp": 1766029504367}, {"id": "1013622861", "price": 123.26, "amount": 35.37, "side": "sell", "timestamp": 1766029504397}, {"id": "1013622862", "price": 123.26, "amount": 0.27, "side": "sell", "timestamp": 1766029504501}, {"id": "1013622863", "price": 123.26, "amount": 35.37, "side": "sell", "timestamp": 1766029504663}, {"id": "1013622864", "price": 123.27, "amount": 0.05, "side": "buy", "timestamp": 1766029504691}, {"id": "1013622865", "price": 123.27, "amount": 0.05, "side": "buy", "timestamp": 1766029504837}, {"id": "1013622866", "price": 123.27, "amount": 0.12, "side": "buy", "timestamp": 1766029504963}, {"id": "1013622867", "price": 123.26, "amount": 3.05, "side": "sell", "timestamp": 1766029505037}, {"id": "1013622868", "price": 123.26, "amount": 0.21, "side": "buy", "timestamp": 1766029505108}, {"id": "1013622869", "price": 123.26, "amount": 0.16, "side": "buy", "timestamp": 1766029506792}, {"id": "1013622870", "price": 123.25, "amount": 0.3, "side": "sell", "timestamp": 1766029506847}, {"id": "1013622975", "price": 123.31, "amount": 0.02, "side": "buy", "timestamp": 1766029540181}, {"id": "1013622976", "price": 123.31, "amount": 0.05, "side": "buy", "timestamp": 1766029540341}, {"id": "1013622977", "price": 123.31, "amount": 0.16, "side": "buy", "timestamp": 1766029540493}, {"id": "1013622978", "price": 123.31, "amount": 0.1, "side": "buy", "timestamp": 1766029540715}, {"id": "1013622979", "price": 123.3, "amount": 0.07, "side": "sell", "timestamp": 1766029542072}, {"id": "1013622980", "price": 123.3, "amount": 8.51, "side": "sell", "timestamp": 1766029542280}, {"id": "1013622981", "price": 123.31, "amount": 0.05, "side": "buy", "timestamp": 1766029542305}, {"id": "1013622982", "price": 123.31, "amount": 0.3, "side": "buy", "timestamp": 1766029542620}, {"id": "1013622983", "price": 123.3, "amount": 5.03, "side": "sell", "timestamp": 1766029542985}, {"id": "1013622984", "price": 123.31, "amount": 0.05, "side": "buy", "timestamp": 1766029543017}, {"id": "1013622985", "price": 123.3, "amount": 0.11, "side": "sell", "timestamp": 1766029543202}, {"id": "1013622986", "price": 123.3, "amount": 2.03, "side": "sell", "timestamp": 1766029543969}, {"id": "1013622987", "price": 123.3, "amount": 0.05, "side": "sell", "timestamp": 1766029544541}, {"id": "1013622988", "price": 123.3, "amount": 8.41, "side": "sell", "timestamp": 1766029544815}, {"id": "1013622989", "price": 123.31, "amount": 0.39, "side": "buy", "timestamp": 1766029545285}, {"id": "1013622990", "price": 123.3, "amount": 0.11, "side": "sell", "timestamp": 1766029546031}, {"id": "1013622991", "price": 123.31, "amount": 1.01, "side": "buy", "timestamp": 1766029546127}, {"id": "1013622992", "price": 123.31, "amount": 0.1, "side": "buy", "timestamp": 1766029546299}, {"id": "1013622993", "price": 123.3, "amount": 1.46, "side": "sell", "timestamp": 1766029546733}, {"id": "1013622994", "price": 123.31, "amount": 0.04, "side": "buy", "timestamp": 1766029546768}, {"id": "1013622995", "price": 123.3, "amount": 0.68, "side": "sell", "timestamp": 1766029547605}, {"id": "1013622996", "price": 123.31, "amount": 3.57, "side": "buy", "timestamp": 1766029547696}, {"id": "1013622997", "price": 123.31, "amount": 0.32, "side": "buy", "timestamp": 1766029548157}, {"id": "1013622998", "price": 123.31, "amount": 0.37, "side": "buy", "timestamp": 1766029548610}, {"id": "1013622999", "price": 123.3, "amount": 0.11, "side": "sell", "timestamp": 1766029549075}, {"id": "1013623000", "price": 123.3, "amount": 0.09, "side": "sell", "timestamp": 1766029549728}, {"id": "1013623001", "price": 123.3, "amount": 1.98, "side": "sell", "timestamp": 1766029549849}, {"id": "1013623002", "price": 123.3, "amount": 0.37, "side": "sell", "timestamp": 1766029550018}, {"id": "1013623003", "price": 123.31, "amount": 0.53, "side": "buy", "timestamp": 1766029550199}, {"id": "1013623004", "price": 123.31, "amount": 0.16, "side": "buy", "timestamp": 1766029550457}, {"id": "1013623005", "price": 123.3, "amount": 0.47, "side": "sell", "timestamp": 1766029551119}, {"id": "1013623006", "price": 123.3, "amount": 189.44, "side": "sell", "timestamp": 1766029551318}, {"id": "1013623007", "price": 123.29, "amount": 6.09, "side": "sell", "timestamp": 1766029551377}, {"id": "1013623008", "price": 123.29, "amount": 619.41, "side": "buy", "timestamp": 1766029551432}, {"id": "1013623009", "price": 123.29, "amount": 0.06, "side": "sell", "timestamp": 1766029551475}, {"id": "1013623010", "price": 123.3, "amount": 107.55, "side": "buy", "timestamp": 1766029551482}, {"id": "1013623011", "price": 123.31, "amount": 64.51, "side": "buy", "timestamp": 1766029551488}, {"id": "1013623012", "price": 123.31, "amount": 0.11, "side": "sell", "timestamp": 1766029552116}, {"id": "1013623013", "price": 123.32, "amount": 1.33, "side": "buy", "timestamp": 1766029552303}, {"id": "1013623014", "price": 123.32, "amount": 0.04, "side": "buy", "timestamp": 1766029554427}, {"id": "1013623015", "price": 123.31, "amount": 0.11, "side": "sell", "timestamp": 1766029555164}, {"id": "1013623016", "price": 123.32, "amount": 10.75, "side": "buy", "timestamp": 1766029555951}, {"id": "1013623017", "price": 123.32, "amount": 8.1, "side": "buy", "timestamp": 1766029556439}, {"id": "1013623018", "price": 123.31, "amount": 282.53, "side": "sell", "timestamp": 1766029556506}, {"id": "1013623019", "price": 123.3, "amount": 14.99, "side": "sell", "timestamp": 1766029556667}, {"id": "1013623020", "price": 123.3, "amount": 1.03, "side": "sell", "timestamp": 1766029557362}, {"id": "1013623021", "price": 123.3, "amount": 0.11, "side": "sell", "timestamp": 1766029558064}, {"id": "1013623022", "price": 123.31, "amount": 0.06, "side": "buy", "timestamp": 1766029558743}, {"id": "1013623023", "price": 123.3, "amount": 2.8, "side": "sell", "timestamp": 1766029559258}, {"id": "1013623024", "price": 123.31, "amount": 0.09, "side": "buy", "timestamp": 1766029559378}, {"id": "1013623166", "price": 123.38, "amount": 30.57, "side": "buy", "timestamp": 1766029598244}, {"id": "1013623167", "price": 123.37, "amount": 543.23, "side": "sell", "timestamp": 1766029598251}, {"id": "1013623168", "price": 123.36, "amount": 153.47, "side": "sell", "timestamp": 1766029598256}, {"id": "1013623169", "price": 123.35, "amount": 38.53, "side": "sell", "timestamp": 1766029598275}, {"id": "1013623170", "price": 123.35, "amount": 0.05, "side": "buy", "timestamp": 1766029598491}, {"id": "1013623171", "price": 123.35, "amount": 38.48, "side": "buy", "timestamp": 1766029598810}, {"id": "1013623172", "price": 123.34, "amount": 70.16, "side": "sell", "timestamp": 1766029598881}, {"id": "1013623173", "price": 123.33, "amount": 6.23, "side": "sell", "timestamp": 1766029598944}, {"id": "1013623174", "price": 123.33, "amount": 0.14, "side": "buy", "timestamp": 1766029598998}, {"id": "1013623175", "price": 123.33, "amount": 0.12, "side": "buy", "timestamp": 1766029599174}, {"id": "1013623176", "price": 123.33, "amount": 0.05, "side": "buy", "timestamp": 1766029599593}, {"id": "1013623177", "price": 123.33, "amount": 0.11, "side": "buy", "timestamp": 1766029599917}, {"id": "1013623178", "price": 123.32, "amount": 9.47, "side": "sell", "timestamp": 1766029600035}, {"id": "1013623179", "price": 123.33, "amount": 0.34, "side": "buy", "timestamp": 1766029600596}, {"id": "1013623180", "price": 123.33, "amount": 0.02, "side": "buy", "timestamp": 1766029600994}, {"id": "1013623181", "price": 123.33, "amount": 0.21, "side": "buy", "timestamp": 1766029601167}, {"id": "1013623182", "price": 123.33, "amount": 14.65, "side": "buy", "timestamp": 1766029601750}, {"id": "1013623183", "price": 123.32, "amount": 1.5, "side": "sell", "timestamp": 1766029602177}, {"id": "1013623184", "price": 123.33, "amount": 0.13, "side": "buy", "timestamp": 1766029602388}, {"id": "1013623185", "price": 123.33, "amount": 5.2, "side": "buy", "timestamp": 1766029602794}, {"id": "1013623186", "price": 123.32, "amount": 0.11, "side": "sell", "timestamp": 1766029603143}, {"id": "1013623187", "price": 123.33, "amount": 0.05, "side": "buy", "timestamp": 1766029603502}, {"id": "1013623188", "price": 123.32, "amount": 1.0, "side": "sell", "timestamp": 1766029603710}, {"id": "1013623189", "price": 123.33, "amount": 0.14, "side": "buy", "timestamp": 1766029603730}, {"id": "1013623190", "price": 123.33, "amount": 0.06, "side": "buy", "timestamp": 1766029604149}, {"id": "1013623191", "price": 123.32, "amount": 157.52, "side": "sell", "timestamp": 1766029604475}, {"id": "1013623192", "price": 123.31, "amount": 88.04, "side": "sell", "timestamp": 1766029604683}, {"id": "1013623193", "price": 123.3, "amount": 74.12, "side": "sell", "timestamp": 1766029604683}, {"id": "1013623194", "price": 123.31, "amount": 0.1, "side": "buy", "timestamp": 1766029604893}, {"id": "1013623195", "price": 123.3, "amount": 1.43, "side": "sell", "timestamp": 1766029605496}, {"id": "1013623196", "price": 123.3, "amount": 0.14, "side": "sell", "timestamp": 1766029606017}, {"id": "1013623197", "price": 123.31, "amount": 0.17, "side": "buy", "timestamp": 1766029606099}, {"id": "1013623198", "price": 123.3, "amount": 0.11, "side": "sell", "timestamp": 1766029606177}, {"id": "1013623199", "price": 123.31, "amount": 238.48, "side": "buy", "timestamp": 1766029606506}, {"id": "1013623200", "price": 123.32, "amount": 20.99, "side": "buy", "timestamp": 1766029606697}, {"id": "1013623201", "price": 123.32, "amount": 3.18, "side": "buy", "timestamp": 1766029606989}, {"id": "1013623202", "price": 123.31, "amount": 0.03, "side": "sell", "timestamp": 1766029607662}, {"id": "1013623203", "price": 123.32, "amount": 0.1, "side": "buy", "timestamp": 1766029607887}, {"id": "1013623204", "price": 123.32, "amount": 0.01, "side": "buy", "timestamp": 1766029608221}, {"id": "1013623205", "price": 123.32, "amount": 0.05, "side": "buy", "timestamp": 1766029608519}, {"id": "1013623206", "price": 123.32, "amount": 0.21, "side": "buy", "timestamp": 1766029608849}, {"id": "1013623207", "price": 123.32, "amount": 0.06, "side": "buy", "timestamp": 1766029609156}, {"id": "1013623208", "price": 123.31, "amount": 0.11, "side": "sell", "timestamp": 1766029609190}, {"id": "1013623209", "price": 123.32, "amount": 0.02, "side": "buy", "timestamp": 1766029609315}, {"id": "1013623210", "price": 123.32, "amount": 0.04, "side": "buy", "timestamp": 1766029610283}, {"id": "1013623211", "price": 123.31, "amount": 0.16, "side": "sell", "timestamp": 1766029610291}, {"id": "1013623212", "price": 123.31, "amount": 40.0, "side": "sell", "timestamp": 1766029610525}, {"id": "1013623213", "price": 123.32, "amount": 6.09, "side": "buy", "timestamp": 1766029610984}, {"id": "1013623214", "price": 123.32, "amount": 0.09, "side": "buy", "timestamp": 1766029611163}, {"id": "1013623215", "price": 123.32, "amount": 0.05, "side": "buy", "timestamp": 1766029611444}, {"id": "1013623314", "price": 123.38, "amount": 0.15, "side": "sell", "timestamp": 1766029644501}, {"id": "1013623315", "price": 123.38, "amount": 0.11, "side": "sell", "timestamp": 1766029645071}, {"id": "1013623316", "price": 123.38, "amount": 40.56, "side": "sell", "timestamp": 1766029645198}, {"id": "1013623317", "price": 123.38, "amount": 1.84, "side": "sell", "timestamp": 1766029645529}, {"id": "1013623318", "price": 123.38, "amount": 2.5, "side": "sell", "timestamp": 1766029645950}, {"id": "1013623319", "price": 123.39, "amount": 0.09, "side": "buy", "timestamp": 1766029646360}, {"id": "1013623320", "price": 123.39, "amount": 8.1, "side": "buy", "timestamp": 1766029646670}, {"id": "1013623321", "price": 123.38, "amount": 127.28, "side": "sell", "timestamp": 1766029647158}, {"id": "1013623322", "price": 123.38, "amount": 0.49, "side": "buy", "timestamp": 1766029647330}, {"id": "1013623323", "price": 123.38, "amount": 4.86, "side": "buy", "timestamp": 1766029648041}, {"id": "1013623324", "price": 123.37, "amount": 0.11, "side": "sell", "timestamp": 1766029648091}, {"id": "1013623325", "price": 123.38, "amount": 0.05, "side": "buy", "timestamp": 1766029648293}, {"id": "1013623326", "price": 123.37, "amount": 137.63, "side": "sell", "timestamp": 1766029648908}, {"id": "1013623327", "price": 123.36, "amount": 6.86, "side": "sell", "timestamp": 1766029649003}, {"id": "1013623328", "price": 123.36, "amount": 0.16, "side": "buy", "timestamp": 1766029649005}, {"id": "1013623329", "price": 123.36, "amount": 0.12, "side": "buy", "timestamp": 1766029649298}, {"id": "1013623330", "price": 123.36, "amount": 0.53, "side": "buy", "timestamp": 1766029649592}, {"id": "1013623331", "price": 123.36, "amount": 0.13, "side": "buy", "timestamp": 1766029650317}, {"id": "1013623332", "price": 123.35, "amount": 17.11, "side": "sell", "timestamp": 1766029650330}, {"id": "1013623333", "price": 123.36, "amount": 165.93, "side": "buy", "timestamp": 1766029650504}, {"id": "1013623334", "price": 123.35, "amount": 1.37, "side": "sell", "timestamp": 1766029650825}, {"id": "1013623335", "price": 123.35, "amount": 0.11, "side": "sell", "timestamp": 1766029651134}, {"id": "1013623336", "price": 123.36, "amount": 0.18, "side": "buy", "timestamp": 1766029652365}, {"id": "1013623337", "price": 123.36, "amount": 0.03, "side": "buy", "timestamp": 1766029652821}, {"id": "1013623338", "price": 123.35, "amount": 0.11, "side": "sell", "timestamp": 1766029654147}, {"id": "1013623339", "price": 123.36, "amount": 1.25, "side": "buy", "timestamp": 1766029654310}, {"id": "1013623340", "price": 123.35, "amount": 0.53, "side": "sell", "timestamp": 1766029654727}, {"id": "1013623341", "price": 123.36, "amount": 2.5, "side": "buy", "timestamp": 1766029655077}, {"id": "1013623342", "price": 123.36, "amount": 0.08, "side": "buy", "timestamp": 1766029656397}, {"id": "1013623343", "price": 123.36, "amount": 1.99, "side": "buy", "timestamp": 1766029657089}, {"id": "1013623344", "price": 123.35, "amount": 0.11, "side": "sell", "timestamp": 1766029657172}, {"id": "1013623345", "price": 123.36, "amount": 0.08, "side": "buy", "timestamp": 1766029657528}, {"id": "1013623346", "price": 123.36, "amount": 89.16, "side": "buy", "timestamp": 1766029658255}, {"id": "1013623347", "price": 123.36, "amount": 0.04, "side": "buy", "timestamp": 1766029658689}, {"id": "1013623348", "price": 123.35, "amount": 12.0, "side": "sell", "timestamp": 1766029659042}, {"id": "1013623349", "price": 123.35, "amount": 0.16, "side": "sell", "timestamp": 1766029659878}, {"id": "1013623350", "price": 123.35, "amount": 0.11, "side": "sell", "timestamp": 1766029660194}, {"id": "1013623351", "price": 123.36, "amount": 6.67, "side": "buy", "timestamp": 1766029661511}, {"id": "1013623352", "price": 123.35, "amount": 0.56, "side": "sell", "timestamp": 1766029661846}, {"id": "1013623353", "price": 123.36, "amount": 4.06, "side": "buy", "timestamp": 1766029662312}, {"id": "1013623354", "price": 123.36, "amount": 17.99, "side": "buy", "timestamp": 1766029662583}, {"id": "1013623355", "price": 123.36, "amount": 694.57, "side": "buy", "timestamp": 1766029662700}, {"id": "1013623356", "price": 123.36, "amount": 98.36, "side": "buy", "timestamp": 1766029662929}, {"id": "1013623357", "price": 123.35, "amount": 3.74, "side": "sell", "timestamp": 1766029662959}, {"id": "1013623358", "price": 123.36, "amount": 7.54, "side": "buy", "timestamp": 1766029663022}, {"id": "1013623359", "price": 123.35, "amount": 0.11, "side": "sell", "timestamp": 1766029663040}, {"id": "1013623360", "price": 123.36, "amount": 0.1, "side": "buy", "timestamp": 1766029663388}, {"id": "1013623361", "price": 123.35, "amount": 12.0, "side": "sell", "timestamp": 1766029663713}, {"id": "1013623362", "price": 123.36, "amount": 12.0, "side": "buy", "timestamp": 1766029663971}, {"id": "1013623363", "price": 123.36, "amount": 0.06, "side": "buy", "timestamp": 1766029664158}, {"id": "1013623457", "price": 123.4, "amount": 0.11, "side": "sell", "timestamp": 1766029699033}, {"id": "1013623458", "price": 123.4, "amount": 0.2, "side": "sell", "timestamp": 1766029699838}, {"id": "1013623459", "price": 123.41, "amount": 0.11, "side": "buy", "timestamp": 1766029699854}, {"id": "1013623460", "price": 123.41, "amount": 12.15, "side": "buy", "timestamp": 1766029700456}, {"id": "1013623461", "price": 123.4, "amount": 2.81, "side": "sell", "timestamp": 1766029700882}, {"id": "1013623462", "price": 123.41, "amount": 1.2, "side": "buy", "timestamp": 1766029700973}, {"id": "1013623463", "price": 123.4, "amount": 2.1, "side": "sell", "timestamp": 1766029701211}, {"id": "1013623464", "price": 123.4, "amount": 0.77, "side": "sell", "timestamp": 1766029701884}, {"id": "1013623465", "price": 123.41, "amount": 0.5, "side": "buy", "timestamp": 1766029701932}, {"id": "1013623466", "price": 123.4, "amount": 0.11, "side": "sell", "timestamp": 1766029702060}, {"id": "1013623467", "price": 123.4, "amount": 0.74, "side": "sell", "timestamp": 1766029702477}, {"id": "1013623468", "price": 123.4, "amount": 8.1, "side": "sell", "timestamp": 1766029704385}, {"id": "1013623469", "price": 123.41, "amount": 0.18, "side": "buy", "timestamp": 1766029704562}, {"id": "1013623470", "price": 123.41, "amount": 0.5, "side": "buy", "timestamp": 1766029704725}, {"id": "1013623471", "price": 123.4, "amount": 0.11, "side": "sell", "timestamp": 1766029705074}, {"id": "1013623472", "price": 123.41, "amount": 0.07, "side": "buy", "timestamp": 1766029705178}, {"id": "1013623473", "price": 123.41, "amount": 0.15, "side": "buy", "timestamp": 1766029705577}, {"id": "1013623474", "price": 123.41, "amount": 5.91, "side": "buy", "timestamp": 1766029706757}, {"id": "1013623475", "price": 123.41, "amount": 0.06, "side": "buy", "timestamp": 1766029706889}, {"id": "1013623476", "price": 123.41, "amount": 0.08, "side": "buy", "timestamp": 1766029707347}, {"id": "1013623477", "price": 123.41, "amount": 0.1, "side": "buy", "timestamp": 1766029707461}, {"id": "1013623478", "price": 123.4, "amount": 0.11, "side": "sell", "timestamp": 1766029708110}, {"id": "1013623479", "price": 123.41, "amount": 5.25, "side": "buy", "timestamp": 1766029708581}, {"id": "1013623480", "price": 123.4, "amount": 3.5, "side": "sell", "timestamp": 1766029708613}, {"id": "1013623481", "price": 123.41, "amount": 8.81, "side": "buy", "timestamp": 1766029708613}, {"id": "1013623482", "price": 123.41, "amount": 30.87, "side": "buy", "timestamp": 1766029708971}, {"id": "1013623483", "price": 123.4, "amount": 0.05, "side": "sell", "timestamp": 1766029709804}, {"id": "1013623484", "price": 123.41, "amount": 0.12, "side": "buy", "timestamp": 1766029710428}, {"id": "1013623485", "price": 123.4, "amount": 0.12, "side": "sell", "timestamp": 1766029710498}, {"id": "1013623486", "price": 123.41, "amount": 1.16, "side": "buy", "timestamp": 1766029710591}, {"id": "1013623487", "price": 123.4, "amount": 1.45, "side": "sell", "timestamp": 1766029710725}, {"id": "1013623488", "price": 123.4, "amount": 0.11, "side": "sell", "timestamp": 1766029711009}, {"id": "1013623489", "price": 123.41, "amount": 8.1, "side": "buy", "timestamp": 1766029711244}, {"id": "1013623490", "price": 123.41, "amount": 1.99, "side": "buy", "timestamp": 1766029711537}, {"id": "1013623491", "price": 123.4, "amount": 20.0, "side": "sell", "timestamp": 1766029712030}, {"id": "1013623492", "price": 123.41, "amount": 0.05, "side": "buy", "timestamp": 1766029712154}, {"id": "1013623493", "price": 123.41, "amount": 3.12, "side": "buy", "timestamp": 1766029712327}, {"id": "1013623494", "price": 123.4, "amount": 1.31, "side": "sell", "timestamp": 1766029712893}, {"id": "1013623495", "price": 123.4, "amount": 0.5, "side": "sell", "timestamp": 1766029713224}, {"id": "1013623496", "price": 123.41, "amount": 0.03, "side": "buy", "timestamp": 1766029713684}, {"id": "1013623497", "price": 123.4, "amount": 0.27, "side": "sell", "timestamp": 1766029714049}, {"id": "1013623498", "price": 123.41, "amount": 0.41, "side": "buy", "timestamp": 1766029714254}, {"id": "1013623499", "price": 123.41, "amount": 183.27, "side": "buy", "timestamp": 1766029714414}, {"id": "1013623500", "price": 123.42, "amount": 0.15, "side": "buy", "timestamp": 1766029715222}, {"id": "1013623501", "price": 123.41, "amount": 0.1, "side": "sell", "timestamp": 1766029715687}, {"id": "1013623502", "price": 123.42, "amount": 0.36, "side": "buy", "timestamp": 1766029715895}, {"id": "1013623503", "price": 123.42, "amount": 46.78, "side": "buy", "timestamp": 1766029716407}, {"id": "1013623504", "price": 123.42, "amount": 111.52, "side": "buy", "timestamp": 1766029716561}, {"id": "1013623505", "price": 123.43, "amount": 388.48, "side": "buy", "timestamp": 1766029716561}, {"id": "1013623506", "price": 123.43, "amount": 1.04, "side": "buy", "timestamp": 1766029716876}, {"id": "1013623626", "price": 123.37, "amount": 0.56, "side": "buy", "timestamp": 1766029752902}, {"id": "1013623627", "price": 123.36, "amount": 1516.08, "side": "sell", "timestamp": 1766029753013}, {"id": "1013623628", "price": 123.36, "amount": 32.1, "side": "buy", "timestamp": 1766029753046}, {"id": "1013623629", "price": 123.35, "amount": 0.11, "side": "sell", "timestamp": 1766029753110}, {"id": "1013623630", "price": 123.36, "amount": 188.03, "side": "buy", "timestamp": 1766029753133}, {"id": "1013623631", "price": 123.36, "amount": 0.18, "side": "buy", "timestamp": 1766029753798}, {"id": "1013623632", "price": 123.35, "amount": 0.12, "side": "sell", "timestamp": 1766029754089}, {"id": "1013623633", "price": 123.36, "amount": 2.47, "side": "buy", "timestamp": 1766029754416}, {"id": "1013623634", "price": 123.36, "amount": 0.02, "side": "buy", "timestamp": 1766029754957}, {"id": "1013623635", "price": 123.35, "amount": 0.1, "side": "sell", "timestamp": 1766029755291}, {"id": "1013623636", "price": 123.35, "amount": 0.22, "side": "sell", "timestamp": 1766029756014}, {"id": "1013623637", "price": 123.35, "amount": 0.11, "side": "sell", "timestamp": 1766029756137}, {"id": "1013623638", "price": 123.36, "amount": 0.19, "side": "buy", "timestamp": 1766029756186}, {"id": "1013623639", "price": 123.35, "amount": 8.0, "side": "sell", "timestamp": 1766029757410}, {"id": "1013623640", "price": 123.35, "amount": 1.64, "side": "sell", "timestamp": 1766029758136}, {"id": "1013623641", "price": 123.35, "amount": 3.6, "side": "sell", "timestamp": 1766029758327}, {"id": "1013623642", "price": 123.35, "amount": 0.1, "side": "sell", "timestamp": 1766029758435}, {"id": "1013623643", "price": 123.36, "amount": 87.5, "side": "buy", "timestamp": 1766029759107}, {"id": "1013623644", "price": 123.36, "amount": 0.11, "side": "sell", "timestamp": 1766029759169}, {"id": "1013623645", "price": 123.37, "amount": 15.61, "side": "buy", "timestamp": 1766029759477}, {"id": "1013623646", "price": 123.37, "amount": 0.1, "side": "sell", "timestamp": 1766029759493}, {"id": "1013623647", "price": 123.38, "amount": 0.02, "side": "buy", "timestamp": 1766029760562}, {"id": "1013623648", "price": 123.37, "amount": 0.98, "side": "sell", "timestamp": 1766029760593}, {"id": "1013623649", "price": 123.38, "amount": 2.39, "side": "buy", "timestamp": 1766029760883}, {"id": "1013623650", "price": 123.38, "amount": 1.99, "side": "buy", "timestamp": 1766029761950}, {"id": "1013623651", "price": 123.37, "amount": 51.43, "side": "sell", "timestamp": 1766029761965}, {"id": "1013623652", "price": 123.37, "amount": 0.11, "side": "sell", "timestamp": 1766029762204}, {"id": "1013623653", "price": 123.38, "amount": 99.15, "side": "buy", "timestamp": 1766029762703}, {"id": "1013623654", "price": 123.37, "amount": 0.81, "side": "sell", "timestamp": 1766029762854}, {"id": "1013623655", "price": 123.38, "amount": 2.34, "side": "buy", "timestamp": 1766029763143}, {"id": "1013623656", "price": 123.38, "amount": 3.46, "side": "buy", "timestamp": 1766029764064}, {"id": "1013623657", "price": 123.37, "amount": 0.06, "side": "sell", "timestamp": 1766029764134}, {"id": "1013623658", "price": 123.38, "amount": 2.85, "side": "buy", "timestamp": 1766029764654}, {"id": "1013623659", "price": 123.38, "amount": 0.79, "side": "buy", "timestamp": 1766029764989}, {"id": "1013623660", "price": 123.37, "amount": 0.11, "side": "sell", "timestamp": 1766029765054}, {"id": "1013623661", "price": 123.38, "amount": 45.44, "side": "buy", "timestamp": 1766029765413}, {"id": "1013623662", "price": 123.38, "amount": 26.75, "side": "buy", "timestamp": 1766029765590}, {"id": "1013623663", "price": 123.38, "amount": 9.98, "side": "buy", "timestamp": 1766029765907}, {"id": "1013623664", "price": 123.37, "amount": 2.86, "side": "sell", "timestamp": 1766029766232}, {"id": "1013623665", "price": 123.37, "amount": 2.06, "side": "sell", "timestamp": 1766029766444}, {"id": "1013623666", "price": 123.38, "amount": 2.35, "side": "buy", "timestamp": 1766029766877}, {"id": "1013623667", "price": 123.38, "amount": 16.82, "side": "buy", "timestamp": 1766029767108}, {"id": "1013623668", "price": 123.38, "amount": 0.1, "side": "buy", "timestamp": 1766029767393}, {"id": "1013623669", "price": 123.38, "amount": 426.02, "side": "buy", "timestamp": 1766029767781}, {"id": "1013623670", "price": 123.39, "amount": 389.86, "side": "buy", "timestamp": 1766029767794}, {"id": "1013623671", "price": 123.39, "amount": 103.99, "side": "buy", "timestamp": 1766029768080}, {"id": "1013623672", "price": 123.38, "amount": 0.11, "side": "sell", "timestamp": 1766029768088}, {"id": "1013623673", "price": 123.39, "amount": 6.25, "side": "buy", "timestamp": 1766029768089}, {"id": "1013623674", "price": 123.39, "amount": 0.11, "side": "buy", "timestamp": 1766029768545}, {"id": "1013623675", "price": 123.39, "amount": 3.86, "side": "buy", "timestamp": 1766029768792}, {"id": "1013623775", "price": 123.32, "amount": 659.32, "side": "buy", "timestamp": 1766029805269}, {"id": "1013623776", "price": 123.33, "amount": 717.32, "side": "buy", "timestamp": 1766029805269}, {"id": "1013623777", "price": 123.34, "amount": 937.33, "side": "buy", "timestamp": 1766029805270}, {"id": "1013623778", "price": 123.35, "amount": 1185.1, "side": "buy", "timestamp": 1766029805270}, {"id": "1013623779", "price": 123.33, "amount": 2.0, "side": "buy", "timestamp": 1766029805277}, {"id": "1013623780", "price": 123.32, "amount": 0.13, "side": "sell", "timestamp": 1766029805278}, {"id": "1013623781", "price": 123.32, "amount": 0.35, "side": "sell", "timestamp": 1766029805524}, {"id": "1013623782", "price": 123.33, "amount": 0.13, "side": "buy", "timestamp": 1766029805965}, {"id": "1013623783", "price": 123.32, "amount": 573.15, "side": "sell", "timestamp": 1766029806300}, {"id": "1013623784", "price": 123.31, "amount": 25.57, "side": "sell", "timestamp": 1766029806397}, {"id": "1013623785", "price": 123.3, "amount": 1.57, "side": "sell", "timestamp": 1766029806633}, {"id": "1013623786", "price": 123.3, "amount": 0.11, "side": "sell", "timestamp": 1766029807133}, {"id": "1013623787", "price": 123.31, "amount": 0.14, "side": "buy", "timestamp": 1766029808375}, {"id": "1013623788", "price": 123.31, "amount": 2.89, "side": "buy", "timestamp": 1766029808870}, {"id": "1013623789", "price": 123.31, "amount": 123.62, "side": "buy", "timestamp": 1766029809065}, {"id": "1013623790", "price": 123.32, "amount": 0.17, "side": "buy", "timestamp": 1766029809457}, {"id": "1013623791", "price": 123.31, "amount": 0.79, "side": "sell", "timestamp": 1766029809815}, {"id": "1013623792", "price": 123.31, "amount": 0.11, "side": "sell", "timestamp": 1766029810033}, {"id": "1013623793", "price": 123.31, "amount": 9.29, "side": "sell", "timestamp": 1766029810291}, {"id": "1013623794", "price": 123.32, "amount": 26.58, "side": "buy", "timestamp": 1766029810788}, {"id": "1013623795", "price": 123.33, "amount": 10.68, "side": "buy", "timestamp": 1766029810820}, {"id": "1013623796", "price": 123.34, "amount": 45.44, "side": "buy", "timestamp": 1766029811043}, {"id": "1013623797", "price": 123.35, "amount": 6.14, "side": "buy", "timestamp": 1766029811075}, {"id": "1013623798", "price": 123.35, "amount": 5.33, "side": "sell", "timestamp": 1766029811348}, {"id": "1013623799", "price": 123.35, "amount": 24.32, "side": "sell", "timestamp": 1766029811528}, {"id": "1013623800", "price": 123.36, "amount": 0.1, "side": "buy", "timestamp": 1766029811808}, {"id": "1013623801", "price": 123.36, "amount": 1.97, "side": "buy", "timestamp": 1766029812014}, {"id": "1013623802", "price": 123.36, "amount": 4.45, "side": "buy", "timestamp": 1766029812195}, {"id": "1013623803", "price": 123.35, "amount": 0.11, "side": "sell", "timestamp": 1766029813093}, {"id": "1013623804", "price": 123.36, "amount": 37.64, "side": "buy", "timestamp": 1766029814668}, {"id": "1013623805", "price": 123.37, "amount": 45.05, "side": "buy", "timestamp": 1766029814714}, {"id": "1013623806", "price": 123.38, "amount": 41.94, "side": "buy", "timestamp": 1766029814717}, {"id": "1013623807", "price": 123.38, "amount": 0.1, "side": "buy", "timestamp": 1766029814884}, {"id": "1013623808", "price": 123.38, "amount": 0.07, "side": "buy", "timestamp": 1766029815721}, {"id": "1013623809", "price": 123.37, "amount": 0.26, "side": "sell", "timestamp": 1766029816096}, {"id": "1013623810", "price": 123.38, "amount": 5.97, "side": "buy", "timestamp": 1766029816835}, {"id": "1013623811", "price": 123.37, "amount": 18.51, "side": "sell", "timestamp": 1766029817012}, {"id": "1013623812", "price": 123.38, "amount": 0.89, "side": "buy", "timestamp": 1766029817123}, {"id": "1013623813", "price": 123.37, "amount": 1.56, "side": "sell", "timestamp": 1766029818147}, {"id": "1013623814", "price": 123.38, "amount": 0.07, "side": "buy", "timestamp": 1766029819130}, {"id": "1013623815", "price": 123.37, "amount": 0.11, "side": "sell", "timestamp": 1766029819161}, {"id": "1013623816", "price": 123.38, "amount": 0.44, "side": "buy", "timestamp": 1766029819169}, {"id": "1013623817", "price": 123.38, "amount": 52.5, "side": "buy", "timestamp": 1766029820309}, {"id": "1013623818", "price": 123.39, "amount": 24.23, "side": "buy", "timestamp": 1766029820332}, {"id": "1013623819", "price": 123.4, "amount": 183.51, "side": "buy", "timestamp": 1766029820363}, {"id": "1013623820", "price": 123.41, "amount": 1.45, "side": "buy", "timestamp": 1766029820462}, {"id": "1013623821", "price": 123.42, "amount": 24.03, "side": "buy", "timestamp": 1766029820462}, {"id": "1013623822", "price": 123.42, "amount": 6.93, "side": "buy", "timestamp": 1766029820573}, {"id": "1013623823", "price": 123.43, "amount": 5.93, "side": "buy", "timestamp": 1766029820573}, {"id": "1013623824", "price": 123.42, "amount": 77.42, "side": "sell", "timestamp": 1766029821220}, {"id": "1013624015", "price": 123.5, "amount": 0.26, "side": "sell", "timestamp": 1766029861187}, {"id": "1013624016", "price": 123.5, "amount": 82.99, "side": "sell", "timestamp": 1766029861321}, {"id": "1013624017", "price": 123.49, "amount": 0.8, "side": "sell", "timestamp": 1766029861328}, {"id": "1013624018", "price": 123.5, "amount": 2.23, "side": "buy", "timestamp": 1766029861393}, {"id": "1013624019", "price": 123.49, "amount": 0.1, "side": "sell", "timestamp": 1766029861397}, {"id": "1013624020", "price": 123.5, "amount": 4.04, "side": "buy", "timestamp": 1766029861494}, {"id": "1013624021", "price": 123.5, "amount": 30.68, "side": "buy", "timestamp": 1766029861819}, {"id": "1013624022", "price": 123.49, "amount": 10.25, "side": "sell", "timestamp": 1766029862281}, {"id": "1013624023", "price": 123.5, "amount": 1.09, "side": "buy", "timestamp": 1766029862318}, {"id": "1013624024", "price": 123.49, "amount": 0.89, "side": "sell", "timestamp": 1766029862494}, {"id": "1013624025", "price": 123.49, "amount": 0.13, "side": "sell", "timestamp": 1766029862606}, {"id": "1013624026", "price": 123.5, "amount": 1.01, "side": "buy", "timestamp": 1766029862825}, {"id": "1013624027", "price": 123.5, "amount": 1.0, "side": "buy", "timestamp": 1766029863230}, {"id": "1013624028", "price": 123.5, "amount": 0.1, "side": "buy", "timestamp": 1766029863368}, {"id": "1013624029", "price": 123.49, "amount": 36.44, "side": "sell", "timestamp": 1766029863462}, {"id": "1013624030", "price": 123.48, "amount": 0.9, "side": "sell", "timestamp": 1766029863561}, {"id": "1013624031", "price": 123.48, "amount": 0.61, "side": "sell", "timestamp": 1766029864042}, {"id": "1013624032", "price": 123.48, "amount": 171.3, "side": "sell", "timestamp": 1766029864424}, {"id": "1013624033", "price": 123.49, "amount": 0.98, "side": "buy", "timestamp": 1766029864676}, {"id": "1013624034", "price": 123.49, "amount": 0.27, "side": "buy", "timestamp": 1766029865499}, {"id": "1013624035", "price": 123.49, "amount": 1.5, "side": "buy", "timestamp": 1766029866219}, {"id": "1013624036", "price": 123.48, "amount": 49.65, "side": "sell", "timestamp": 1766029867031}, {"id": "1013624037", "price": 123.49, "amount": 0.06, "side": "buy", "timestamp": 1766029867383}, {"id": "1013624038", "price": 123.48, "amount": 0.16, "side": "sell", "timestamp": 1766029867440}, {"id": "1013624039", "price": 123.48, "amount": 179.85, "side": "sell", "timestamp": 1766029867916}, {"id": "1013624040", "price": 123.48, "amount": 0.16, "side": "buy", "timestamp": 1766029867919}, {"id": "1013624041", "price": 123.47, "amount": 4.77, "side": "sell", "timestamp": 1766029867925}, {"id": "1013624042", "price": 123.48, "amount": 0.17, "side": "buy", "timestamp": 1766029868909}, {"id": "1013624043", "price": 123.47, "amount": 0.31, "side": "sell", "timestamp": 1766029869001}, {"id": "1013624044", "price": 123.48, "amount": 30.0, "side": "buy", "timestamp": 1766029869376}, {"id": "1013624045", "price": 123.48, "amount": 0.05, "side": "buy", "timestamp": 1766029869942}, {"id": "1013624046", "price": 123.47, "amount": 5.73, "side": "sell", "timestamp": 1766029870001}, {"id": "1013624047", "price": 123.47, "amount": 334.94, "side": "sell", "timestamp": 1766029870318}, {"id": "1013624048", "price": 123.46, "amount": 17.35, "side": "sell", "timestamp": 1766029870318}, {"id": "1013624049", "price": 123.46, "amount": 1.74, "side": "sell", "timestamp": 1766029870581}, {"id": "1013624050", "price": 123.46, "amount": 74.06, "side": "sell", "timestamp": 1766029870726}, {"id": "1013624051", "price": 123.45, "amount": 0.05, "side": "sell", "timestamp": 1766029870744}, {"id": "1013624052", "price": 123.46, "amount": 0.16, "side": "buy", "timestamp": 1766029870748}, {"id": "1013624053", "price": 123.45, "amount": 0.25, "side": "sell", "timestamp": 1766029870773}, {"id": "1013624054", "price": 123.45, "amount": 64.75, "side": "sell", "timestamp": 1766029870877}, {"id": "1013624055", "price": 123.45, "amount": 3.32, "side": "buy", "timestamp": 1766029871373}, {"id": "1013624056", "price": 123.44, "amount": 0.26, "side": "sell", "timestamp": 1766029871708}, {"id": "1013624057", "price": 123.44, "amount": 12.33, "side": "sell", "timestamp": 1766029872080}, {"id": "1013624058", "price": 123.44, "amount": 0.4, "side": "sell", "timestamp": 1766029872494}, {"id": "1013624059", "price": 123.45, "amount": 0.07, "side": "buy", "timestamp": 1766029872565}, {"id": "1013624060", "price": 123.45, "amount": 311.99, "side": "buy", "timestamp": 1766029872760}, {"id": "1013624061", "price": 123.45, "amount": 129.5, "side": "buy", "timestamp": 1766029872945}, {"id": "1013624062", "price": 123.46, "amount": 9.92, "side": "buy", "timestamp": 1766029872999}, {"id": "1013624063", "price": 123.46, "amount": 1.73, "side": "sell", "timestamp": 1766029873000}, {"id": "1013624064", "price": 123.46, "amount": 0.11, "side": "sell", "timestamp": 1766029873128}, {"id": "1013624270", "price": 123.52, "amount": 175.29, "side": "sell", "timestamp": 1766029913109}, {"id": "1013624271", "price": 123.53, "amount": 0.07, "side": "buy", "timestamp": 1766029913120}, {"id": "1013624272", "price": 123.53, "amount": 2.0, "side": "buy", "timestamp": 1766029913327}, {"id": "1013624273", "price": 123.52, "amount": 3.57, "side": "sell", "timestamp": 1766029914137}, {"id": "1013624274", "price": 123.52, "amount": 79.63, "side": "sell", "timestamp": 1766029914688}, {"id": "1013624275", "price": 123.53, "amount": 0.05, "side": "buy", "timestamp": 1766029914944}, {"id": "1013624276", "price": 123.52, "amount": 0.11, "side": "sell", "timestamp": 1766029915094}, {"id": "1013624277", "price": 123.53, "amount": 16.19, "side": "buy", "timestamp": 1766029915197}, {"id": "1013624278", "price": 123.52, "amount": 4.78, "side": "sell", "timestamp": 1766029915417}, {"id": "1013624279", "price": 123.53, "amount": 196.43, "side": "buy", "timestamp": 1766029916654}, {"id": "1013624280", "price": 123.53, "amount": 0.07, "side": "buy", "timestamp": 1766029917214}, {"id": "1013624281", "price": 123.53, "amount": 0.05, "side": "buy", "timestamp": 1766029917542}, {"id": "1013624282", "price": 123.52, "amount": 0.18, "side": "sell", "timestamp": 1766029917863}, {"id": "1013624283", "price": 123.53, "amount": 1.21, "side": "buy", "timestamp": 1766029917864}, {"id": "1013624284", "price": 123.52, "amount": 0.11, "side": "sell", "timestamp": 1766029918107}, {"id": "1013624285", "price": 123.53, "amount": 8.04, "side": "buy", "timestamp": 1766029919561}, {"id": "1013624286", "price": 123.53, "amount": 167.57, "side": "buy", "timestamp": 1766029920210}, {"id": "1013624287", "price": 123.53, "amount": 0.18, "side": "buy", "timestamp": 1766029920661}, {"id": "1013624288", "price": 123.52, "amount": 0.11, "side": "sell", "timestamp": 1766029921151}, {"id": "1013624289", "price": 123.53, "amount": 0.05, "side": "buy", "timestamp": 1766029922011}, {"id": "1013624290", "price": 123.52, "amount": 1.55, "side": "sell", "timestamp": 1766029922044}, {"id": "1013624291", "price": 123.52, "amount": 3.32, "side": "sell", "timestamp": 1766029922312}, {"id": "1013624292", "price": 123.52, "amount": 12.18, "side": "sell", "timestamp": 1766029922532}, {"id": "1013624293", "price": 123.53, "amount": 545.74, "side": "buy", "timestamp": 1766029922811}, {"id": "1013624294", "price": 123.54, "amount": 266.74, "side": "buy", "timestamp": 1766029922896}, {"id": "1013624295", "price": 123.54, "amount": 0.54, "side": "sell", "timestamp": 1766029923010}, {"id": "1013624296", "price": 123.55, "amount": 1.02, "side": "buy", "timestamp": 1766029923019}, {"id": "1013624297", "price": 123.54, "amount": 0.2, "side": "sell", "timestamp": 1766029923020}, {"id": "1013624298", "price": 123.55, "amount": 8.35, "side": "buy", "timestamp": 1766029923037}, {"id": "1013624299", "price": 123.54, "amount": 0.1, "side": "sell", "timestamp": 1766029923039}, {"id": "1013624300", "price": 123.55, "amount": 1.12, "side": "buy", "timestamp": 1766029923043}, {"id": "1013624301", "price": 123.54, "amount": 0.4, "side": "sell", "timestamp": 1766029923048}, {"id": "1013624302", "price": 123.55, "amount": 3.64, "side": "buy", "timestamp": 1766029923127}, {"id": "1013624303", "price": 123.54, "amount": 0.32, "side": "sell", "timestamp": 1766029923285}, {"id": "1013624304", "price": 123.55, "amount": 112.15, "side": "buy", "timestamp": 1766029923291}, {"id": "1013624305", "price": 123.54, "amount": 8.82, "side": "sell", "timestamp": 1766029923543}, {"id": "1013624306", "price": 123.55, "amount": 0.01, "side": "buy", "timestamp": 1766029923635}, {"id": "1013624307", "price": 123.55, "amount": 43.85, "side": "buy", "timestamp": 1766029923896}, {"id": "1013624308", "price": 123.55, "amount": 142.57, "side": "buy", "timestamp": 1766029924075}, {"id": "1013624309", "price": 123.54, "amount": 0.11, "side": "sell", "timestamp": 1766029924202}, {"id": "1013624310", "price": 123.55, "amount": 1.76, "side": "buy", "timestamp": 1766029924280}, {"id": "1013624311", "price": 123.55, "amount": 1.42, "side": "buy", "timestamp": 1766029924718}, {"id": "1013624312", "price": 123.55, "amount": 5.27, "side": "buy", "timestamp": 1766029924840}, {"id": "1013624313", "price": 123.54, "amount": 0.5, "side": "sell", "timestamp": 1766029925474}, {"id": "1013624314", "price": 123.55, "amount": 3.87, "side": "buy", "timestamp": 1766029925617}, {"id": "1013624315", "price": 123.54, "amount": 8.28, "side": "sell", "timestamp": 1766029925653}, {"id": "1013624316", "price": 123.55, "amount": 0.1, "side": "buy", "timestamp": 1766029925720}, {"id": "1013624317", "price": 123.55, "amount": 18.94, "side": "buy", "timestamp": 1766029925879}, {"id": "1013624318", "price": 123.54, "amount": 20.0, "side": "sell", "timestamp": 1766029926056}, {"id": "1013624319", "price": 123.55, "amount": 32.76, "side": "buy", "timestamp": 1766029926070}, {"id": "1013624480", "price": 123.59, "amount": 8.14, "side": "buy", "timestamp": 1766029972750}, {"id": "1013624481", "price": 123.58, "amount": 0.41, "side": "sell", "timestamp": 1766029972909}, {"id": "1013624482", "price": 123.59, "amount": 110.72, "side": "buy", "timestamp": 1766029972929}, {"id": "1013624483", "price": 123.6, "amount": 442.9, "side": "buy", "timestamp": 1766029972938}, {"id": "1013624484", "price": 123.61, "amount": 1051.77, "side": "buy", "timestamp": 1766029972942}, {"id": "1013624485", "price": 123.61, "amount": 63.02, "side": "buy", "timestamp": 1766029973046}, {"id": "1013624486", "price": 123.6, "amount": 29.53, "side": "sell", "timestamp": 1766029973179}, {"id": "1013624487", "price": 123.61, "amount": 19.34, "side": "buy", "timestamp": 1766029973219}, {"id": "1013624488", "price": 123.6, "amount": 0.24, "side": "sell", "timestamp": 1766029973248}, {"id": "1013624489", "price": 123.61, "amount": 48.89, "side": "buy", "timestamp": 1766029973275}, {"id": "1013624490", "price": 123.61, "amount": 25.44, "side": "buy", "timestamp": 1766029973385}, {"id": "1013624491", "price": 123.62, "amount": 66.7, "side": "buy", "timestamp": 1766029973385}, {"id": "1013624492", "price": 123.61, "amount": 0.05, "side": "sell", "timestamp": 1766029973390}, {"id": "1013624493", "price": 123.62, "amount": 107.7, "side": "buy", "timestamp": 1766029973390}, {"id": "1013624494", "price": 123.62, "amount": 14.07, "side": "buy", "timestamp": 1766029973938}, {"id": "1013624495", "price": 123.62, "amount": 8.1, "side": "buy", "timestamp": 1766029974039}, {"id": "1013624496", "price": 123.61, "amount": 0.05, "side": "sell", "timestamp": 1766029974039}, {"id": "1013624497", "price": 123.62, "amount": 0.07, "side": "buy", "timestamp": 1766029974245}, {"id": "1013624498", "price": 123.62, "amount": 7.31, "side": "buy", "timestamp": 1766029974362}, {"id": "1013624499", "price": 123.61, "amount": 80.1, "side": "sell", "timestamp": 1766029974444}, {"id": "1013624500", "price": 123.62, "amount": 2.42, "side": "buy", "timestamp": 1766029974661}, {"id": "1013624501", "price": 123.61, "amount": 0.83, "side": "sell", "timestamp": 1766029974916}, {"id": "1013624502", "price": 123.62, "amount": 2.85, "side": "buy", "timestamp": 1766029975218}, {"id": "1013624503", "price": 123.62, "amount": 10.0, "side": "buy", "timestamp": 1766029975624}, {"id": "1013624504", "price": 123.62, "amount": 22.6, "side": "buy", "timestamp": 1766029975733}, {"id": "1013624505", "price": 123.62, "amount": 25.17, "side": "buy", "timestamp": 1766029975880}, {"id": "1013624506", "price": 123.62, "amount": 11.64, "side": "buy", "timestamp": 1766029975993}, {"id": "1013624507", "price": 123.62, "amount": 17.85, "side": "buy", "timestamp": 1766029976150}, {"id": "1013624508", "price": 123.61, "amount": 561.71, "side": "sell", "timestamp": 1766029976381}, {"id": "1013624509", "price": 123.6, "amount": 5.5, "side": "sell", "timestamp": 1766029976385}, {"id": "1013624510", "price": 123.61, "amount": 260.18, "side": "buy", "timestamp": 1766029976386}, {"id": "1013624511", "price": 123.6, "amount": 0.05, "side": "sell", "timestamp": 1766029976387}, {"id": "1013624512", "price": 123.61, "amount": 239.82, "side": "buy", "timestamp": 1766029976388}, {"id": "1013624513", "price": 123.6, "amount": 0.6, "side": "sell", "timestamp": 1766029976393}, {"id": "1013624514", "price": 123.61, "amount": 0.07, "side": "buy", "timestamp": 1766029976497}, {"id": "1013624515", "price": 123.6, "amount": 739.69, "side": "sell", "timestamp": 1766029976699}, {"id": "1013624516", "price": 123.59, "amount": 122.43, "side": "sell", "timestamp": 1766029976699}, {"id": "1013624517", "price": 123.58, "amount": 114.93, "side": "sell", "timestamp": 1766029976700}, {"id": "1013624518", "price": 123.59, "amount": 49.74, "side": "buy", "timestamp": 1766029976701}, {"id": "1013624519", "price": 123.58, "amount": 0.05, "side": "sell", "timestamp": 1766029976704}, {"id": "1013624520", "price": 123.59, "amount": 53.19, "side": "buy", "timestamp": 1766029976704}, {"id": "1013624521", "price": 123.58, "amount": 0.6, "side": "sell", "timestamp": 1766029976708}, {"id": "1013624522", "price": 123.58, "amount": 0.1, "side": "sell", "timestamp": 1766029976859}, {"id": "1013624523", "price": 123.58, "amount": 0.1, "side": "sell", "timestamp": 1766029976966}, {"id": "1013624524", "price": 123.59, "amount": 1.33, "side": "buy", "timestamp": 1766029977037}, {"id": "1013624525", "price": 123.58, "amount": 0.05, "side": "sell", "timestamp": 1766029977072}, {"id": "1013624526", "price": 123.58, "amount": 0.7, "side": "sell", "timestamp": 1766029977345}, {"id": "1013624527", "price": 123.59, "amount": 4.0, "side": "buy", "timestamp": 1766029977693}, {"id": "1013624528", "price": 123.58, "amount": 0.71, "side": "sell", "timestamp": 1766029977785}, {"id": "1013624529", "price": 123.58, "amount": 0.11, "side": "sell", "timestamp": 1766029978055}]