[{"symbol": "AVAXUSDT", "bids": [[12.142, 229.0], [12.141, 257.0], [12.14, 1135.0], [12.139, 845.0], [12.138, 1451.0], [12.137, 1343.0], [12.136, 1395.0], [12.135, 955.0], [12.134, 1459.0], [12.133, 2360.0], [12.132, 1069.0], [12.131, 2738.0], [12.13, 1385.0], [12.129, 1034.0], [12.128, 2799.0], [12.127, 1689.0], [12.126, 1090.0], [12.125, 1316.0], [12.124, 5604.0], [12.123, 2037.0]], "asks": [[12.143, 469.0], [12.144, 1057.0], [12.145, 1087.0], [12.146, 915.0], [12.147, 2243.0], [12.148, 1586.0], [12.149, 1432.0], [12.15, 623.0], [12.151, 1382.0], [12.152, 2054.0], [12.153, 2197.0], [12.154, 2848.0], [12.155, 1240.0], [12.156, 1628.0], [12.157, 2188.0], [12.158, 732.0], [12.159, 2099.0], [12.16, 2239.0], [12.161, 1734.0], [12.162, 2365.0]], "timestamp": "2025-12-16T09:25:55.128203+00:00"}, {"symbol": "AVAXUSDT", "bids": [[12.147, 139.0], [12.146, 119.0], [12.145, 1473.0], [12.144, 1129.0], [12.143, 1079.0], [12.142, 1756.0], [12.141, 1279.0], [12.14, 1145.0], [12.139, 2151.0], [12.138, 1643.0], [12.137, 1653.0], [12.136, 1450.0], [12.135, 1318.0], [12.134, 3471.0], [12.133, 2536.0], [12.132, 1727.0], [12.131, 1372.0], [12.13, 1619.0], [12.129, 1766.0], [12.128, 1694.0]], "asks": [[12.148, 496.0], [12.149, 591.0], [12.15, 851.0], [12.151, 847.0], [12.152, 924.0], [12.153, 1186.0], [12.154, 2578.0], [12.155, 1542.0], [12.156, 1395.0], [12.157, 2697.0], [12.158, 1639.0], [12.159, 2711.0], [12.16, 2790.0], [12.161, 1713.0], [12.162, 4020.0], [12.163, 3297.0], [12.164, 1989.0], [12.165, 1284.0], [12.166, 3453.0], [12.167, 13884.0]], "timestamp": "2025-12-16T09:26:49.623318+00:00"}, {"symbol": "AVAXUSDT", "bids": [[12.139, 146.0], [12.138, 987.0], [12.137, 1960.0], [12.136, 4662.0], [12.135, 985.0], [12.134, 1069.0], [12.133, 1162.0], [12.132, 1161.0], [12.131, 1334.0], [12.13, 1733.0], [12.129, 1103.0], [12.128, 1473.0], [12.127, 1422.0], [12.126, 2510.0], [12.125, 1518.0], [12.124, 3487.0], [12.123, 2099.0], [12.122, 2608.0], [12.121, 4796.0], [12.12, 2838.0]], "asks": [[12.14, 283.0], [12.141, 562.0], [12.142, 1200.0], [12.143, 987.0], [12.144, 1844.0], [12.145, 2416.0], [12.146, 2239.0], [12.147, 2191.0], [12.148, 1760.0], [12.149, 760.0], [12.15, 1502.0], [12.151, 3268.0], [12.152, 1341.0], [12.153, 881.0], [12.154, 2376.0], [12.155, 1481.0], [12.156, 1570.0], [12.157, 2646.0], [12.158, 867.0], [12.159, 1445.0]], "timestamp": "2025-12-16T09:27:44.201830+00:00"}, {"symbol": "AVAXUSDT", "bids": [[12.145, 49.0], [12.144, 539.0], [12.143, 1970.0], [12.142, 4404.0], [12.141, 1859.0], [12.14, 1892.0], [12.139, 1623.0], [12.138, 1540.0], [12.137, 1948.0], [12.136, 1217.0], [12.135, 546.0], [12.134, 1013.0], [12.133, 1349.0], [12.132, 1881.0], [12.131, 4191.0], [12.13, 3184.0], [12.129, 1890.0], [12.128, 3469.0], [12.127, 2353.0], [12.126, 3055.0]], "asks": [[12.146, 535.0], [12.147, 383.0], [12.148, 906.0], [12.149, 1137.0], [12.15, 2171.0], [12.151, 2035.0], [12.152, 1231.0], [12.153, 2061.0], [12.154, 2373.0], [12.155, 2171.0], [12.156, 2005.0], [12.157, 2646.0], [12.158, 3395.0], [12.159, 1990.0], [12.16, 2866.0], [12.161, 913.0], [12.162, 1438.0], [12.163, 3498.0], [12.164, 1491.0], [12.165, 676.0]], "timestamp": "2025-12-16T09:28:38.340175+00:00"}, {"symbol": "AVAXUSDT", "bids": [[12.145, 349.0], [12.144, 724.0], [12.143, 1591.0], [12.142, 4323.0], [12.141, 1381.0], [12.14, 1922.0], [12.139, 1409.0], [12.138, 1665.0], [12.137, 2093.0], [12.136, 1095.0], [12.135, 543.0], [12.134, 1008.0], [12.133, 1643.0], [12.132, 3637.0], [12.131, 1935.0], [12.13, 3054.0], [12.129, 1634.0], [12.128, 2109.0], [12.127, 2661.0], [12.126, 3375.0]], "asks": [[12.146, 305.0], [12.147, 199.0], [12.148, 673.0], [12.149, 991.0], [12.15, 1497.0], [12.151, 1779.0], [12.152, 1423.0], [12.153, 1824.0], [12.154, 2015.0], [12.155, 2220.0], [12.156, 2770.0], [12.157, 4478.0], [12.158, 1671.0], [12.159, 1692.0], [12.16, 2582.0], [12.161, 831.0], [12.162, 1504.0], [12.163, 3351.0], [12.164, 1524.0], [12.165, 825.0]], "timestamp": "2025-12-16T09:29:32.651386+00:00"}, {"symbol": "AVAXUSDT", "bids": [[12.152, 336.0], [12.151, 409.0], [12.15, 1227.0], [12.149, 1813.0], [12.148, 1891.0], [12.147, 1381.0], [12.146, 1797.0], [12.145, 1538.0], [12.144, 2678.0], [12.143, 2680.0], [12.142, 1561.0], [12.141, 1278.0], [12.14, 1795.0], [12.139, 1994.0], [12.138, 4278.0], [12.137, 1445.0], [12.136, 602.0], [12.135, 1078.0], [12.134, 778.0], [12.133, 1124.0]], "asks": [[12.153, 174.0], [12.154, 240.0], [12.155, 776.0], [12.156, 889.0], [12.157, 1171.0], [12.158, 1383.0], [12.159, 1502.0], [12.16, 1268.0], [12.161, 1091.0], [12.162, 1983.0], [12.163, 2778.0], [12.164, 821.0], [12.165, 3356.0], [12.166, 1569.0], [12.167, 1157.0], [12.168, 1831.0], [12.169, 876.0], [12.17, 1391.0], [12.171, 1630.0], [12.172, 1890.0]], "timestamp": "2025-12-16T09:30:26.200785+00:00"}, {"symbol": "AVAXUSDT", "bids": [[12.158, 1228.0], [12.157, 974.0], [12.156, 871.0], [12.155, 1687.0], [12.154, 1654.0], [12.153, 1448.0], [12.152, 1035.0], [12.151, 1389.0], [12.15, 1444.0], [12.149, 1299.0], [12.148, 1433.0], [12.147, 3310.0], [12.146, 1477.0], [12.145, 1796.0], [12.144, 2730.0], [12.143, 4071.0], [12.142, 2154.0], [12.141, 1201.0], [12.14, 1198.0], [12.139, 985.0]], "asks": [[12.159, 248.0], [12.16, 184.0], [12.161, 362.0], [12.162, 489.0], [12.163, 1738.0], [12.164, 1183.0], [12.165, 1309.0], [12.166, 1794.0], [12.167, 1360.0], [12.168, 1153.0], [12.169, 1168.0], [12.17, 1796.0], [12.171, 1864.0], [12.172, 3847.0], [12.173, 3094.0], [12.174, 3098.0], [12.175, 1588.0], [12.176, 1130.0], [12.177, 2214.0], [12.178, 790.0]], "timestamp": "2025-12-16T09:31:20.537769+00:00"}, {"symbol": "AVAXUSDT", "bids": [[12.16, 989.0], [12.159, 810.0], [12.158, 1263.0], [12.157, 1123.0], [12.156, 838.0], [12.155, 1680.0], [12.154, 1634.0], [12.153, 912.0], [12.152, 1187.0], [12.151, 1826.0], [12.15, 3190.0], [12.149, 1021.0], [12.148, 1249.0], [12.147, 2257.0], [12.146, 2581.0], [12.145, 1311.0], [12.144, 1592.0], [12.143, 4118.0], [12.142, 1068.0], [12.141, 1524.0]], "asks": [[12.161, 32.0], [12.162, 215.0], [12.163, 642.0], [12.164, 373.0], [12.165, 1434.0], [12.166, 1404.0], [12.167, 2214.0], [12.168, 1333.0], [12.169, 877.0], [12.17, 1243.0], [12.171, 1298.0], [12.172, 1611.0], [12.173, 1008.0], [12.174, 2934.0], [12.175, 906.0], [12.176, 2356.0], [12.177, 1967.0], [12.178, 3170.0], [12.179, 2691.0], [12.18, 13842.0]], "timestamp": "2025-12-16T09:32:14.749284+00:00"}, {"symbol": "AVAXUSDT", "bids": [[12.183, 679.0], [12.182, 1331.0], [12.181, 906.0], [12.18, 840.0], [12.179, 2029.0], [12.178, 1459.0], [12.177, 2305.0], [12.176, 3418.0], [12.175, 1589.0], [12.174, 1701.0], [12.173, 1808.0], [12.172, 3176.0], [12.171, 1318.0], [12.17, 960.0], [12.169, 889.0], [12.168, 2704.0], [12.167, 1596.0], [12.166, 1247.0], [12.165, 2050.0], [12.164, 795.0]], "asks": [[12.184, 540.0], [12.185, 662.0], [12.186, 583.0], [12.187, 625.0], [12.188, 978.0], [12.189, 1687.0], [12.19, 1493.0], [12.191, 1578.0], [12.192, 2012.0], [12.193, 1153.0], [12.194, 1442.0], [12.195, 1396.0], [12.196, 1127.0], [12.197, 3631.0], [12.198, 1280.0], [12.199, 1336.0], [12.2, 2105.0], [12.201, 1230.0], [12.202, 1194.0], [12.203, 1416.0]], "timestamp": "2025-12-16T09:33:08.620179+00:00"}, {"symbol": "AVAXUSDT", "bids": [[12.174, 586.0], [12.173, 377.0], [12.172, 951.0], [12.171, 1231.0], [12.17, 1443.0], [12.169, 1217.0], [12.168, 781.0], [12.167, 1776.0], [12.166, 1319.0], [12.165, 1952.0], [12.164, 1069.0], [12.163, 2158.0], [12.162, 1056.0], [12.161, 3042.0], [12.16, 3341.0], [12.159, 1162.0], [12.158, 860.0], [12.157, 2039.0], [12.156, 1193.0], [12.155, 1564.0]], "asks": [[12.175, 49.0], [12.176, 432.0], [12.177, 447.0], [12.178, 765.0], [12.179, 1376.0], [12.18, 1227.0], [12.181, 2419.0], [12.182, 1635.0], [12.183, 1429.0], [12.184, 764.0], [12.185, 1835.0], [12.186, 1848.0], [12.187, 3359.0], [12.188, 1806.0], [12.189, 1529.0], [12.19, 5350.0], [12.191, 1395.0], [12.192, 2151.0], [12.193, 3174.0], [12.194, 1184.0]], "timestamp": "2025-12-16T09:34:02.322532+00:00"}, {"symbol": "AVAXUSDT", "bids": [[12.162, 141.0], [12.161, 719.0], [12.16, 1495.0], [12.159, 574.0], [12.158, 870.0], [12.157, 1413.0], [12.156, 998.0], [12.155, 1778.0], [12.154, 1520.0], [12.153, 856.0], [12.152, 1506.0], [12.151, 5703.0], [12.15, 1535.0], [12.149, 2318.0], [12.148, 1422.0], [12.147, 1687.0], [12.146, 1291.0], [12.145, 1048.0], [12.144, 1297.0], [12.143, 1498.0]], "asks": [[12.163, 23.0], [12.164, 463.0], [12.165, 619.0], [12.166, 901.0], [12.167, 1934.0], [12.168, 1516.0], [12.169, 1485.0], [12.17, 2061.0], [12.171, 1349.0], [12.172, 1821.0], [12.173, 1851.0], [12.174, 1788.0], [12.175, 4724.0], [12.176, 2268.0], [12.177, 934.0], [12.178, 3527.0], [12.179, 2303.0], [12.18, 925.0], [12.181, 1922.0], [12.182, 1116.0]], "timestamp": "2025-12-16T09:34:56.337668+00:00"}, {"symbol": "AVAXUSDT", "bids": [[12.148, 199.0], [12.147, 325.0], [12.146, 709.0], [12.145, 878.0], [12.144, 905.0], [12.143, 1102.0], [12.142, 940.0], [12.141, 674.0], [12.14, 1243.0], [12.139, 1471.0], [12.138, 1144.0], [12.137, 1536.0], [12.136, 3327.0], [12.135, 1504.0], [12.134, 1187.0], [12.133, 2449.0], [12.132, 725.0], [12.131, 1034.0], [12.13, 3789.0], [12.129, 1354.0]], "asks": [[12.149, 52.0], [12.15, 263.0], [12.151, 867.0], [12.152, 1530.0], [12.153, 1346.0], [12.154, 1106.0], [12.155, 1550.0], [12.156, 2032.0], [12.157, 1475.0], [12.158, 1906.0], [12.159, 1649.0], [12.16, 3324.0], [12.161, 968.0], [12.162, 562.0], [12.163, 1097.0], [12.164, 1840.0], [12.165, 2627.0], [12.166, 3517.0], [12.167, 2629.0], [12.168, 840.0]], "timestamp": "2025-12-16T09:35:50.959400+00:00"}, {"symbol": "AVAXUSDT", "bids": [[12.164, 675.0], [12.163, 847.0], [12.162, 1115.0], [12.161, 913.0], [12.16, 1491.0], [12.159, 1455.0], [12.158, 1940.0], [12.157, 1191.0], [12.156, 1028.0], [12.155, 1732.0], [12.154, 3055.0], [12.153, 1585.0], [12.152, 1643.0], [12.151, 737.0], [12.15, 1396.0], [12.149, 3395.0], [12.148, 1856.0], [12.147, 649.0], [12.146, 1037.0], [12.145, 1354.0]], "asks": [[12.165, 53.0], [12.166, 35.0], [12.167, 1237.0], [12.168, 4076.0], [12.169, 647.0], [12.17, 1097.0], [12.171, 1479.0], [12.172, 639.0], [12.173, 1190.0], [12.174, 977.0], [12.175, 1011.0], [12.176, 1824.0], [12.177, 1427.0], [12.178, 3521.0], [12.179, 1176.0], [12.18, 1398.0], [12.181, 4959.0], [12.182, 2413.0], [12.183, 1348.0], [12.184, 711.0]], "timestamp": "2025-12-16T09:36:44.689653+00:00"}, {"symbol": "AVAXUSDT", "bids": [[12.163, 5.0], [12.162, 627.0], [12.161, 852.0], [12.16, 669.0], [12.159, 1193.0], [12.158, 1123.0], [12.157, 878.0], [12.156, 932.0], [12.155, 1800.0], [12.154, 1506.0], [12.153, 1716.0], [12.152, 3998.0], [12.151, 1584.0], [12.15, 3961.0], [12.149, 1825.0], [12.148, 1752.0], [12.147, 3002.0], [12.146, 1109.0], [12.145, 2915.0], [12.144, 14268.0]], "asks": [[12.164, 711.0], [12.165, 700.0], [12.166, 875.0], [12.167, 1059.0], [12.168, 854.0], [12.169, 1332.0], [12.17, 1431.0], [12.171, 1618.0], [12.172, 1326.0], [12.173, 2168.0], [12.174, 1530.0], [12.175, 4432.0], [12.176, 5790.0], [12.177, 1956.0], [12.178, 2122.0], [12.179, 1898.0], [12.18, 2261.0], [12.181, 1013.0], [12.182, 1291.0], [12.183, 685.0]], "timestamp": "2025-12-16T09:37:38.123166+00:00"}, {"symbol": "AVAXUSDT", "bids": [[12.162, 372.0], [12.161, 490.0], [12.16, 565.0], [12.159, 634.0], [12.158, 777.0], [12.157, 1329.0], [12.156, 1137.0], [12.155, 1626.0], [12.154, 2098.0], [12.153, 1882.0], [12.152, 3139.0], [12.151, 938.0], [12.15, 2663.0], [12.149, 1948.0], [12.148, 3042.0], [12.147, 3219.0], [12.146, 1801.0], [12.145, 1128.0], [12.144, 1617.0], [12.143, 2283.0]], "asks": [[12.163, 122.0], [12.164, 687.0], [12.165, 705.0], [12.166, 850.0], [12.167, 1580.0], [12.168, 1193.0], [12.169, 1828.0], [12.17, 2286.0], [12.171, 1196.0], [12.172, 1574.0], [12.173, 3148.0], [12.174, 1746.0], [12.175, 2496.0], [12.176, 5984.0], [12.177, 943.0], [12.178, 1974.0], [12.179, 2054.0], [12.18, 2420.0], [12.181, 1288.0], [12.182, 1911.0]], "timestamp": "2025-12-16T09:38:31.176558+00:00"}, {"symbol": "AVAXUSDT", "bids": [[12.174, 656.0], [12.173, 1170.0], [12.172, 1198.0], [12.171, 1196.0], [12.17, 1116.0], [12.169, 1324.0], [12.168, 1434.0], [12.167, 1439.0], [12.166, 1502.0], [12.165, 3145.0], [12.164, 2069.0], [12.163, 1242.0], [12.162, 2598.0], [12.161, 1701.0], [12.16, 2553.0], [12.159, 1263.0], [12.158, 1493.0], [12.157, 1283.0], [12.156, 789.0], [12.155, 1572.0]], "asks": [[12.175, 17.0], [12.176, 3969.0], [12.177, 211.0], [12.178, 295.0], [12.179, 1165.0], [12.18, 1070.0], [12.181, 713.0], [12.182, 1680.0], [12.183, 729.0], [12.184, 1884.0], [12.185, 1715.0], [12.186, 1586.0], [12.187, 1858.0], [12.188, 5070.0], [12.189, 1496.0], [12.19, 3060.0], [12.191, 1466.0], [12.192, 1920.0], [12.193, 1718.0], [12.194, 2880.0]], "timestamp": "2025-12-16T09:39:24.631862+00:00"}, {"symbol": "AVAXUSDT", "bids": [[12.17, 1.0], [12.169, 7.0], [12.168, 501.0], [12.167, 764.0], [12.166, 817.0], [12.165, 807.0], [12.164, 1416.0], [12.163, 1118.0], [12.162, 1358.0], [12.161, 1519.0], [12.16, 1265.0], [12.159, 2534.0], [12.158, 1661.0], [12.157, 2093.0], [12.156, 2760.0], [12.155, 1288.0], [12.154, 1430.0], [12.153, 1761.0], [12.152, 4633.0], [12.151, 1020.0]], "asks": [[12.171, 615.0], [12.172, 218.0], [12.173, 1047.0], [12.174, 646.0], [12.175, 1815.0], [12.176, 1496.0], [12.177, 2177.0], [12.178, 3217.0], [12.179, 2689.0], [12.18, 1566.0], [12.181, 5087.0], [12.182, 1391.0], [12.183, 1149.0], [12.184, 3710.0], [12.185, 2479.0], [12.186, 563.0], [12.187, 1227.0], [12.188, 2823.0], [12.189, 948.0], [12.19, 2096.0]], "timestamp": "2025-12-16T09:40:18.393687+00:00"}, {"symbol": "AVAXUSDT", "bids": [[12.169, 316.0], [12.168, 666.0], [12.167, 994.0], [12.166, 618.0], [12.165, 1293.0], [12.164, 971.0], [12.163, 926.0], [12.162, 1075.0], [12.161, 1088.0], [12.16, 1374.0], [12.159, 1217.0], [12.158, 4063.0], [12.157, 3384.0], [12.156, 1209.0], [12.155, 1397.0], [12.154, 1741.0], [12.153, 1490.0], [12.152, 2377.0], [12.151, 1888.0], [12.15, 4553.0]], "asks": [[12.17, 11.0], [12.171, 190.0], [12.172, 764.0], [12.173, 698.0], [12.174, 1025.0], [12.175, 1452.0], [12.176, 1349.0], [12.177, 1604.0], [12.178, 2497.0], [12.179, 2808.0], [12.18, 3271.0], [12.181, 5142.0], [12.182, 1686.0], [12.183, 893.0], [12.184, 1307.0], [12.185, 3716.0], [12.186, 1932.0], [12.187, 1032.0], [12.188, 1503.0], [12.189, 1220.0]], "timestamp": "2025-12-16T09:41:11.479748+00:00"}, {"symbol": "AVAXUSDT", "bids": [[12.167, 394.0], [12.166, 872.0], [12.165, 918.0], [12.164, 997.0], [12.163, 1214.0], [12.162, 1030.0], [12.161, 1088.0], [12.16, 863.0], [12.159, 1471.0], [12.158, 1793.0], [12.157, 1654.0], [12.156, 1718.0], [12.155, 3403.0], [12.154, 3269.0], [12.153, 1285.0], [12.152, 2130.0], [12.151, 1350.0], [12.15, 4014.0], [12.149, 1912.0], [12.148, 1154.0]], "asks": [[12.168, 171.0], [12.169, 317.0], [12.17, 1113.0], [12.171, 702.0], [12.172, 1654.0], [12.173, 1543.0], [12.174, 830.0], [12.175, 2139.0], [12.176, 2055.0], [12.177, 1819.0], [12.178, 3165.0], [12.179, 2272.0], [12.18, 2295.0], [12.181, 5145.0], [12.182, 2137.0], [12.183, 1953.0], [12.184, 1072.0], [12.185, 1289.0], [12.186, 734.0], [12.187, 984.0]], "timestamp": "2025-12-16T09:42:03.460280+00:00"}, {"symbol": "AVAXUSDT", "bids": [[12.174, 3.0], [12.173, 331.0], [12.172, 526.0], [12.171, 765.0], [12.17, 1797.0], [12.169, 1212.0], [12.168, 1486.0], [12.167, 2763.0], [12.166, 2324.0], [12.165, 974.0], [12.164, 1241.0], [12.163, 1080.0], [12.162, 3607.0], [12.161, 1469.0], [12.16, 1390.0], [12.159, 1271.0], [12.158, 1631.0], [12.157, 904.0], [12.156, 2181.0], [12.155, 1568.0]], "asks": [[12.175, 322.0], [12.176, 542.0], [12.177, 743.0], [12.178, 1385.0], [12.179, 1391.0], [12.18, 1387.0], [12.181, 5075.0], [12.182, 1762.0], [12.183, 1906.0], [12.184, 1383.0], [12.185, 1379.0], [12.186, 1450.0], [12.187, 1347.0], [12.188, 1563.0], [12.189, 1004.0], [12.19, 5285.0], [12.191, 1731.0], [12.192, 1067.0], [12.193, 1445.0], [12.194, 1781.0]], "timestamp": "2025-12-16T09:42:56.297835+00:00"}, {"symbol": "AVAXUSDT", "bids": [[12.178, 578.0], [12.177, 206.0], [12.176, 681.0], [12.175, 627.0], [12.174, 1006.0], [12.173, 1406.0], [12.172, 1688.0], [12.171, 976.0], [12.17, 2365.0], [12.169, 1317.0], [12.168, 1786.0], [12.167, 4327.0], [12.166, 4128.0], [12.165, 2387.0], [12.164, 1524.0], [12.163, 1493.0], [12.162, 1413.0], [12.161, 1494.0], [12.16, 1471.0], [12.159, 3787.0]], "asks": [[12.179, 979.0], [12.18, 1655.0], [12.181, 5392.0], [12.182, 1830.0], [12.183, 989.0], [12.184, 929.0], [12.185, 1323.0], [12.186, 1293.0], [12.187, 2122.0], [12.188, 1335.0], [12.189, 927.0], [12.19, 1269.0], [12.191, 1630.0], [12.192, 3740.0], [12.193, 1066.0], [12.194, 2344.0], [12.195, 4076.0], [12.196, 1730.0], [12.197, 1366.0], [12.198, 2705.0]], "timestamp": "2025-12-16T09:43:49.257370+00:00"}, {"symbol": "AVAXUSDT", "bids": [[12.18, 352.0], [12.179, 239.0], [12.178, 903.0], [12.177, 1427.0], [12.176, 1537.0], [12.175, 1599.0], [12.174, 1780.0], [12.173, 1295.0], [12.172, 1454.0], [12.171, 1993.0], [12.17, 2086.0], [12.169, 3879.0], [12.168, 1099.0], [12.167, 1455.0], [12.166, 2476.0], [12.165, 1304.0], [12.164, 2295.0], [12.163, 909.0], [12.162, 3296.0], [12.161, 16609.0]], "asks": [[12.181, 468.0], [12.182, 1802.0], [12.183, 1532.0], [12.184, 2287.0], [12.185, 1725.0], [12.186, 6337.0], [12.187, 1232.0], [12.188, 1292.0], [12.189, 682.0], [12.19, 1772.0], [12.191, 873.0], [12.192, 920.0], [12.193, 901.0], [12.194, 3507.0], [12.195, 1596.0], [12.196, 1654.0], [12.197, 1795.0], [12.198, 601.0], [12.199, 1199.0], [12.2, 1475.0]], "timestamp": "2025-12-16T09:44:42.184443+00:00"}, {"symbol": "AVAXUSDT", "bids": [[12.189, 726.0], [12.188, 655.0], [12.187, 1291.0], [12.186, 1085.0], [12.185, 1647.0], [12.184, 1425.0], [12.183, 1925.0], [12.182, 1409.0], [12.181, 1649.0], [12.18, 2220.0], [12.179, 1517.0], [12.178, 3491.0], [12.177, 2090.0], [12.176, 3911.0], [12.175, 2510.0], [12.174, 1806.0], [12.173, 1204.0], [12.172, 887.0], [12.171, 1896.0], [12.17, 4727.0]], "asks": [[12.19, 693.0], [12.191, 5664.0], [12.192, 1088.0], [12.193, 246.0], [12.194, 1316.0], [12.195, 814.0], [12.196, 788.0], [12.197, 1785.0], [12.198, 1831.0], [12.199, 1342.0], [12.2, 800.0], [12.201, 1369.0], [12.202, 1881.0], [12.203, 3010.0], [12.204, 2332.0], [12.205, 2715.0], [12.206, 3276.0], [12.207, 1648.0], [12.208, 3890.0], [12.209, 14966.0]], "timestamp": "2025-12-16T09:45:35.163733+00:00"}, {"symbol": "AVAXUSDT", "bids": [[12.181, 79.0], [12.18, 8.0], [12.179, 435.0], [12.178, 1397.0], [12.177, 902.0], [12.176, 1447.0], [12.175, 1334.0], [12.174, 1557.0], [12.173, 1274.0], [12.172, 1213.0], [12.171, 1673.0], [12.17, 2421.0], [12.169, 1976.0], [12.168, 3304.0], [12.167, 2833.0], [12.166, 2589.0], [12.165, 1542.0], [12.164, 2043.0], [12.163, 3367.0], [12.162, 2337.0]], "asks": [[12.182, 518.0], [12.183, 812.0], [12.184, 1663.0], [12.185, 898.0], [12.186, 1587.0], [12.187, 2051.0], [12.188, 1576.0], [12.189, 1985.0], [12.19, 3322.0], [12.191, 6104.0], [12.192, 1158.0], [12.193, 1647.0], [12.194, 3414.0], [12.195, 1019.0], [12.196, 2188.0], [12.197, 807.0], [12.198, 779.0], [12.199, 1954.0], [12.2, 2697.0], [12.201, 14221.0]], "timestamp": "2025-12-16T09:46:28.186607+00:00"}, {"symbol": "AVAXUSDT", "bids": [[12.183, 455.0], [12.182, 405.0], [12.181, 1081.0], [12.18, 1437.0], [12.179, 1635.0], [12.178, 1348.0], [12.177, 2226.0], [12.176, 2291.0], [12.175, 2353.0], [12.174, 2265.0], [12.173, 778.0], [12.172, 2752.0], [12.171, 1659.0], [12.17, 1500.0], [12.169, 2370.0], [12.168, 2232.0], [12.167, 1320.0], [12.166, 2173.0], [12.165, 1281.0], [12.164, 1865.0]], "asks": [[12.184, 113.0], [12.185, 333.0], [12.186, 635.0], [12.187, 1210.0], [12.188, 1066.0], [12.189, 1656.0], [12.19, 2835.0], [12.191, 6649.0], [12.192, 916.0], [12.193, 561.0], [12.194, 1230.0], [12.195, 1342.0], [12.196, 1795.0], [12.197, 941.0], [12.198, 2974.0], [12.199, 2879.0], [12.2, 2697.0], [12.201, 1185.0], [12.202, 1274.0], [12.203, 1706.0]], "timestamp": "2025-12-16T09:47:20.938368+00:00"}, {"symbol": "AVAXUSDT", "bids": [[12.18, 352.0], [12.179, 321.0], [12.178, 668.0], [12.177, 1146.0], [12.176, 1467.0], [12.175, 706.0], [12.174, 866.0], [12.173, 1340.0], [12.172, 1312.0], [12.171, 1612.0], [12.17, 1903.0], [12.169, 1490.0], [12.168, 1550.0], [12.167, 5000.0], [12.166, 1739.0], [12.165, 2229.0], [12.164, 1465.0], [12.163, 1418.0], [12.162, 2718.0], [12.161, 1388.0]], "asks": [[12.181, 189.0], [12.182, 622.0], [12.183, 986.0], [12.184, 1746.0], [12.185, 1840.0], [12.186, 1760.0], [12.187, 2039.0], [12.188, 2852.0], [12.189, 3370.0], [12.19, 2968.0], [12.191, 5962.0], [12.192, 888.0], [12.193, 1504.0], [12.194, 4062.0], [12.195, 860.0], [12.196, 822.0], [12.197, 2648.0], [12.198, 982.0], [12.199, 1721.0], [12.2, 2695.0]], "timestamp": "2025-12-16T09:48:12.482931+00:00"}, {"symbol": "AVAXUSDT", "bids": [[12.182, 355.0], [12.181, 718.0], [12.18, 1307.0], [12.179, 977.0], [12.178, 988.0], [12.177, 1820.0], [12.176, 1759.0], [12.175, 2176.0], [12.174, 1222.0], [12.173, 1535.0], [12.172, 897.0], [12.171, 1212.0], [12.17, 3734.0], [12.169, 1034.0], [12.168, 1820.0], [12.167, 2541.0], [12.166, 2357.0], [12.165, 4649.0], [12.164, 1662.0], [12.163, 1043.0]], "asks": [[12.183, 239.0], [12.184, 391.0], [12.185, 561.0], [12.186, 978.0], [12.187, 1830.0], [12.188, 1270.0], [12.189, 2049.0], [12.19, 3134.0], [12.191, 5944.0], [12.192, 772.0], [12.193, 1232.0], [12.194, 2100.0], [12.195, 3573.0], [12.196, 1161.0], [12.197, 2258.0], [12.198, 1084.0], [12.199, 1318.0], [12.2, 1588.0], [12.201, 1077.0], [12.202, 1865.0]], "timestamp": "2025-12-16T09:49:06.015291+00:00"}, {"symbol": "AVAXUSDT", "bids": [[12.17, 477.0], [12.169, 300.0], [12.168, 553.0], [12.167, 755.0], [12.166, 803.0], [12.165, 998.0], [12.164, 1093.0], [12.163, 726.0], [12.162, 905.0], [12.161, 1339.0], [12.16, 1532.0], [12.159, 3010.0], [12.158, 1621.0], [12.157, 1966.0], [12.156, 2019.0], [12.155, 1621.0], [12.154, 1718.0], [12.153, 1001.0], [12.152, 2859.0], [12.151, 3536.0]], "asks": [[12.171, 498.0], [12.172, 1958.0], [12.173, 6187.0], [12.174, 1146.0], [12.175, 1671.0], [12.176, 1608.0], [12.177, 2005.0], [12.178, 3716.0], [12.179, 3057.0], [12.18, 1486.0], [12.181, 1999.0], [12.182, 848.0], [12.183, 2193.0], [12.184, 4442.0], [12.185, 1285.0], [12.186, 2209.0], [12.187, 1081.0], [12.188, 1978.0], [12.189, 3735.0], [12.19, 2334.0]], "timestamp": "2025-12-16T09:49:58.817749+00:00"}, {"symbol": "AVAXUSDT", "bids": [[12.153, 124.0], [12.152, 101.0], [12.151, 934.0], [12.15, 567.0], [12.149, 1202.0], [12.148, 725.0], [12.147, 1163.0], [12.146, 1379.0], [12.145, 906.0], [12.144, 1130.0], [12.143, 1782.0], [12.142, 2829.0], [12.141, 1485.0], [12.14, 2384.0], [12.139, 1064.0], [12.138, 1964.0], [12.137, 4091.0], [12.136, 1609.0], [12.135, 2787.0], [12.134, 5834.0]], "asks": [[12.154, 1476.0], [12.155, 972.0], [12.156, 1437.0], [12.157, 1371.0], [12.158, 1337.0], [12.159, 1950.0], [12.16, 1591.0], [12.161, 1265.0], [12.162, 1578.0], [12.163, 2305.0], [12.164, 2076.0], [12.165, 3431.0], [12.166, 2070.0], [12.167, 3186.0], [12.168, 2350.0], [12.169, 1581.0], [12.17, 2065.0], [12.171, 589.0], [12.172, 2228.0], [12.173, 6376.0]], "timestamp": "2025-12-16T09:50:50.879508+00:00"}, {"symbol": "AVAXUSDT", "bids": [[12.151, 915.0], [12.15, 510.0], [12.149, 1150.0], [12.148, 652.0], [12.147, 861.0], [12.146, 1072.0], [12.145, 1359.0], [12.144, 1775.0], [12.143, 1562.0], [12.142, 1271.0], [12.141, 1016.0], [12.14, 1878.0], [12.139, 3284.0], [12.138, 2480.0], [12.137, 1926.0], [12.136, 2297.0], [12.135, 3442.0], [12.134, 2372.0], [12.133, 1779.0], [12.132, 4370.0]], "asks": [[12.152, 20.0], [12.153, 331.0], [12.154, 1960.0], [12.155, 5684.0], [12.156, 1189.0], [12.157, 1727.0], [12.158, 1607.0], [12.159, 1805.0], [12.16, 1755.0], [12.161, 1588.0], [12.162, 875.0], [12.163, 1653.0], [12.164, 1897.0], [12.165, 2079.0], [12.166, 4299.0], [12.167, 2508.0], [12.168, 3678.0], [12.169, 1452.0], [12.17, 1133.0], [12.171, 2543.0]], "timestamp": "2025-12-16T09:51:44.295826+00:00"}, {"symbol": "AVAXUSDT", "bids": [[12.159, 236.0], [12.158, 352.0], [12.157, 480.0], [12.156, 904.0], [12.155, 1761.0], [12.154, 1232.0], [12.153, 1481.0], [12.152, 1447.0], [12.151, 1319.0], [12.15, 1095.0], [12.149, 1762.0], [12.148, 3082.0], [12.147, 1533.0], [12.146, 1684.0], [12.145, 2849.0], [12.144, 1138.0], [12.143, 1714.0], [12.142, 2561.0], [12.141, 2770.0], [12.14, 2257.0]], "asks": [[12.16, 415.0], [12.161, 268.0], [12.162, 972.0], [12.163, 1243.0], [12.164, 1400.0], [12.165, 1213.0], [12.166, 2878.0], [12.167, 2723.0], [12.168, 1529.0], [12.169, 1193.0], [12.17, 787.0], [12.171, 1242.0], [12.172, 1666.0], [12.173, 2459.0], [12.174, 1319.0], [12.175, 2752.0], [12.176, 1411.0], [12.177, 1875.0], [12.178, 3400.0], [12.179, 1581.0]], "timestamp": "2025-12-16T09:52:36.470968+00:00"}, {"symbol": "AVAXUSDT", "bids": [[12.165, 20.0], [12.164, 476.0], [12.163, 483.0], [12.162, 1067.0], [12.161, 1429.0], [12.16, 2086.0], [12.159, 1740.0], [12.158, 2058.0], [12.157, 2253.0], [12.156, 2393.0], [12.155, 2576.0], [12.154, 1545.0], [12.153, 1565.0], [12.152, 4251.0], [12.151, 2051.0], [12.15, 2282.0], [12.149, 1476.0], [12.148, 1452.0], [12.147, 1918.0], [12.146, 1177.0]], "asks": [[12.166, 311.0], [12.167, 457.0], [12.168, 894.0], [12.169, 1397.0], [12.17, 1299.0], [12.171, 1161.0], [12.172, 2092.0], [12.173, 696.0], [12.174, 1655.0], [12.175, 2146.0], [12.176, 2136.0], [12.177, 3186.0], [12.178, 3676.0], [12.179, 1157.0], [12.18, 1003.0], [12.181, 2579.0], [12.182, 1271.0], [12.183, 2294.0], [12.184, 2227.0], [12.185, 1916.0]], "timestamp": "2025-12-16T09:53:27.930138+00:00"}, {"symbol": "AVAXUSDT", "bids": [[12.165, 41.0], [12.164, 131.0], [12.163, 531.0], [12.162, 690.0], [12.161, 1945.0], [12.16, 1964.0], [12.159, 1276.0], [12.158, 1894.0], [12.157, 1836.0], [12.156, 2045.0], [12.155, 2127.0], [12.154, 2111.0], [12.153, 4078.0], [12.152, 2670.0], [12.151, 850.0], [12.15, 1791.0], [12.149, 1861.0], [12.148, 701.0], [12.147, 1085.0], [12.146, 3799.0]], "asks": [[12.166, 740.0], [12.167, 929.0], [12.168, 1027.0], [12.169, 1296.0], [12.17, 1743.0], [12.171, 984.0], [12.172, 1497.0], [12.173, 2043.0], [12.174, 2181.0], [12.175, 2446.0], [12.176, 1074.0], [12.177, 3089.0], [12.178, 1336.0], [12.179, 1468.0], [12.18, 1990.0], [12.181, 2076.0], [12.182, 2769.0], [12.183, 1822.0], [12.184, 4024.0], [12.185, 1427.0]], "timestamp": "2025-12-16T09:54:21.606641+00:00"}, {"symbol": "AVAXUSDT", "bids": [[12.159, 438.0], [12.158, 674.0], [12.157, 1002.0], [12.156, 980.0], [12.155, 2068.0], [12.154, 1557.0], [12.153, 1230.0], [12.152, 1373.0], [12.151, 1105.0], [12.15, 1291.0], [12.149, 2051.0], [12.148, 1333.0], [12.147, 3583.0], [12.146, 2563.0], [12.145, 3287.0], [12.144, 2548.0], [12.143, 2177.0], [12.142, 1956.0], [12.141, 1237.0], [12.14, 1277.0]], "asks": [[12.16, 32.0], [12.161, 403.0], [12.162, 1003.0], [12.163, 1553.0], [12.164, 1512.0], [12.165, 1609.0], [12.166, 2298.0], [12.167, 1498.0], [12.168, 1299.0], [12.169, 2935.0], [12.17, 1764.0], [12.171, 1020.0], [12.172, 1989.0], [12.173, 3470.0], [12.174, 3189.0], [12.175, 1480.0], [12.176, 1310.0], [12.177, 739.0], [12.178, 1816.0], [12.179, 3049.0]], "timestamp": "2025-12-16T09:55:14.581753+00:00"}, {"symbol": "AVAXUSDT", "bids": [[12.158, 655.0], [12.157, 685.0], [12.156, 765.0], [12.155, 1299.0], [12.154, 955.0], [12.153, 1334.0], [12.152, 1535.0], [12.151, 1092.0], [12.15, 1311.0], [12.149, 2094.0], [12.148, 1663.0], [12.147, 3775.0], [12.146, 2001.0], [12.145, 1287.0], [12.144, 2410.0], [12.143, 2085.0], [12.142, 1696.0], [12.141, 1166.0], [12.14, 1785.0], [12.139, 3523.0]], "asks": [[12.159, 177.0], [12.16, 813.0], [12.161, 1308.0], [12.162, 690.0], [12.163, 1975.0], [12.164, 1515.0], [12.165, 1639.0], [12.166, 2235.0], [12.167, 1789.0], [12.168, 1683.0], [12.169, 3380.0], [12.17, 1662.0], [12.171, 1941.0], [12.172, 3521.0], [12.173, 1500.0], [12.174, 2879.0], [12.175, 1602.0], [12.176, 1106.0], [12.177, 995.0], [12.178, 3091.0]], "timestamp": "2025-12-16T09:56:07.403568+00:00"}, {"symbol": "AVAXUSDT", "bids": [[12.16, 1010.0], [12.159, 537.0], [12.158, 1009.0], [12.157, 987.0], [12.156, 935.0], [12.155, 1498.0], [12.154, 1031.0], [12.153, 1052.0], [12.152, 1185.0], [12.151, 794.0], [12.15, 1072.0], [12.149, 3624.0], [12.148, 910.0], [12.147, 2042.0], [12.146, 1764.0], [12.145, 806.0], [12.144, 1622.0], [12.143, 2888.0], [12.142, 1747.0], [12.141, 1467.0]], "asks": [[12.161, 286.0], [12.162, 882.0], [12.163, 1229.0], [12.164, 1151.0], [12.165, 1723.0], [12.166, 2360.0], [12.167, 1300.0], [12.168, 2457.0], [12.169, 3318.0], [12.17, 1488.0], [12.171, 818.0], [12.172, 1591.0], [12.173, 1366.0], [12.174, 4093.0], [12.175, 2094.0], [12.176, 1066.0], [12.177, 698.0], [12.178, 1923.0], [12.179, 4898.0], [12.18, 13713.0]], "timestamp": "2025-12-16T09:56:59.751783+00:00"}, {"symbol": "AVAXUSDT", "bids": [[12.161, 321.0], [12.16, 464.0], [12.159, 686.0], [12.158, 1245.0], [12.157, 1173.0], [12.156, 1151.0], [12.155, 1521.0], [12.154, 996.0], [12.153, 974.0], [12.152, 1185.0], [12.151, 1142.0], [12.15, 3198.0], [12.149, 2715.0], [12.148, 1132.0], [12.147, 2210.0], [12.146, 2173.0], [12.145, 888.0], [12.144, 1982.0], [12.143, 5125.0], [12.142, 1687.0]], "asks": [[12.162, 306.0], [12.163, 875.0], [12.164, 1248.0], [12.165, 1331.0], [12.166, 2270.0], [12.167, 1123.0], [12.168, 1196.0], [12.169, 1716.0], [12.17, 1452.0], [12.171, 1658.0], [12.172, 1934.0], [12.173, 1610.0], [12.174, 3376.0], [12.175, 2146.0], [12.176, 2162.0], [12.177, 744.0], [12.178, 1502.0], [12.179, 1187.0], [12.18, 1868.0], [12.181, 3960.0]], "timestamp": "2025-12-16T09:57:51.596748+00:00"}, {"symbol": "AVAXUSDT", "bids": [[12.165, 871.0], [12.164, 489.0], [12.163, 760.0], [12.162, 1973.0], [12.161, 839.0], [12.16, 1072.0], [12.159, 1715.0], [12.158, 3045.0], [12.157, 3147.0], [12.156, 1382.0], [12.155, 1966.0], [12.154, 1188.0], [12.153, 1597.0], [12.152, 3854.0], [12.151, 909.0], [12.15, 2039.0], [12.149, 1782.0], [12.148, 1656.0], [12.147, 3317.0], [12.146, 863.0]], "asks": [[12.166, 90.0], [12.167, 278.0], [12.168, 1045.0], [12.169, 917.0], [12.17, 884.0], [12.171, 881.0], [12.172, 1444.0], [12.173, 1578.0], [12.174, 1774.0], [12.175, 1717.0], [12.176, 1375.0], [12.177, 1781.0], [12.178, 3190.0], [12.179, 1254.0], [12.18, 2434.0], [12.181, 1606.0], [12.182, 1532.0], [12.183, 2953.0], [12.184, 2046.0], [12.185, 4027.0]], "timestamp": "2025-12-16T09:58:43.804489+00:00"}, {"symbol": "AVAXUSDT", "bids": [[12.166, 721.0], [12.165, 743.0], [12.164, 495.0], [12.163, 588.0], [12.162, 2265.0], [12.161, 1146.0], [12.16, 1135.0], [12.159, 1656.0], [12.158, 3056.0], [12.157, 3124.0], [12.156, 1396.0], [12.155, 1972.0], [12.154, 977.0], [12.153, 3770.0], [12.152, 3504.0], [12.151, 700.0], [12.15, 947.0], [12.149, 1883.0], [12.148, 1375.0], [12.147, 3304.0]], "asks": [[12.167, 317.0], [12.168, 382.0], [12.169, 1027.0], [12.17, 874.0], [12.171, 873.0], [12.172, 1285.0], [12.173, 1036.0], [12.174, 1297.0], [12.175, 1804.0], [12.176, 1761.0], [12.177, 1924.0], [12.178, 1783.0], [12.179, 2775.0], [12.18, 1382.0], [12.181, 1806.0], [12.182, 3141.0], [12.183, 2158.0], [12.184, 2116.0], [12.185, 3396.0], [12.186, 1607.0]], "timestamp": "2025-12-16T09:59:36.615416+00:00"}, {"symbol": "AVAXUSDT", "bids": [[12.164, 470.0], [12.163, 510.0], [12.162, 1523.0], [12.161, 759.0], [12.16, 969.0], [12.159, 1142.0], [12.158, 1310.0], [12.157, 2320.0], [12.156, 933.0], [12.155, 2370.0], [12.154, 1261.0], [12.153, 1104.0], [12.152, 2489.0], [12.151, 4353.0], [12.15, 910.0], [12.149, 1800.0], [12.148, 2027.0], [12.147, 3730.0], [12.146, 1155.0], [12.145, 3106.0]], "asks": [[12.165, 422.0], [12.166, 655.0], [12.167, 1541.0], [12.168, 2237.0], [12.169, 5605.0], [12.17, 1656.0], [12.171, 1775.0], [12.172, 1426.0], [12.173, 1214.0], [12.174, 2274.0], [12.175, 2008.0], [12.176, 3839.0], [12.177, 1727.0], [12.178, 1533.0], [12.179, 1938.0], [12.18, 3261.0], [12.181, 2782.0], [12.182, 943.0], [12.183, 1295.0], [12.184, 3068.0]], "timestamp": "2025-12-16T10:00:28.454707+00:00"}, {"symbol": "AVAXUSDT", "bids": [[12.16, 996.0], [12.159, 904.0], [12.158, 919.0], [12.157, 917.0], [12.156, 1071.0], [12.155, 1543.0], [12.154, 883.0], [12.153, 1474.0], [12.152, 2114.0], [12.151, 1118.0], [12.15, 1440.0], [12.149, 3475.0], [12.148, 1583.0], [12.147, 2599.0], [12.146, 2000.0], [12.145, 3649.0], [12.144, 1586.0], [12.143, 1182.0], [12.142, 852.0], [12.141, 3121.0]], "asks": [[12.161, 349.0], [12.162, 104.0], [12.163, 505.0], [12.164, 1246.0], [12.165, 1745.0], [12.166, 1442.0], [12.167, 1878.0], [12.168, 3104.0], [12.169, 5395.0], [12.17, 2200.0], [12.171, 1365.0], [12.172, 1612.0], [12.173, 3700.0], [12.174, 1799.0], [12.175, 1528.0], [12.176, 1181.0], [12.177, 2963.0], [12.178, 2075.0], [12.179, 1450.0], [12.18, 3100.0]], "timestamp": "2025-12-16T10:01:21.758986+00:00"}, {"symbol": "AVAXUSDT", "bids": [[12.146, 135.0], [12.145, 59.0], [12.144, 490.0], [12.143, 1083.0], [12.142, 1279.0], [12.141, 1081.0], [12.14, 1333.0], [12.139, 1284.0], [12.138, 1301.0], [12.137, 1881.0], [12.136, 860.0], [12.135, 1212.0], [12.134, 2010.0], [12.133, 5746.0], [12.132, 2844.0], [12.131, 954.0], [12.13, 1559.0], [12.129, 1358.0], [12.128, 2579.0], [12.127, 1297.0]], "asks": [[12.147, 303.0], [12.148, 764.0], [12.149, 1208.0], [12.15, 1372.0], [12.151, 1146.0], [12.152, 1453.0], [12.153, 2200.0], [12.154, 1872.0], [12.155, 2277.0], [12.156, 4092.0], [12.157, 1425.0], [12.158, 3221.0], [12.159, 1316.0], [12.16, 1086.0], [12.161, 1675.0], [12.162, 2868.0], [12.163, 1036.0], [12.164, 1592.0], [12.165, 3415.0], [12.166, 3031.0]], "timestamp": "2025-12-16T10:02:15.020739+00:00"}, {"symbol": "AVAXUSDT", "bids": [[12.159, 4.0], [12.158, 453.0], [12.157, 1069.0], [12.156, 990.0], [12.155, 1122.0], [12.154, 1777.0], [12.153, 1865.0], [12.152, 1268.0], [12.151, 855.0], [12.15, 1871.0], [12.149, 1611.0], [12.148, 2587.0], [12.147, 1292.0], [12.146, 1337.0], [12.145, 803.0], [12.144, 1605.0], [12.143, 1940.0], [12.142, 1577.0], [12.141, 2914.0], [12.14, 14898.0]], "asks": [[12.16, 1233.0], [12.161, 960.0], [12.162, 945.0], [12.163, 706.0], [12.164, 1959.0], [12.165, 1456.0], [12.166, 841.0], [12.167, 1472.0], [12.168, 2435.0], [12.169, 1141.0], [12.17, 1030.0], [12.171, 1324.0], [12.172, 3377.0], [12.173, 1392.0], [12.174, 1137.0], [12.175, 2004.0], [12.176, 1875.0], [12.177, 1750.0], [12.178, 2833.0], [12.179, 3320.0]], "timestamp": "2025-12-16T10:03:06.880293+00:00"}, {"symbol": "AVAXUSDT", "bids": [[12.165, 1077.0], [12.164, 760.0], [12.163, 1341.0], [12.162, 1561.0], [12.161, 667.0], [12.16, 1028.0], [12.159, 1678.0], [12.158, 1030.0], [12.157, 2176.0], [12.156, 1868.0], [12.155, 3564.0], [12.154, 1603.0], [12.153, 1378.0], [12.152, 2927.0], [12.151, 2252.0], [12.15, 2031.0], [12.149, 1414.0], [12.148, 979.0], [12.147, 1806.0], [12.146, 1126.0]], "asks": [[12.166, 46.0], [12.167, 178.0], [12.168, 615.0], [12.169, 919.0], [12.17, 1290.0], [12.171, 1359.0], [12.172, 1075.0], [12.173, 1207.0], [12.174, 2009.0], [12.175, 1985.0], [12.176, 1837.0], [12.177, 3752.0], [12.178, 2269.0], [12.179, 1997.0], [12.18, 1228.0], [12.181, 2659.0], [12.182, 1935.0], [12.183, 3278.0], [12.184, 1628.0], [12.185, 3574.0]], "timestamp": "2025-12-16T10:03:58.963369+00:00"}, {"symbol": "AVAXUSDT", "bids": [[12.17, 1662.0], [12.169, 1299.0], [12.168, 1196.0], [12.167, 799.0], [12.166, 904.0], [12.165, 1431.0], [12.164, 1371.0], [12.163, 1597.0], [12.162, 1917.0], [12.161, 872.0], [12.16, 1184.0], [12.159, 3178.0], [12.158, 1544.0], [12.157, 1594.0], [12.156, 2292.0], [12.155, 783.0], [12.154, 1278.0], [12.153, 2245.0], [12.152, 3267.0], [12.151, 1932.0]], "asks": [[12.171, 182.0], [12.172, 161.0], [12.173, 718.0], [12.174, 794.0], [12.175, 1559.0], [12.176, 1019.0], [12.177, 1369.0], [12.178, 1655.0], [12.179, 1619.0], [12.18, 1269.0], [12.181, 1275.0], [12.182, 1202.0], [12.183, 3016.0], [12.184, 1621.0], [12.185, 1687.0], [12.186, 2688.0], [12.187, 1204.0], [12.188, 1089.0], [12.189, 1688.0], [12.19, 3982.0]], "timestamp": "2025-12-16T10:04:51.627894+00:00"}, {"symbol": "AVAXUSDT", "bids": [[12.165, 74.0], [12.164, 491.0], [12.163, 837.0], [12.162, 1225.0], [12.161, 1002.0], [12.16, 1085.0], [12.159, 1784.0], [12.158, 1588.0], [12.157, 1810.0], [12.156, 1948.0], [12.155, 3488.0], [12.154, 1758.0], [12.153, 2013.0], [12.152, 2215.0], [12.151, 1612.0], [12.15, 2332.0], [12.149, 849.0], [12.148, 1239.0], [12.147, 667.0], [12.146, 1069.0]], "asks": [[12.166, 1064.0], [12.167, 1219.0], [12.168, 1072.0], [12.169, 1966.0], [12.17, 2499.0], [12.171, 5557.0], [12.172, 1999.0], [12.173, 1934.0], [12.174, 1049.0], [12.175, 1622.0], [12.176, 1329.0], [12.177, 1471.0], [12.178, 2236.0], [12.179, 3563.0], [12.18, 1685.0], [12.181, 1746.0], [12.182, 4353.0], [12.183, 1568.0], [12.184, 3036.0], [12.185, 1025.0]], "timestamp": "2025-12-16T10:05:44.445565+00:00"}, {"symbol": "AVAXUSDT", "bids": [[12.163, 702.0], [12.162, 925.0], [12.161, 939.0], [12.16, 1127.0], [12.159, 1992.0], [12.158, 1083.0], [12.157, 1671.0], [12.156, 1926.0], [12.155, 1556.0], [12.154, 2047.0], [12.153, 3225.0], [12.152, 806.0], [12.151, 1392.0], [12.15, 2501.0], [12.149, 1046.0], [12.148, 1216.0], [12.147, 667.0], [12.146, 1070.0], [12.145, 1713.0], [12.144, 3433.0]], "asks": [[12.164, 56.0], [12.165, 7.0], [12.166, 525.0], [12.167, 1718.0], [12.168, 1380.0], [12.169, 2825.0], [12.17, 1940.0], [12.171, 5279.0], [12.172, 2000.0], [12.173, 1786.0], [12.174, 1512.0], [12.175, 1607.0], [12.176, 1855.0], [12.177, 3586.0], [12.178, 1485.0], [12.179, 2038.0], [12.18, 2671.0], [12.181, 1653.0], [12.182, 2329.0], [12.183, 1568.0]], "timestamp": "2025-12-16T10:06:36.758620+00:00"}, {"symbol": "AVAXUSDT", "bids": [[12.166, 826.0], [12.165, 1598.0], [12.164, 928.0], [12.163, 1027.0], [12.162, 1480.0], [12.161, 1591.0], [12.16, 963.0], [12.159, 2163.0], [12.158, 1505.0], [12.157, 2046.0], [12.156, 3516.0], [12.155, 1889.0], [12.154, 2075.0], [12.153, 1736.0], [12.152, 2485.0], [12.151, 847.0], [12.15, 2018.0], [12.149, 2257.0], [12.148, 730.0], [12.147, 991.0]], "asks": [[12.167, 182.0], [12.168, 161.0], [12.169, 1640.0], [12.17, 1473.0], [12.171, 5131.0], [12.172, 1898.0], [12.173, 1417.0], [12.174, 979.0], [12.175, 2100.0], [12.176, 1283.0], [12.177, 1308.0], [12.178, 2248.0], [12.179, 4057.0], [12.18, 1274.0], [12.181, 2293.0], [12.182, 3373.0], [12.183, 1013.0], [12.184, 1320.0], [12.185, 2196.0], [12.186, 3937.0]], "timestamp": "2025-12-16T10:07:29.416938+00:00"}, {"symbol": "AVAXUSDT", "bids": [[12.166, 794.0], [12.165, 776.0], [12.164, 894.0], [12.163, 1048.0], [12.162, 1795.0], [12.161, 1015.0], [12.16, 1122.0], [12.159, 1999.0], [12.158, 1470.0], [12.157, 1591.0], [12.156, 4262.0], [12.155, 1620.0], [12.154, 1171.0], [12.153, 1736.0], [12.152, 2053.0], [12.151, 1488.0], [12.15, 2001.0], [12.149, 2130.0], [12.148, 3399.0], [12.147, 666.0]], "asks": [[12.167, 511.0], [12.168, 981.0], [12.169, 892.0], [12.17, 1861.0], [12.171, 5357.0], [12.172, 1702.0], [12.173, 937.0], [12.174, 1107.0], [12.175, 2517.0], [12.176, 1010.0], [12.177, 1983.0], [12.178, 3365.0], [12.179, 4224.0], [12.18, 1194.0], [12.181, 2372.0], [12.182, 2279.0], [12.183, 1226.0], [12.184, 1850.0], [12.185, 1520.0], [12.186, 3473.0]], "timestamp": "2025-12-16T10:08:22.054088+00:00"}, {"symbol": "AVAXUSDT", "bids": [[12.161, 180.0], [12.16, 486.0], [12.159, 969.0], [12.158, 441.0], [12.157, 1271.0], [12.156, 1146.0], [12.155, 1253.0], [12.154, 2042.0], [12.153, 1605.0], [12.152, 1117.0], [12.151, 1221.0], [12.15, 3925.0], [12.149, 804.0], [12.148, 1111.0], [12.147, 2522.0], [12.146, 2268.0], [12.145, 1508.0], [12.144, 3608.0], [12.143, 1237.0], [12.142, 1460.0]], "asks": [[12.162, 698.0], [12.163, 1151.0], [12.164, 752.0], [12.165, 1258.0], [12.166, 3148.0], [12.167, 1206.0], [12.168, 1233.0], [12.169, 2413.0], [12.17, 2114.0], [12.171, 5425.0], [12.172, 1763.0], [12.173, 3967.0], [12.174, 1364.0], [12.175, 2280.0], [12.176, 1841.0], [12.177, 2280.0], [12.178, 2462.0], [12.179, 1673.0], [12.18, 1927.0], [12.181, 2059.0]], "timestamp": "2025-12-16T10:09:15.163048+00:00"}, {"symbol": "AVAXUSDT", "bids": [[12.163, 169.0], [12.162, 602.0], [12.161, 956.0], [12.16, 800.0], [12.159, 1561.0], [12.158, 810.0], [12.157, 1082.0], [12.156, 1355.0], [12.155, 1246.0], [12.154, 2408.0], [12.153, 1820.0], [12.152, 2790.0], [12.151, 1406.0], [12.15, 1990.0], [12.149, 2698.0], [12.148, 1284.0], [12.147, 1360.0], [12.146, 1450.0], [12.145, 2176.0], [12.144, 1218.0]], "asks": [[12.164, 1009.0], [12.165, 799.0], [12.166, 1800.0], [12.167, 1007.0], [12.168, 1986.0], [12.169, 2171.0], [12.17, 2676.0], [12.171, 4968.0], [12.172, 1767.0], [12.173, 4064.0], [12.174, 1794.0], [12.175, 2179.0], [12.176, 2049.0], [12.177, 2575.0], [12.178, 1780.0], [12.179, 2317.0], [12.18, 1962.0], [12.181, 2188.0], [12.182, 3374.0], [12.183, 1246.0]], "timestamp": "2025-12-16T10:10:06.986517+00:00"}, {"symbol": "AVAXUSDT", "bids": [[12.157, 402.0], [12.156, 1376.0], [12.155, 950.0], [12.154, 958.0], [12.153, 1400.0], [12.152, 921.0], [12.151, 587.0], [12.15, 1708.0], [12.149, 1233.0], [12.148, 1233.0], [12.147, 1887.0], [12.146, 3442.0], [12.145, 1150.0], [12.144, 1551.0], [12.143, 2029.0], [12.142, 2472.0], [12.141, 1457.0], [12.14, 1324.0], [12.139, 1987.0], [12.138, 2125.0]], "asks": [[12.158, 170.0], [12.159, 614.0], [12.16, 1509.0], [12.161, 2323.0], [12.162, 1988.0], [12.163, 1307.0], [12.164, 2132.0], [12.165, 4688.0], [12.166, 1006.0], [12.167, 1133.0], [12.168, 1187.0], [12.169, 2014.0], [12.17, 4279.0], [12.171, 1365.0], [12.172, 3247.0], [12.173, 2244.0], [12.174, 1627.0], [12.175, 2378.0], [12.176, 5026.0], [12.177, 14974.0]], "timestamp": "2025-12-16T10:10:59.022227+00:00"}, {"symbol": "AVAXUSDT", "bids": [[12.16, 13.0], [12.159, 364.0], [12.158, 675.0], [12.157, 920.0], [12.156, 1841.0], [12.155, 1020.0], [12.154, 1028.0], [12.153, 1489.0], [12.152, 982.0], [12.151, 1011.0], [12.15, 1854.0], [12.149, 1773.0], [12.148, 3752.0], [12.147, 1911.0], [12.146, 2756.0], [12.145, 964.0], [12.144, 1096.0], [12.143, 1733.0], [12.142, 1666.0], [12.141, 4130.0]], "asks": [[12.161, 587.0], [12.162, 478.0], [12.163, 1481.0], [12.164, 1606.0], [12.165, 1515.0], [12.166, 2014.0], [12.167, 1434.0], [12.168, 1630.0], [12.169, 1971.0], [12.17, 1371.0], [12.171, 1471.0], [12.172, 2197.0], [12.173, 3956.0], [12.174, 1639.0], [12.175, 2901.0], [12.176, 1910.0], [12.177, 2454.0], [12.178, 1582.0], [12.179, 2886.0], [12.18, 16236.0]], "timestamp": "2025-12-16T10:11:50.749399+00:00"}, {"symbol": "AVAXUSDT", "bids": [[12.164, 1345.0], [12.163, 1138.0], [12.162, 1586.0], [12.161, 831.0], [12.16, 1166.0], [12.159, 1928.0], [12.158, 2015.0], [12.157, 1970.0], [12.156, 1877.0], [12.155, 1137.0], [12.154, 1544.0], [12.153, 3717.0], [12.152, 1769.0], [12.151, 1211.0], [12.15, 2036.0], [12.149, 3474.0], [12.148, 1110.0], [12.147, 2510.0], [12.146, 1050.0], [12.145, 1464.0]], "asks": [[12.165, 136.0], [12.166, 641.0], [12.167, 515.0], [12.168, 607.0], [12.169, 1691.0], [12.17, 1182.0], [12.171, 1755.0], [12.172, 1934.0], [12.173, 1100.0], [12.174, 1683.0], [12.175, 2083.0], [12.176, 1358.0], [12.177, 2249.0], [12.178, 6265.0], [12.179, 1312.0], [12.18, 1665.0], [12.181, 2652.0], [12.182, 1875.0], [12.183, 1619.0], [12.184, 3840.0]], "timestamp": "2025-12-16T10:12:43.970140+00:00"}, {"symbol": "AVAXUSDT", "bids": [[12.178, 895.0], [12.177, 1107.0], [12.176, 969.0], [12.175, 1016.0], [12.174, 983.0], [12.173, 1280.0], [12.172, 1860.0], [12.171, 1662.0], [12.17, 1545.0], [12.169, 1895.0], [12.168, 3369.0], [12.167, 1461.0], [12.166, 1747.0], [12.165, 2608.0], [12.164, 3608.0], [12.163, 1149.0], [12.162, 1887.0], [12.161, 1593.0], [12.16, 1819.0], [12.159, 1802.0]], "asks": [[12.179, 26.0], [12.18, 137.0], [12.181, 715.0], [12.182, 594.0], [12.183, 1105.0], [12.184, 1734.0], [12.185, 1439.0], [12.186, 1405.0], [12.187, 1483.0], [12.188, 1005.0], [12.189, 1294.0], [12.19, 1812.0], [12.191, 1095.0], [12.192, 3578.0], [12.193, 2717.0], [12.194, 2818.0], [12.195, 1528.0], [12.196, 3018.0], [12.197, 13559.0], [12.198, 649.0]], "timestamp": "2025-12-16T10:13:35.844467+00:00"}, {"symbol": "AVAXUSDT", "bids": [[12.178, 154.0], [12.177, 345.0], [12.176, 882.0], [12.175, 1392.0], [12.174, 1321.0], [12.173, 1238.0], [12.172, 1549.0], [12.171, 1592.0], [12.17, 1579.0], [12.169, 1933.0], [12.168, 3426.0], [12.167, 1384.0], [12.166, 1868.0], [12.165, 3378.0], [12.164, 3685.0], [12.163, 2146.0], [12.162, 1080.0], [12.161, 1280.0], [12.16, 3704.0], [12.159, 1518.0]], "asks": [[12.179, 356.0], [12.18, 1442.0], [12.181, 1047.0], [12.182, 1151.0], [12.183, 1186.0], [12.184, 1484.0], [12.185, 1753.0], [12.186, 1616.0], [12.187, 2146.0], [12.188, 1760.0], [12.189, 4265.0], [12.19, 1706.0], [12.191, 589.0], [12.192, 1379.0], [12.193, 666.0], [12.194, 2717.0], [12.195, 1361.0], [12.196, 1466.0], [12.197, 949.0], [12.198, 1465.0]], "timestamp": "2025-12-16T10:14:27.484863+00:00"}, {"symbol": "AVAXUSDT", "bids": [[12.171, 188.0], [12.17, 583.0], [12.169, 1121.0], [12.168, 584.0], [12.167, 1489.0], [12.166, 1841.0], [12.165, 2141.0], [12.164, 1727.0], [12.163, 1110.0], [12.162, 1046.0], [12.161, 1480.0], [12.16, 3726.0], [12.159, 1488.0], [12.158, 2277.0], [12.157, 3899.0], [12.156, 1061.0], [12.155, 1630.0], [12.154, 1491.0], [12.153, 2309.0], [12.152, 6677.0]], "asks": [[12.172, 343.0], [12.173, 500.0], [12.174, 983.0], [12.175, 1749.0], [12.176, 1308.0], [12.177, 1805.0], [12.178, 1856.0], [12.179, 1367.0], [12.18, 2135.0], [12.181, 1894.0], [12.182, 1771.0], [12.183, 1954.0], [12.184, 3559.0], [12.185, 1580.0], [12.186, 1798.0], [12.187, 3311.0], [12.188, 1771.0], [12.189, 1810.0], [12.19, 2102.0], [12.191, 680.0]], "timestamp": "2025-12-16T10:15:21.382287+00:00"}, {"symbol": "AVAXUSDT", "bids": [[12.169, 282.0], [12.168, 535.0], [12.167, 940.0], [12.166, 1198.0], [12.165, 1121.0], [12.164, 1433.0], [12.163, 1632.0], [12.162, 1520.0], [12.161, 1017.0], [12.16, 1349.0], [12.159, 1838.0], [12.158, 2940.0], [12.157, 952.0], [12.156, 1302.0], [12.155, 2880.0], [12.154, 1373.0], [12.153, 1560.0], [12.152, 5403.0], [12.151, 13568.0], [12.15, 1539.0]], "asks": [[12.17, 315.0], [12.171, 465.0], [12.172, 1065.0], [12.173, 932.0], [12.174, 1323.0], [12.175, 2368.0], [12.176, 1196.0], [12.177, 1098.0], [12.178, 1577.0], [12.179, 2065.0], [12.18, 1977.0], [12.181, 1564.0], [12.182, 1453.0], [12.183, 1635.0], [12.184, 5289.0], [12.185, 2002.0], [12.186, 1303.0], [12.187, 1391.0], [12.188, 1504.0], [12.189, 2143.0]], "timestamp": "2025-12-16T10:16:13.498042+00:00"}, {"symbol": "AVAXUSDT", "bids": [[12.194, 578.0], [12.193, 989.0], [12.192, 770.0], [12.191, 1507.0], [12.19, 1012.0], [12.189, 1598.0], [12.188, 1149.0], [12.187, 1684.0], [12.186, 1310.0], [12.185, 1169.0], [12.184, 3528.0], [12.183, 950.0], [12.182, 1247.0], [12.181, 1575.0], [12.18, 2657.0], [12.179, 1342.0], [12.178, 1494.0], [12.177, 1670.0], [12.176, 673.0], [12.175, 1186.0]], "asks": [[12.195, 151.0], [12.196, 706.0], [12.197, 366.0], [12.198, 942.0], [12.199, 1208.0], [12.2, 805.0], [12.201, 1351.0], [12.202, 2009.0], [12.203, 1336.0], [12.204, 1187.0], [12.205, 1244.0], [12.206, 1624.0], [12.207, 3982.0], [12.208, 1790.0], [12.209, 4135.0], [12.21, 2852.0], [12.211, 1738.0], [12.212, 2054.0], [12.213, 1832.0], [12.214, 1385.0]], "timestamp": "2025-12-16T10:17:05.288211+00:00"}, {"symbol": "AVAXUSDT", "bids": [[12.182, 12.0], [12.181, 114.0], [12.18, 628.0], [12.179, 974.0], [12.178, 910.0], [12.177, 1180.0], [12.176, 1429.0], [12.175, 1569.0], [12.174, 1180.0], [12.173, 1443.0], [12.172, 1999.0], [12.171, 1369.0], [12.17, 3250.0], [12.169, 3157.0], [12.168, 1571.0], [12.167, 644.0], [12.166, 1160.0], [12.165, 1535.0], [12.164, 1743.0], [12.163, 3833.0]], "asks": [[12.183, 666.0], [12.184, 1241.0], [12.185, 1396.0], [12.186, 1377.0], [12.187, 1668.0], [12.188, 1562.0], [12.189, 1910.0], [12.19, 2644.0], [12.191, 1191.0], [12.192, 1500.0], [12.193, 3422.0], [12.194, 1053.0], [12.195, 1028.0], [12.196, 4210.0], [12.197, 3417.0], [12.198, 6269.0], [12.199, 2851.0], [12.2, 1147.0], [12.201, 1540.0], [12.202, 4770.0]], "timestamp": "2025-12-16T10:17:56.896282+00:00"}, {"symbol": "AVAXUSDT", "bids": [[12.196, 837.0], [12.195, 1017.0], [12.194, 984.0], [12.193, 858.0], [12.192, 1236.0], [12.191, 1652.0], [12.19, 1250.0], [12.189, 1461.0], [12.188, 2220.0], [12.187, 1581.0], [12.186, 1363.0], [12.185, 2176.0], [12.184, 5259.0], [12.183, 1761.0], [12.182, 2567.0], [12.181, 1238.0], [12.18, 829.0], [12.179, 1806.0], [12.178, 799.0], [12.177, 851.0]], "asks": [[12.197, 34.0], [12.198, 5748.0], [12.199, 838.0], [12.2, 701.0], [12.201, 2238.0], [12.202, 571.0], [12.203, 761.0], [12.204, 1549.0], [12.205, 897.0], [12.206, 1578.0], [12.207, 1451.0], [12.208, 1228.0], [12.209, 1825.0], [12.21, 3593.0], [12.211, 4739.0], [12.212, 1912.0], [12.213, 1880.0], [12.214, 1649.0], [12.215, 1898.0], [12.216, 3298.0]], "timestamp": "2025-12-16T10:18:48.720015+00:00"}, {"symbol": "AVAXUSDT", "bids": [[12.189, 158.0], [12.188, 7.0], [12.187, 383.0], [12.186, 629.0], [12.185, 1890.0], [12.184, 1250.0], [12.183, 658.0], [12.182, 1279.0], [12.181, 1335.0], [12.18, 874.0], [12.179, 1329.0], [12.178, 2589.0], [12.177, 1106.0], [12.176, 1219.0], [12.175, 2045.0], [12.174, 2916.0], [12.173, 1706.0], [12.172, 3839.0], [12.171, 1365.0], [12.17, 1251.0]], "asks": [[12.19, 281.0], [12.191, 1741.0], [12.192, 976.0], [12.193, 849.0], [12.194, 1871.0], [12.195, 2323.0], [12.196, 1771.0], [12.197, 2016.0], [12.198, 1228.0], [12.199, 1764.0], [12.2, 2143.0], [12.201, 4442.0], [12.202, 1544.0], [12.203, 717.0], [12.204, 2061.0], [12.205, 1186.0], [12.206, 3018.0], [12.207, 3618.0], [12.208, 2185.0], [12.209, 1195.0]], "timestamp": "2025-12-16T10:19:40.110824+00:00"}, {"symbol": "AVAXUSDT", "bids": [[12.179, 133.0], [12.178, 466.0], [12.177, 788.0], [12.176, 973.0], [12.175, 2147.0], [12.174, 1326.0], [12.173, 1236.0], [12.172, 1678.0], [12.171, 1001.0], [12.17, 1335.0], [12.169, 1817.0], [12.168, 1873.0], [12.167, 4004.0], [12.166, 1601.0], [12.165, 2267.0], [12.164, 3573.0], [12.163, 3757.0], [12.162, 1326.0], [12.161, 1218.0], [12.16, 3505.0]], "asks": [[12.18, 417.0], [12.181, 562.0], [12.182, 938.0], [12.183, 734.0], [12.184, 1580.0], [12.185, 2884.0], [12.186, 1621.0], [12.187, 1591.0], [12.188, 1521.0], [12.189, 2055.0], [12.19, 1815.0], [12.191, 1083.0], [12.192, 3289.0], [12.193, 762.0], [12.194, 1420.0], [12.195, 1710.0], [12.196, 2012.0], [12.197, 1449.0], [12.198, 1155.0], [12.199, 1299.0]], "timestamp": "2025-12-16T10:20:31.891533+00:00"}, {"symbol": "AVAXUSDT", "bids": [[12.179, 651.0], [12.178, 752.0], [12.177, 1162.0], [12.176, 1143.0], [12.175, 2470.0], [12.174, 1361.0], [12.173, 944.0], [12.172, 1492.0], [12.171, 2393.0], [12.17, 1832.0], [12.169, 780.0], [12.168, 1337.0], [12.167, 4202.0], [12.166, 1842.0], [12.165, 1136.0], [12.164, 1419.0], [12.163, 2479.0], [12.162, 2139.0], [12.161, 1159.0], [12.16, 1589.0]], "asks": [[12.18, 382.0], [12.181, 912.0], [12.182, 652.0], [12.183, 680.0], [12.184, 1132.0], [12.185, 1920.0], [12.186, 1435.0], [12.187, 1628.0], [12.188, 2384.0], [12.189, 1395.0], [12.19, 1485.0], [12.191, 1955.0], [12.192, 3914.0], [12.193, 1608.0], [12.194, 3484.0], [12.195, 3088.0], [12.196, 854.0], [12.197, 2817.0], [12.198, 13824.0], [12.199, 1279.0]], "timestamp": "2025-12-16T10:21:24.495340+00:00"}, {"symbol": "AVAXUSDT", "bids": [[12.184, 47.0], [12.183, 845.0], [12.182, 719.0], [12.181, 1099.0], [12.18, 2794.0], [12.179, 2299.0], [12.178, 1376.0], [12.177, 2033.0], [12.176, 1457.0], [12.175, 1308.0], [12.174, 1927.0], [12.173, 3708.0], [12.172, 1677.0], [12.171, 1258.0], [12.17, 2309.0], [12.169, 1189.0], [12.168, 794.0], [12.167, 2086.0], [12.166, 1370.0], [12.165, 1453.0]], "asks": [[12.185, 284.0], [12.186, 716.0], [12.187, 854.0], [12.188, 858.0], [12.189, 1576.0], [12.19, 1264.0], [12.191, 2330.0], [12.192, 1546.0], [12.193, 1332.0], [12.194, 1897.0], [12.195, 1615.0], [12.196, 1530.0], [12.197, 1033.0], [12.198, 2716.0], [12.199, 1443.0], [12.2, 3494.0], [12.201, 1786.0], [12.202, 1076.0], [12.203, 1822.0], [12.204, 1993.0]], "timestamp": "2025-12-16T10:22:17.154723+00:00"}, {"symbol": "AVAXUSDT", "bids": [[12.184, 62.0], [12.183, 596.0], [12.182, 734.0], [12.181, 1380.0], [12.18, 1563.0], [12.179, 1909.0], [12.178, 1453.0], [12.177, 1811.0], [12.176, 1350.0], [12.175, 1088.0], [12.174, 1236.0], [12.173, 1157.0], [12.172, 2529.0], [12.171, 3723.0], [12.17, 2301.0], [12.169, 1039.0], [12.168, 775.0], [12.167, 1676.0], [12.166, 2257.0], [12.165, 1386.0]], "asks": [[12.185, 464.0], [12.186, 823.0], [12.187, 1165.0], [12.188, 790.0], [12.189, 1746.0], [12.19, 1897.0], [12.191, 1300.0], [12.192, 2099.0], [12.193, 1253.0], [12.194, 1705.0], [12.195, 3568.0], [12.196, 1231.0], [12.197, 996.0], [12.198, 1529.0], [12.199, 1301.0], [12.2, 3001.0], [12.201, 2001.0], [12.202, 1667.0], [12.203, 1822.0], [12.204, 2615.0]], "timestamp": "2025-12-16T10:23:09.069113+00:00"}, {"symbol": "AVAXUSDT", "bids": [[12.184, 543.0], [12.183, 1199.0], [12.182, 969.0], [12.181, 1350.0], [12.18, 2177.0], [12.179, 2135.0], [12.178, 1207.0], [12.177, 1701.0], [12.176, 1282.0], [12.175, 1144.0], [12.174, 1867.0], [12.173, 3624.0], [12.172, 1979.0], [12.171, 1537.0], [12.17, 1070.0], [12.169, 1919.0], [12.168, 1430.0], [12.167, 3553.0], [12.166, 2260.0], [12.165, 1237.0]], "asks": [[12.185, 65.0], [12.186, 36.0], [12.187, 904.0], [12.188, 790.0], [12.189, 2024.0], [12.19, 1428.0], [12.191, 918.0], [12.192, 1341.0], [12.193, 965.0], [12.194, 1992.0], [12.195, 2351.0], [12.196, 1400.0], [12.197, 1896.0], [12.198, 3554.0], [12.199, 2792.0], [12.2, 1778.0], [12.201, 1896.0], [12.202, 1852.0], [12.203, 1823.0], [12.204, 2126.0]], "timestamp": "2025-12-16T10:24:00.549632+00:00"}, {"symbol": "AVAXUSDT", "bids": [[12.19, 143.0], [12.189, 378.0], [12.188, 918.0], [12.187, 1506.0], [12.186, 3313.0], [12.185, 5799.0], [12.184, 706.0], [12.183, 1539.0], [12.182, 1515.0], [12.181, 1560.0], [12.18, 2194.0], [12.179, 959.0], [12.178, 1838.0], [12.177, 3916.0], [12.176, 947.0], [12.175, 3079.0], [12.174, 2472.0], [12.173, 2400.0], [12.172, 1793.0], [12.171, 1217.0]], "asks": [[12.191, 337.0], [12.192, 475.0], [12.193, 1014.0], [12.194, 1095.0], [12.195, 1888.0], [12.196, 1037.0], [12.197, 1914.0], [12.198, 1761.0], [12.199, 1027.0], [12.2, 1433.0], [12.201, 1367.0], [12.202, 2211.0], [12.203, 1137.0], [12.204, 1650.0], [12.205, 1873.0], [12.206, 1123.0], [12.207, 1547.0], [12.208, 907.0], [12.209, 1639.0], [12.21, 5344.0]], "timestamp": "2025-12-16T10:24:52.346498+00:00"}, {"symbol": "AVAXUSDT", "bids": [[12.191, 1202.0], [12.19, 810.0], [12.189, 1095.0], [12.188, 1367.0], [12.187, 2293.0], [12.186, 3720.0], [12.185, 5571.0], [12.184, 917.0], [12.183, 1987.0], [12.182, 4192.0], [12.181, 1531.0], [12.18, 1802.0], [12.179, 903.0], [12.178, 1182.0], [12.177, 3515.0], [12.176, 2280.0], [12.175, 1095.0], [12.174, 2728.0], [12.173, 3740.0], [12.172, 3555.0]], "asks": [[12.192, 160.0], [12.193, 91.0], [12.194, 608.0], [12.195, 1246.0], [12.196, 1000.0], [12.197, 1021.0], [12.198, 1780.0], [12.199, 1237.0], [12.2, 1921.0], [12.201, 1178.0], [12.202, 1309.0], [12.203, 1036.0], [12.204, 2000.0], [12.205, 2904.0], [12.206, 1545.0], [12.207, 3057.0], [12.208, 810.0], [12.209, 1472.0], [12.21, 3552.0], [12.211, 1390.0]], "timestamp": "2025-12-16T10:25:44.259819+00:00"}, {"symbol": "AVAXUSDT", "bids": [[12.201, 674.0], [12.2, 471.0], [12.199, 1081.0], [12.198, 1455.0], [12.197, 2494.0], [12.196, 2271.0], [12.195, 1939.0], [12.194, 1603.0], [12.193, 1604.0], [12.192, 2445.0], [12.191, 1568.0], [12.19, 3659.0], [12.189, 1729.0], [12.188, 833.0], [12.187, 2360.0], [12.186, 2504.0], [12.185, 5534.0], [12.184, 1616.0], [12.183, 1118.0], [12.182, 1083.0]], "asks": [[12.202, 536.0], [12.203, 395.0], [12.204, 619.0], [12.205, 449.0], [12.206, 1135.0], [12.207, 1375.0], [12.208, 2133.0], [12.209, 2197.0], [12.21, 1440.0], [12.211, 1312.0], [12.212, 1632.0], [12.213, 1607.0], [12.214, 3250.0], [12.215, 3157.0], [12.216, 2016.0], [12.217, 2349.0], [12.218, 1479.0], [12.219, 699.0], [12.22, 703.0], [12.221, 860.0]], "timestamp": "2025-12-16T10:26:36.195863+00:00"}, {"symbol": "AVAXUSDT", "bids": [[12.194, 245.0], [12.193, 646.0], [12.192, 1144.0], [12.191, 591.0], [12.19, 1844.0], [12.189, 2234.0], [12.188, 1374.0], [12.187, 1764.0], [12.186, 2569.0], [12.185, 6097.0], [12.184, 4419.0], [12.183, 4416.0], [12.182, 1884.0], [12.181, 1386.0], [12.18, 2613.0], [12.179, 862.0], [12.178, 683.0], [12.177, 1248.0], [12.176, 1805.0], [12.175, 3155.0]], "asks": [[12.195, 579.0], [12.196, 428.0], [12.197, 886.0], [12.198, 863.0], [12.199, 1108.0], [12.2, 1652.0], [12.201, 1045.0], [12.202, 1813.0], [12.203, 1933.0], [12.204, 2074.0], [12.205, 2054.0], [12.206, 1521.0], [12.207, 4318.0], [12.208, 1452.0], [12.209, 814.0], [12.21, 2859.0], [12.211, 1334.0], [12.212, 974.0], [12.213, 825.0], [12.214, 1447.0]], "timestamp": "2025-12-16T10:27:27.719019+00:00"}, {"symbol": "AVAXUSDT", "bids": [[12.195, 55.0], [12.194, 81.0], [12.193, 700.0], [12.192, 1190.0], [12.191, 2400.0], [12.19, 1312.0], [12.189, 1622.0], [12.188, 1239.0], [12.187, 1640.0], [12.186, 2535.0], [12.185, 6211.0], [12.184, 5006.0], [12.183, 2002.0], [12.182, 1549.0], [12.181, 2445.0], [12.18, 1536.0], [12.179, 836.0], [12.178, 1092.0], [12.177, 3587.0], [12.176, 884.0]], "asks": [[12.196, 457.0], [12.197, 1662.0], [12.198, 1794.0], [12.199, 906.0], [12.2, 1305.0], [12.201, 1400.0], [12.202, 1997.0], [12.203, 1868.0], [12.204, 1562.0], [12.205, 1702.0], [12.206, 2379.0], [12.207, 4770.0], [12.208, 1004.0], [12.209, 721.0], [12.21, 1403.0], [12.211, 2452.0], [12.212, 856.0], [12.213, 826.0], [12.214, 1131.0], [12.215, 1225.0]], "timestamp": "2025-12-16T10:28:19.509031+00:00"}, {"symbol": "AVAXUSDT", "bids": [[12.182, 1236.0], [12.181, 1214.0], [12.18, 1058.0], [12.179, 846.0], [12.178, 1820.0], [12.177, 2123.0], [12.176, 1520.0], [12.175, 2000.0], [12.174, 1378.0], [12.173, 1053.0], [12.172, 1194.0], [12.171, 3899.0], [12.17, 1516.0], [12.169, 1884.0], [12.168, 2426.0], [12.167, 1081.0], [12.166, 2131.0], [12.165, 887.0], [12.164, 1070.0], [12.163, 1585.0]], "asks": [[12.183, 327.0], [12.184, 631.0], [12.185, 891.0], [12.186, 1222.0], [12.187, 1859.0], [12.188, 1718.0], [12.189, 1419.0], [12.19, 1240.0], [12.191, 1963.0], [12.192, 1075.0], [12.193, 1853.0], [12.194, 1867.0], [12.195, 2175.0], [12.196, 5173.0], [12.197, 2261.0], [12.198, 1477.0], [12.199, 650.0], [12.2, 2519.0], [12.201, 1409.0], [12.202, 2700.0]], "timestamp": "2025-12-16T10:29:11.995713+00:00"}, {"symbol": "AVAXUSDT", "bids": [[12.178, 75.0], [12.177, 1045.0], [12.176, 827.0], [12.175, 1367.0], [12.174, 1272.0], [12.173, 1845.0], [12.172, 1037.0], [12.171, 1180.0], [12.17, 1220.0], [12.169, 1865.0], [12.168, 3109.0], [12.167, 1893.0], [12.166, 1228.0], [12.165, 1120.0], [12.164, 2854.0], [12.163, 1370.0], [12.162, 1999.0], [12.161, 3593.0], [12.16, 1375.0], [12.159, 1231.0]], "asks": [[12.179, 303.0], [12.18, 1000.0], [12.181, 1922.0], [12.182, 1609.0], [12.183, 2112.0], [12.184, 2792.0], [12.185, 2755.0], [12.186, 2161.0], [12.187, 1487.0], [12.188, 2130.0], [12.189, 858.0], [12.19, 1839.0], [12.191, 2165.0], [12.192, 3063.0], [12.193, 1025.0], [12.194, 2510.0], [12.195, 1595.0], [12.196, 3774.0], [12.197, 13743.0], [12.198, 2993.0]], "timestamp": "2025-12-16T10:30:05.333868+00:00"}, {"symbol": "AVAXUSDT", "bids": [[12.174, 482.0], [12.173, 205.0], [12.172, 1195.0], [12.171, 944.0], [12.17, 2164.0], [12.169, 1848.0], [12.168, 1471.0], [12.167, 1375.0], [12.166, 1503.0], [12.165, 1184.0], [12.164, 1296.0], [12.163, 3476.0], [12.162, 2021.0], [12.161, 964.0], [12.16, 2845.0], [12.159, 1232.0], [12.158, 1128.0], [12.157, 3760.0], [12.156, 1363.0], [12.155, 2459.0]], "asks": [[12.175, 723.0], [12.176, 373.0], [12.177, 1075.0], [12.178, 1612.0], [12.179, 2038.0], [12.18, 2054.0], [12.181, 2707.0], [12.182, 2394.0], [12.183, 2305.0], [12.184, 2228.0], [12.185, 2405.0], [12.186, 1731.0], [12.187, 1166.0], [12.188, 1779.0], [12.189, 3415.0], [12.19, 2770.0], [12.191, 1137.0], [12.192, 771.0], [12.193, 1418.0], [12.194, 3197.0]], "timestamp": "2025-12-16T10:30:58.200552+00:00"}, {"symbol": "AVAXUSDT", "bids": [[12.177, 948.0], [12.176, 1513.0], [12.175, 900.0], [12.174, 602.0], [12.173, 2282.0], [12.172, 1884.0], [12.171, 1423.0], [12.17, 1596.0], [12.169, 2040.0], [12.168, 1730.0], [12.167, 1282.0], [12.166, 3501.0], [12.165, 1333.0], [12.164, 1043.0], [12.163, 2421.0], [12.162, 3615.0], [12.161, 950.0], [12.16, 3827.0], [12.159, 1232.0], [12.158, 743.0]], "asks": [[12.178, 210.0], [12.179, 565.0], [12.18, 1016.0], [12.181, 1665.0], [12.182, 1544.0], [12.183, 1720.0], [12.184, 2944.0], [12.185, 1966.0], [12.186, 1194.0], [12.187, 1613.0], [12.188, 1799.0], [12.189, 1076.0], [12.19, 1031.0], [12.191, 2045.0], [12.192, 4446.0], [12.193, 879.0], [12.194, 1239.0], [12.195, 1281.0], [12.196, 3097.0], [12.197, 3134.0]], "timestamp": "2025-12-16T10:31:51.142531+00:00"}, {"symbol": "AVAXUSDT", "bids": [[12.185, 673.0], [12.184, 1067.0], [12.183, 943.0], [12.182, 1141.0], [12.181, 2129.0], [12.18, 1911.0], [12.179, 1843.0], [12.178, 2111.0], [12.177, 1406.0], [12.176, 1890.0], [12.175, 1871.0], [12.174, 3453.0], [12.173, 609.0], [12.172, 2041.0], [12.171, 1515.0], [12.17, 7929.0], [12.169, 1717.0], [12.168, 1612.0], [12.167, 1833.0], [12.166, 2458.0]], "asks": [[12.186, 10.0], [12.187, 469.0], [12.188, 830.0], [12.189, 875.0], [12.19, 1381.0], [12.191, 1724.0], [12.192, 961.0], [12.193, 1458.0], [12.194, 1466.0], [12.195, 1698.0], [12.196, 1639.0], [12.197, 1416.0], [12.198, 2204.0], [12.199, 3730.0], [12.2, 3108.0], [12.201, 1521.0], [12.202, 1487.0], [12.203, 2533.0], [12.204, 15646.0], [12.205, 1135.0]], "timestamp": "2025-12-16T10:32:43.680837+00:00"}, {"symbol": "AVAXUSDT", "bids": [[12.183, 729.0], [12.182, 666.0], [12.181, 1273.0], [12.18, 1905.0], [12.179, 2675.0], [12.178, 1610.0], [12.177, 1335.0], [12.176, 1633.0], [12.175, 2914.0], [12.174, 1321.0], [12.173, 3706.0], [12.172, 1345.0], [12.171, 1349.0], [12.17, 7361.0], [12.169, 2840.0], [12.168, 1427.0], [12.167, 3672.0], [12.166, 2197.0], [12.165, 827.0], [12.164, 1388.0]], "asks": [[12.184, 162.0], [12.185, 235.0], [12.186, 588.0], [12.187, 1132.0], [12.188, 1162.0], [12.189, 1017.0], [12.19, 1783.0], [12.191, 1416.0], [12.192, 1231.0], [12.193, 1633.0], [12.194, 1750.0], [12.195, 2541.0], [12.196, 3110.0], [12.197, 1116.0], [12.198, 1742.0], [12.199, 3088.0], [12.2, 1980.0], [12.201, 2420.0], [12.202, 868.0], [12.203, 501.0]], "timestamp": "2025-12-16T10:33:36.232086+00:00"}, {"symbol": "AVAXUSDT", "bids": [[12.186, 490.0], [12.185, 894.0], [12.184, 1206.0], [12.183, 522.0], [12.182, 2360.0], [12.181, 2194.0], [12.18, 1776.0], [12.179, 1511.0], [12.178, 2224.0], [12.177, 1386.0], [12.176, 1663.0], [12.175, 3252.0], [12.174, 3126.0], [12.173, 963.0], [12.172, 1520.0], [12.171, 2559.0], [12.17, 8499.0], [12.169, 4013.0], [12.168, 1015.0], [12.167, 786.0]], "asks": [[12.187, 390.0], [12.188, 112.0], [12.189, 799.0], [12.19, 748.0], [12.191, 1080.0], [12.192, 1196.0], [12.193, 1036.0], [12.194, 1977.0], [12.195, 1170.0], [12.196, 1821.0], [12.197, 1504.0], [12.198, 1937.0], [12.199, 3408.0], [12.2, 2231.0], [12.201, 2720.0], [12.202, 735.0], [12.203, 775.0], [12.204, 1152.0], [12.205, 1887.0], [12.206, 1273.0]], "timestamp": "2025-12-16T10:34:29.125099+00:00"}, {"symbol": "AVAXUSDT", "bids": [[12.2, 213.0], [12.199, 392.0], [12.198, 1092.0], [12.197, 1203.0], [12.196, 1365.0], [12.195, 2042.0], [12.194, 2398.0], [12.193, 1236.0], [12.192, 1257.0], [12.191, 1642.0], [12.19, 1184.0], [12.189, 1247.0], [12.188, 3562.0], [12.187, 1517.0], [12.186, 1917.0], [12.185, 2750.0], [12.184, 1444.0], [12.183, 632.0], [12.182, 1686.0], [12.181, 1885.0]], "asks": [[12.201, 423.0], [12.202, 257.0], [12.203, 1156.0], [12.204, 1286.0], [12.205, 1102.0], [12.206, 1619.0], [12.207, 2003.0], [12.208, 1826.0], [12.209, 899.0], [12.21, 1521.0], [12.211, 1537.0], [12.212, 3075.0], [12.213, 716.0], [12.214, 1318.0], [12.215, 1936.0], [12.216, 2657.0], [12.217, 1556.0], [12.218, 2751.0], [12.219, 585.0], [12.22, 3007.0]], "timestamp": "2025-12-16T10:35:21.998938+00:00"}, {"symbol": "AVAXUSDT", "bids": [[12.202, 695.0], [12.201, 877.0], [12.2, 1754.0], [12.199, 1398.0], [12.198, 2181.0], [12.197, 2116.0], [12.196, 2248.0], [12.195, 2206.0], [12.194, 2089.0], [12.193, 1300.0], [12.192, 3426.0], [12.191, 1651.0], [12.19, 1089.0], [12.189, 1130.0], [12.188, 2357.0], [12.187, 1203.0], [12.186, 1440.0], [12.185, 4698.0], [12.184, 1452.0], [12.183, 699.0]], "asks": [[12.203, 48.0], [12.204, 311.0], [12.205, 592.0], [12.206, 677.0], [12.207, 1329.0], [12.208, 894.0], [12.209, 1467.0], [12.21, 1674.0], [12.211, 1135.0], [12.212, 854.0], [12.213, 1645.0], [12.214, 3432.0], [12.215, 853.0], [12.216, 1641.0], [12.217, 1740.0], [12.218, 2107.0], [12.219, 698.0], [12.22, 1216.0], [12.221, 2744.0], [12.222, 1577.0]], "timestamp": "2025-12-16T10:36:14.084300+00:00"}, {"symbol": "AVAXUSDT", "bids": [[12.223, 937.0], [12.222, 1399.0], [12.221, 1341.0], [12.22, 682.0], [12.219, 925.0], [12.218, 2148.0], [12.217, 1922.0], [12.216, 1925.0], [12.215, 1962.0], [12.214, 1205.0], [12.213, 1927.0], [12.212, 3766.0], [12.211, 911.0], [12.21, 1215.0], [12.209, 2626.0], [12.208, 1509.0], [12.207, 2079.0], [12.206, 2374.0], [12.205, 572.0], [12.204, 757.0]], "asks": [[12.224, 214.0], [12.225, 29.0], [12.226, 483.0], [12.227, 894.0], [12.228, 793.0], [12.229, 998.0], [12.23, 1514.0], [12.231, 1535.0], [12.232, 824.0], [12.233, 1218.0], [12.234, 1450.0], [12.235, 3124.0], [12.236, 976.0], [12.237, 888.0], [12.238, 1665.0], [12.239, 2701.0], [12.24, 1449.0], [12.241, 1189.0], [12.242, 2550.0], [12.243, 1365.0]], "timestamp": "2025-12-16T10:37:06.653401+00:00"}, {"symbol": "AVAXUSDT", "bids": [[12.214, 302.0], [12.213, 193.0], [12.212, 1017.0], [12.211, 949.0], [12.21, 2258.0], [12.209, 1680.0], [12.208, 1148.0], [12.207, 1835.0], [12.206, 1605.0], [12.205, 1199.0], [12.204, 2879.0], [12.203, 1539.0], [12.202, 786.0], [12.201, 989.0], [12.2, 2610.0], [12.199, 1422.0], [12.198, 819.0], [12.197, 2222.0], [12.196, 3439.0], [12.195, 812.0]], "asks": [[12.215, 619.0], [12.216, 265.0], [12.217, 722.0], [12.218, 1712.0], [12.219, 1462.0], [12.22, 1526.0], [12.221, 2850.0], [12.222, 7044.0], [12.223, 746.0], [12.224, 1335.0], [12.225, 990.0], [12.226, 1207.0], [12.227, 4594.0], [12.228, 988.0], [12.229, 1976.0], [12.23, 3647.0], [12.231, 821.0], [12.232, 1465.0], [12.233, 3101.0], [12.234, 13666.0]], "timestamp": "2025-12-16T10:37:59.038475+00:00"}, {"symbol": "AVAXUSDT", "bids": [[12.22, 784.0], [12.219, 1333.0], [12.218, 813.0], [12.217, 739.0], [12.216, 2425.0], [12.215, 1788.0], [12.214, 1794.0], [12.213, 2167.0], [12.212, 1257.0], [12.211, 1154.0], [12.21, 1842.0], [12.209, 3070.0], [12.208, 1489.0], [12.207, 1022.0], [12.206, 1286.0], [12.205, 2371.0], [12.204, 1609.0], [12.203, 2274.0], [12.202, 962.0], [12.201, 574.0]], "asks": [[12.221, 79.0], [12.222, 24.0], [12.223, 511.0], [12.224, 834.0], [12.225, 1068.0], [12.226, 1525.0], [12.227, 2141.0], [12.228, 1696.0], [12.229, 1174.0], [12.23, 1526.0], [12.231, 673.0], [12.232, 1192.0], [12.233, 1722.0], [12.234, 3336.0], [12.235, 3100.0], [12.236, 783.0], [12.237, 2141.0], [12.238, 1076.0], [12.239, 2807.0], [12.24, 13398.0]], "timestamp": "2025-12-16T10:38:51.795602+00:00"}, {"symbol": "AVAXUSDT", "bids": [[12.258, 85.0], [12.257, 476.0], [12.256, 587.0], [12.255, 683.0], [12.254, 1430.0], [12.253, 1917.0], [12.252, 1137.0], [12.251, 1108.0], [12.25, 1627.0], [12.249, 1120.0], [12.248, 1619.0], [12.247, 2099.0], [12.246, 1183.0], [12.245, 2464.0], [12.244, 891.0], [12.243, 805.0], [12.242, 596.0], [12.241, 972.0], [12.24, 1653.0], [12.239, 2930.0]], "asks": [[12.259, 205.0], [12.26, 358.0], [12.261, 799.0], [12.262, 773.0], [12.263, 891.0], [12.264, 842.0], [12.265, 849.0], [12.266, 1060.0], [12.267, 900.0], [12.268, 1946.0], [12.269, 814.0], [12.27, 1213.0], [12.271, 1349.0], [12.272, 2000.0], [12.273, 2119.0], [12.274, 3157.0], [12.275, 741.0], [12.276, 751.0], [12.277, 929.0], [12.278, 1713.0]], "timestamp": "2025-12-16T10:39:44.628488+00:00"}, {"symbol": "AVAXUSDT", "bids": [[12.275, 219.0], [12.274, 467.0], [12.273, 905.0], [12.272, 713.0], [12.271, 1317.0], [12.27, 1796.0], [12.269, 1252.0], [12.268, 1366.0], [12.267, 2234.0], [12.266, 1164.0], [12.265, 955.0], [12.264, 1133.0], [12.263, 1108.0], [12.262, 2942.0], [12.261, 816.0], [12.26, 812.0], [12.259, 706.0], [12.258, 1112.0], [12.257, 672.0], [12.256, 2504.0]], "asks": [[12.276, 166.0], [12.277, 446.0], [12.278, 585.0], [12.279, 1090.0], [12.28, 606.0], [12.281, 1649.0], [12.282, 2352.0], [12.283, 6365.0], [12.284, 601.0], [12.285, 943.0], [12.286, 1232.0], [12.287, 6821.0], [12.288, 4182.0], [12.289, 606.0], [12.29, 549.0], [12.291, 524.0], [12.292, 522.0], [12.293, 1643.0], [12.294, 718.0], [12.295, 857.0]], "timestamp": "2025-12-16T10:40:36.160061+00:00"}, {"symbol": "AVAXUSDT", "bids": [[12.287, 988.0], [12.286, 658.0], [12.285, 646.0], [12.284, 1025.0], [12.283, 1232.0], [12.282, 2125.0], [12.281, 1220.0], [12.28, 1577.0], [12.279, 1511.0], [12.278, 1620.0], [12.277, 1799.0], [12.276, 1046.0], [12.275, 3335.0], [12.274, 949.0], [12.273, 919.0], [12.272, 1539.0], [12.271, 1261.0], [12.27, 912.0], [12.269, 449.0], [12.268, 971.0]], "asks": [[12.288, 17.0], [12.289, 5560.0], [12.29, 748.0], [12.291, 413.0], [12.292, 1462.0], [12.293, 6628.0], [12.294, 1395.0], [12.295, 829.0], [12.296, 1394.0], [12.297, 1080.0], [12.298, 925.0], [12.299, 1152.0], [12.3, 973.0], [12.301, 3591.0], [12.302, 418.0], [12.303, 819.0], [12.304, 1050.0], [12.305, 1415.0], [12.306, 635.0], [12.307, 1025.0]], "timestamp": "2025-12-16T10:41:28.553203+00:00"}, {"symbol": "AVAXUSDT", "bids": [[12.323, 803.0], [12.322, 972.0], [12.321, 1030.0], [12.32, 999.0], [12.319, 1526.0], [12.318, 2223.0], [12.317, 2413.0], [12.316, 1942.0], [12.315, 1239.0], [12.314, 1380.0], [12.313, 910.0], [12.312, 892.0], [12.311, 1299.0], [12.31, 812.0], [12.309, 2307.0], [12.308, 1688.0], [12.307, 597.0], [12.306, 668.0], [12.305, 1179.0], [12.304, 1430.0]], "asks": [[12.324, 169.0], [12.325, 128.0], [12.326, 577.0], [12.327, 441.0], [12.328, 1172.0], [12.329, 1371.0], [12.33, 1161.0], [12.331, 1082.0], [12.332, 1344.0], [12.333, 849.0], [12.334, 1549.0], [12.335, 1699.0], [12.336, 1666.0], [12.337, 3171.0], [12.338, 2520.0], [12.339, 1042.0], [12.34, 1093.0], [12.341, 2763.0], [12.342, 13887.0], [12.343, 985.0]], "timestamp": "2025-12-16T10:42:20.255954+00:00"}, {"symbol": "AVAXUSDT", "bids": [[12.332, 663.0], [12.331, 954.0], [12.33, 653.0], [12.329, 829.0], [12.328, 1128.0], [12.327, 1111.0], [12.326, 1050.0], [12.325, 951.0], [12.324, 1386.0], [12.323, 816.0], [12.322, 2373.0], [12.321, 1372.0], [12.32, 1231.0], [12.319, 542.0], [12.318, 702.0], [12.317, 1376.0], [12.316, 1436.0], [12.315, 1263.0], [12.314, 1554.0], [12.313, 789.0]], "asks": [[12.333, 208.0], [12.334, 200.0], [12.335, 1492.0], [12.336, 5929.0], [12.337, 1046.0], [12.338, 2148.0], [12.339, 6523.0], [12.34, 871.0], [12.341, 1173.0], [12.342, 683.0], [12.343, 6736.0], [12.344, 2183.0], [12.345, 1372.0], [12.346, 773.0], [12.347, 1123.0], [12.348, 1106.0], [12.349, 1527.0], [12.35, 3843.0], [12.351, 531.0], [12.352, 913.0]], "timestamp": "2025-12-16T10:43:11.858664+00:00"}, {"symbol": "AVAXUSDT", "bids": [[12.365, 41.0], [12.364, 25.0], [12.363, 1071.0], [12.362, 699.0], [12.361, 481.0], [12.36, 627.0], [12.359, 1414.0], [12.358, 1123.0], [12.357, 774.0], [12.356, 1161.0], [12.355, 953.0], [12.354, 1519.0], [12.353, 2730.0], [12.352, 952.0], [12.351, 1065.0], [12.35, 885.0], [12.349, 612.0], [12.348, 1566.0], [12.347, 3736.0], [12.346, 595.0]], "asks": [[12.366, 326.0], [12.367, 579.0], [12.368, 916.0], [12.369, 1345.0], [12.37, 1576.0], [12.371, 1696.0], [12.372, 1564.0], [12.373, 1448.0], [12.374, 1713.0], [12.375, 2242.0], [12.376, 865.0], [12.377, 955.0], [12.378, 1576.0], [12.379, 3831.0], [12.38, 1058.0], [12.381, 779.0], [12.382, 859.0], [12.383, 483.0], [12.384, 955.0], [12.385, 2556.0]], "timestamp": "2025-12-16T10:44:04.556152+00:00"}, {"symbol": "AVAXUSDT", "bids": [[12.357, 467.0], [12.356, 783.0], [12.355, 1042.0], [12.354, 851.0], [12.353, 952.0], [12.352, 801.0], [12.351, 1384.0], [12.35, 1655.0], [12.349, 708.0], [12.348, 801.0], [12.347, 868.0], [12.346, 1029.0], [12.345, 2823.0], [12.344, 1397.0], [12.343, 365.0], [12.342, 558.0], [12.341, 1095.0], [12.34, 1238.0], [12.339, 1312.0], [12.338, 1814.0]], "asks": [[12.358, 135.0], [12.359, 812.0], [12.36, 632.0], [12.361, 1046.0], [12.362, 1247.0], [12.363, 1954.0], [12.364, 6476.0], [12.365, 1656.0], [12.366, 1292.0], [12.367, 1253.0], [12.368, 1731.0], [12.369, 908.0], [12.37, 1057.0], [12.371, 1404.0], [12.372, 3304.0], [12.373, 1057.0], [12.374, 1594.0], [12.375, 2265.0], [12.376, 532.0], [12.377, 994.0]], "timestamp": "2025-12-16T10:44:57.549815+00:00"}, {"symbol": "AVAXUSDT", "bids": [[12.364, 346.0], [12.363, 1078.0], [12.362, 1089.0], [12.361, 1259.0], [12.36, 1800.0], [12.359, 1286.0], [12.358, 1405.0], [12.357, 1152.0], [12.356, 915.0], [12.355, 2635.0], [12.354, 1065.0], [12.353, 428.0], [12.352, 665.0], [12.351, 1193.0], [12.35, 800.0], [12.349, 1353.0], [12.348, 2002.0], [12.347, 5298.0], [12.346, 738.0], [12.345, 1140.0]], "asks": [[12.365, 1.0], [12.366, 840.0], [12.367, 1119.0], [12.368, 708.0], [12.369, 717.0], [12.37, 459.0], [12.371, 1564.0], [12.372, 637.0], [12.373, 955.0], [12.374, 1903.0], [12.375, 2429.0], [12.376, 944.0], [12.377, 535.0], [12.378, 1550.0], [12.379, 692.0], [12.38, 1442.0], [12.381, 2203.0], [12.382, 685.0], [12.383, 968.0], [12.384, 1191.0]], "timestamp": "2025-12-16T10:45:50.265630+00:00"}, {"symbol": "AVAXUSDT", "bids": [[12.386, 113.0], [12.385, 232.0], [12.384, 1070.0], [12.383, 411.0], [12.382, 1180.0], [12.381, 1479.0], [12.38, 2350.0], [12.379, 848.0], [12.378, 1380.0], [12.377, 1069.0], [12.376, 3075.0], [12.375, 2470.0], [12.374, 1560.0], [12.373, 2335.0], [12.372, 1247.0], [12.371, 1626.0], [12.37, 990.0], [12.369, 1051.0], [12.368, 463.0], [12.367, 973.0]], "asks": [[12.387, 274.0], [12.388, 562.0], [12.389, 548.0], [12.39, 411.0], [12.391, 1622.0], [12.392, 2003.0], [12.393, 2362.0], [12.394, 3063.0], [12.395, 6440.0], [12.396, 1055.0], [12.397, 1891.0], [12.398, 1589.0], [12.399, 6472.0], [12.4, 1408.0], [12.401, 1281.0], [12.402, 7727.0], [12.403, 1248.0], [12.404, 881.0], [12.405, 1430.0], [12.406, 1416.0]], "timestamp": "2025-12-16T10:46:43.087104+00:00"}, {"symbol": "AVAXUSDT", "bids": [[12.364, 430.0], [12.363, 573.0], [12.362, 944.0], [12.361, 731.0], [12.36, 1889.0], [12.359, 609.0], [12.358, 1407.0], [12.357, 1359.0], [12.356, 842.0], [12.355, 948.0], [12.354, 1339.0], [12.353, 1679.0], [12.352, 3361.0], [12.351, 1872.0], [12.35, 2400.0], [12.349, 1970.0], [12.348, 1087.0], [12.347, 937.0], [12.346, 745.0], [12.345, 903.0]], "asks": [[12.365, 209.0], [12.366, 1074.0], [12.367, 1465.0], [12.368, 891.0], [12.369, 1033.0], [12.37, 1011.0], [12.371, 1287.0], [12.372, 1018.0], [12.373, 1569.0], [12.374, 2037.0], [12.375, 2620.0], [12.376, 3189.0], [12.377, 2842.0], [12.378, 6298.0], [12.379, 817.0], [12.38, 1510.0], [12.381, 2131.0], [12.382, 7154.0], [12.383, 890.0], [12.384, 1635.0]], "timestamp": "2025-12-16T10:47:34.856505+00:00"}, {"symbol": "AVAXUSDT", "bids": [[12.323, 42.0], [12.322, 116.0], [12.321, 775.0], [12.32, 2265.0], [12.319, 5892.0], [12.318, 477.0], [12.317, 1364.0], [12.316, 6096.0], [12.315, 1403.0], [12.314, 649.0], [12.313, 3016.0], [12.312, 6044.0], [12.311, 1135.0], [12.31, 1515.0], [12.309, 1682.0], [12.308, 2152.0], [12.307, 5026.0], [12.306, 1278.0], [12.305, 1786.0], [12.304, 578.0]], "asks": [[12.324, 372.0], [12.325, 815.0], [12.326, 1294.0], [12.327, 807.0], [12.328, 1022.0], [12.329, 1782.0], [12.33, 1499.0], [12.331, 2668.0], [12.332, 2647.0], [12.333, 2346.0], [12.334, 1801.0], [12.335, 3339.0], [12.336, 912.0], [12.337, 455.0], [12.338, 1430.0], [12.339, 609.0], [12.34, 924.0], [12.341, 1207.0], [12.342, 1731.0], [12.343, 999.0]], "timestamp": "2025-12-16T10:48:27.251926+00:00"}, {"symbol": "AVAXUSDT", "bids": [[12.318, 933.0], [12.317, 794.0], [12.316, 1973.0], [12.315, 1576.0], [12.314, 6035.0], [12.313, 1278.0], [12.312, 1830.0], [12.311, 7420.0], [12.31, 757.0], [12.309, 969.0], [12.308, 4484.0], [12.307, 5791.0], [12.306, 1154.0], [12.305, 2130.0], [12.304, 1938.0], [12.303, 4722.0], [12.302, 1259.0], [12.301, 3691.0], [12.3, 7332.0], [12.299, 799.0]], "asks": [[12.319, 2.0], [12.32, 169.0], [12.321, 1057.0], [12.322, 1637.0], [12.323, 2231.0], [12.324, 1679.0], [12.325, 2272.0], [12.326, 1779.0], [12.327, 960.0], [12.328, 2181.0], [12.329, 912.0], [12.33, 1120.0], [12.331, 4900.0], [12.332, 411.0], [12.333, 1533.0], [12.334, 805.0], [12.335, 1590.0], [12.336, 1082.0], [12.337, 984.0], [12.338, 1710.0]], "timestamp": "2025-12-16T10:49:19.070467+00:00"}, {"symbol": "AVAXUSDT", "bids": [[12.322, 394.0], [12.321, 174.0], [12.32, 436.0], [12.319, 846.0], [12.318, 1703.0], [12.317, 1119.0], [12.316, 1201.0], [12.315, 2207.0], [12.314, 982.0], [12.313, 1640.0], [12.312, 2201.0], [12.311, 1261.0], [12.31, 1201.0], [12.309, 3710.0], [12.308, 3331.0], [12.307, 9784.0], [12.306, 2901.0], [12.305, 1961.0], [12.304, 1499.0], [12.303, 6472.0]], "asks": [[12.323, 648.0], [12.324, 602.0], [12.325, 575.0], [12.326, 977.0], [12.327, 1599.0], [12.328, 2205.0], [12.329, 1045.0], [12.33, 1294.0], [12.331, 3867.0], [12.332, 1255.0], [12.333, 1350.0], [12.334, 788.0], [12.335, 3824.0], [12.336, 2011.0], [12.337, 1453.0], [12.338, 1831.0], [12.339, 929.0], [12.34, 2848.0], [12.341, 2367.0], [12.342, 1512.0]], "timestamp": "2025-12-16T10:50:11.520661+00:00"}, {"symbol": "AVAXUSDT", "bids": [[12.31, 434.0], [12.309, 183.0], [12.308, 2147.0], [12.307, 5882.0], [12.306, 1160.0], [12.305, 1616.0], [12.304, 1983.0], [12.303, 5893.0], [12.302, 605.0], [12.301, 3506.0], [12.3, 12950.0], [12.299, 621.0], [12.298, 1262.0], [12.297, 1575.0], [12.296, 2739.0], [12.295, 4779.0], [12.294, 1135.0], [12.293, 1346.0], [12.292, 3030.0], [12.291, 2043.0]], "asks": [[12.311, 752.0], [12.312, 1236.0], [12.313, 1618.0], [12.314, 2458.0], [12.315, 1805.0], [12.316, 2343.0], [12.317, 1334.0], [12.318, 1304.0], [12.319, 2682.0], [12.32, 1741.0], [12.321, 1749.0], [12.322, 2811.0], [12.323, 826.0], [12.324, 2608.0], [12.325, 2460.0], [12.326, 1132.0], [12.327, 726.0], [12.328, 2075.0], [12.329, 2313.0], [12.33, 1318.0]], "timestamp": "2025-12-16T10:51:04.556550+00:00"}, {"symbol": "AVAXUSDT", "bids": [[12.297, 777.0], [12.296, 697.0], [12.295, 744.0], [12.294, 1155.0], [12.293, 1919.0], [12.292, 844.0], [12.291, 1033.0], [12.29, 2224.0], [12.289, 532.0], [12.288, 1744.0], [12.287, 2891.0], [12.286, 6466.0], [12.285, 2174.0], [12.284, 726.0], [12.283, 4731.0], [12.282, 7827.0], [12.281, 1294.0], [12.28, 1856.0], [12.279, 6178.0], [12.278, 1078.0]], "asks": [[12.298, 30.0], [12.299, 475.0], [12.3, 256.0], [12.301, 1830.0], [12.302, 1832.0], [12.303, 1417.0], [12.304, 3134.0], [12.305, 1918.0], [12.306, 874.0], [12.307, 2229.0], [12.308, 1051.0], [12.309, 1088.0], [12.31, 4800.0], [12.311, 729.0], [12.312, 1539.0], [12.313, 2173.0], [12.314, 767.0], [12.315, 1133.0], [12.316, 2066.0], [12.317, 1752.0]], "timestamp": "2025-12-16T10:51:56.558973+00:00"}, {"symbol": "AVAXUSDT", "bids": [[12.317, 352.0], [12.316, 476.0], [12.315, 919.0], [12.314, 2402.0], [12.313, 1017.0], [12.312, 2324.0], [12.311, 7225.0], [12.31, 784.0], [12.309, 2274.0], [12.308, 7983.0], [12.307, 1288.0], [12.306, 1418.0], [12.305, 3124.0], [12.304, 8467.0], [12.303, 897.0], [12.302, 3785.0], [12.301, 555.0], [12.3, 1865.0], [12.299, 4988.0], [12.298, 770.0]], "asks": [[12.318, 302.0], [12.319, 215.0], [12.32, 845.0], [12.321, 1353.0], [12.322, 2767.0], [12.323, 1140.0], [12.324, 1180.0], [12.325, 2588.0], [12.326, 2249.0], [12.327, 1274.0], [12.328, 2218.0], [12.329, 987.0], [12.33, 3329.0], [12.331, 2581.0], [12.332, 2166.0], [12.333, 2886.0], [12.334, 1205.0], [12.335, 2362.0], [12.336, 2595.0], [12.337, 1234.0]], "timestamp": "2025-12-16T10:52:47.918034+00:00"}, {"symbol": "AVAXUSDT", "bids": [[12.318, 230.0], [12.317, 4875.0], [12.316, 241.0], [12.315, 912.0], [12.314, 1868.0], [12.313, 1109.0], [12.312, 2884.0], [12.311, 7200.0], [12.31, 693.0], [12.309, 2190.0], [12.308, 8476.0], [12.307, 2167.0], [12.306, 1691.0], [12.305, 3890.0], [12.304, 9055.0], [12.303, 1040.0], [12.302, 2417.0], [12.301, 3152.0], [12.3, 2673.0], [12.299, 2525.0]], "asks": [[12.319, 937.0], [12.32, 1768.0], [12.321, 1479.0], [12.322, 1754.0], [12.323, 2957.0], [12.324, 1803.0], [12.325, 1515.0], [12.326, 2877.0], [12.327, 2503.0], [12.328, 1658.0], [12.329, 2247.0], [12.33, 1704.0], [12.331, 2613.0], [12.332, 5894.0], [12.333, 1397.0], [12.334, 1345.0], [12.335, 1799.0], [12.336, 2448.0], [12.337, 1047.0], [12.338, 1772.0]], "timestamp": "2025-12-16T10:53:40.496801+00:00"}, {"symbol": "AVAXUSDT", "bids": [[12.331, 11.0], [12.33, 1458.0], [12.329, 412.0], [12.328, 1061.0], [12.327, 2296.0], [12.326, 1276.0], [12.325, 1576.0], [12.324, 2676.0], [12.323, 704.0], [12.322, 993.0], [12.321, 2246.0], [12.32, 1890.0], [12.319, 3700.0], [12.318, 5828.0], [12.317, 1443.0], [12.316, 1448.0], [12.315, 4105.0], [12.314, 2544.0], [12.313, 2057.0], [12.312, 1352.0]], "asks": [[12.332, 713.0], [12.333, 897.0], [12.334, 1223.0], [12.335, 1337.0], [12.336, 2759.0], [12.337, 1793.0], [12.338, 1753.0], [12.339, 2175.0], [12.34, 1551.0], [12.341, 3044.0], [12.342, 2159.0], [12.343, 2121.0], [12.344, 1254.0], [12.345, 4196.0], [12.346, 1116.0], [12.347, 1164.0], [12.348, 1419.0], [12.349, 5416.0], [12.35, 2325.0], [12.351, 1240.0]], "timestamp": "2025-12-16T10:54:32.240241+00:00"}, {"symbol": "AVAXUSDT", "bids": [[12.324, 35.0], [12.323, 282.0], [12.322, 2325.0], [12.321, 5753.0], [12.32, 1030.0], [12.319, 1834.0], [12.318, 2601.0], [12.317, 6475.0], [12.316, 1011.0], [12.315, 2323.0], [12.314, 7627.0], [12.313, 550.0], [12.312, 2012.0], [12.311, 5362.0], [12.31, 973.0], [12.309, 2213.0], [12.308, 4142.0], [12.307, 1131.0], [12.306, 1031.0], [12.305, 2532.0]], "asks": [[12.325, 201.0], [12.326, 721.0], [12.327, 1191.0], [12.328, 2118.0], [12.329, 1638.0], [12.33, 1945.0], [12.331, 2966.0], [12.332, 1544.0], [12.333, 1151.0], [12.334, 2924.0], [12.335, 1212.0], [12.336, 1471.0], [12.337, 3554.0], [12.338, 1591.0], [12.339, 2451.0], [12.34, 1448.0], [12.341, 1001.0], [12.342, 2640.0], [12.343, 1348.0], [12.344, 2394.0]], "timestamp": "2025-12-16T10:55:24.240861+00:00"}, {"symbol": "AVAXUSDT", "bids": [[12.331, 459.0], [12.33, 369.0], [12.329, 1157.0], [12.328, 2206.0], [12.327, 1278.0], [12.326, 1643.0], [12.325, 2668.0], [12.324, 1506.0], [12.323, 1050.0], [12.322, 1962.0], [12.321, 1306.0], [12.32, 2613.0], [12.319, 6427.0], [12.318, 4773.0], [12.317, 6539.0], [12.316, 407.0], [12.315, 970.0], [12.314, 2811.0], [12.313, 6063.0], [12.312, 2637.0]], "asks": [[12.332, 673.0], [12.333, 1001.0], [12.334, 1539.0], [12.335, 1219.0], [12.336, 1323.0], [12.337, 1602.0], [12.338, 2743.0], [12.339, 1462.0], [12.34, 1724.0], [12.341, 2302.0], [12.342, 490.0], [12.343, 1383.0], [12.344, 3865.0], [12.345, 2199.0], [12.346, 1568.0], [12.347, 1134.0], [12.348, 2016.0], [12.349, 2603.0], [12.35, 1335.0], [12.351, 3059.0]], "timestamp": "2025-12-16T10:56:15.733763+00:00"}, {"symbol": "AVAXUSDT", "bids": [[12.334, 178.0], [12.333, 1380.0], [12.332, 1382.0], [12.331, 1074.0], [12.33, 949.0], [12.329, 1541.0], [12.328, 2309.0], [12.327, 1298.0], [12.326, 1815.0], [12.325, 2743.0], [12.324, 1326.0], [12.323, 1003.0], [12.322, 1992.0], [12.321, 1424.0], [12.32, 4704.0], [12.319, 3889.0], [12.318, 4676.0], [12.317, 6647.0], [12.316, 398.0], [12.315, 956.0]], "asks": [[12.335, 367.0], [12.336, 1601.0], [12.337, 871.0], [12.338, 2514.0], [12.339, 1960.0], [12.34, 1926.0], [12.341, 2365.0], [12.342, 1083.0], [12.343, 1765.0], [12.344, 1418.0], [12.345, 2026.0], [12.346, 1066.0], [12.347, 963.0], [12.348, 3920.0], [12.349, 2836.0], [12.35, 958.0], [12.351, 1537.0], [12.352, 2459.0], [12.353, 5204.0], [12.354, 13852.0]], "timestamp": "2025-12-16T10:57:08.194247+00:00"}, {"symbol": "AVAXUSDT", "bids": [[12.34, 245.0], [12.339, 265.0], [12.338, 830.0], [12.337, 2363.0], [12.336, 1025.0], [12.335, 1959.0], [12.334, 2209.0], [12.333, 1075.0], [12.332, 937.0], [12.331, 2369.0], [12.33, 1604.0], [12.329, 3011.0], [12.328, 3045.0], [12.327, 2038.0], [12.326, 684.0], [12.325, 2356.0], [12.324, 1059.0], [12.323, 3645.0], [12.322, 3095.0], [12.321, 1688.0]], "asks": [[12.341, 109.0], [12.342, 716.0], [12.343, 943.0], [12.344, 2291.0], [12.345, 2894.0], [12.346, 7216.0], [12.347, 923.0], [12.348, 2733.0], [12.349, 1550.0], [12.35, 733.0], [12.351, 1288.0], [12.352, 2292.0], [12.353, 1678.0], [12.354, 2321.0], [12.355, 3043.0], [12.356, 3351.0], [12.357, 914.0], [12.358, 3207.0], [12.359, 902.0], [12.36, 963.0]], "timestamp": "2025-12-16T10:58:01.250146+00:00"}, {"symbol": "AVAXUSDT", "bids": [[12.322, 577.0], [12.321, 6186.0], [12.32, 755.0], [12.319, 2169.0], [12.318, 2369.0], [12.317, 5786.0], [12.316, 827.0], [12.315, 3221.0], [12.314, 4990.0], [12.313, 1265.0], [12.312, 1587.0], [12.311, 1989.0], [12.31, 1303.0], [12.309, 2396.0], [12.308, 3287.0], [12.307, 3407.0], [12.306, 1670.0], [12.305, 5459.0], [12.304, 2948.0], [12.303, 1252.0]], "asks": [[12.323, 94.0], [12.324, 161.0], [12.325, 841.0], [12.326, 1627.0], [12.327, 1499.0], [12.328, 1805.0], [12.329, 3075.0], [12.33, 1792.0], [12.331, 1939.0], [12.332, 1741.0], [12.333, 1315.0], [12.334, 4108.0], [12.335, 4534.0], [12.336, 1819.0], [12.337, 1215.0], [12.338, 859.0], [12.339, 2968.0], [12.34, 1767.0], [12.341, 2577.0], [12.342, 2335.0]], "timestamp": "2025-12-16T10:58:54.150303+00:00"}, {"symbol": "AVAXUSDT", "bids": [[12.325, 670.0], [12.324, 1647.0], [12.323, 1701.0], [12.322, 3265.0], [12.321, 6123.0], [12.32, 2065.0], [12.319, 1693.0], [12.318, 3685.0], [12.317, 7408.0], [12.316, 2266.0], [12.315, 3569.0], [12.314, 6724.0], [12.313, 2041.0], [12.312, 1617.0], [12.311, 2928.0], [12.31, 1623.0], [12.309, 6968.0], [12.308, 3475.0], [12.307, 901.0], [12.306, 2245.0]], "asks": [[12.326, 241.0], [12.327, 196.0], [12.328, 870.0], [12.329, 1846.0], [12.33, 1463.0], [12.331, 1754.0], [12.332, 2808.0], [12.333, 1119.0], [12.334, 1902.0], [12.335, 4980.0], [12.336, 1477.0], [12.337, 1568.0], [12.338, 1356.0], [12.339, 4496.0], [12.34, 1796.0], [12.341, 1493.0], [12.342, 4229.0], [12.343, 952.0], [12.344, 5457.0], [12.345, 14947.0]], "timestamp": "2025-12-16T10:59:46.380401+00:00"}, {"symbol": "AVAXUSDT", "bids": [[12.321, 1905.0], [12.32, 100.0], [12.319, 835.0], [12.318, 2333.0], [12.317, 2351.0], [12.316, 2459.0], [12.315, 3381.0], [12.314, 6255.0], [12.313, 1004.0], [12.312, 1506.0], [12.311, 3137.0], [12.31, 6586.0], [12.309, 4389.0], [12.308, 7417.0], [12.307, 6817.0], [12.306, 1678.0], [12.305, 4747.0], [12.304, 3738.0], [12.303, 1154.0], [12.302, 4805.0]], "asks": [[12.322, 615.0], [12.323, 366.0], [12.324, 1436.0], [12.325, 1203.0], [12.326, 2008.0], [12.327, 1717.0], [12.328, 2361.0], [12.329, 2488.0], [12.33, 1931.0], [12.331, 1732.0], [12.332, 1839.0], [12.333, 1652.0], [12.334, 5418.0], [12.335, 4363.0], [12.336, 1158.0], [12.337, 901.0], [12.338, 1578.0], [12.339, 3535.0], [12.34, 1966.0], [12.341, 1517.0]], "timestamp": "2025-12-16T11:00:38.113735+00:00"}, {"symbol": "AVAXUSDT", "bids": [[12.32, 676.0], [12.319, 816.0], [12.318, 1080.0], [12.317, 1112.0], [12.316, 1361.0], [12.315, 2899.0], [12.314, 1685.0], [12.313, 1213.0], [12.312, 1578.0], [12.311, 3326.0], [12.31, 6723.0], [12.309, 2627.0], [12.308, 3874.0], [12.307, 4109.0], [12.306, 7687.0], [12.305, 1944.0], [12.304, 2286.0], [12.303, 7609.0], [12.302, 2039.0], [12.301, 1240.0]], "asks": [[12.321, 127.0], [12.322, 102.0], [12.323, 737.0], [12.324, 1261.0], [12.325, 2176.0], [12.326, 2592.0], [12.327, 2296.0], [12.328, 1611.0], [12.329, 2313.0], [12.33, 2862.0], [12.331, 1913.0], [12.332, 2129.0], [12.333, 2275.0], [12.334, 5265.0], [12.335, 3652.0], [12.336, 1527.0], [12.337, 1308.0], [12.338, 3124.0], [12.339, 3311.0], [12.34, 1469.0]], "timestamp": "2025-12-16T11:01:29.540095+00:00"}, {"symbol": "AVAXUSDT", "bids": [[12.316, 77.0], [12.315, 8.0], [12.314, 1905.0], [12.313, 775.0], [12.312, 1584.0], [12.311, 2679.0], [12.31, 6324.0], [12.309, 1666.0], [12.308, 2384.0], [12.307, 1687.0], [12.306, 6628.0], [12.305, 2091.0], [12.304, 2711.0], [12.303, 7041.0], [12.302, 4310.0], [12.301, 501.0], [12.3, 1259.0], [12.299, 4438.0], [12.298, 1319.0], [12.297, 1558.0]], "asks": [[12.317, 1301.0], [12.318, 1590.0], [12.319, 2319.0], [12.32, 3542.0], [12.321, 2891.0], [12.322, 2172.0], [12.323, 2865.0], [12.324, 2675.0], [12.325, 2475.0], [12.326, 3033.0], [12.327, 1880.0], [12.328, 1664.0], [12.329, 4716.0], [12.33, 2794.0], [12.331, 1201.0], [12.332, 1822.0], [12.333, 1144.0], [12.334, 2666.0], [12.335, 4414.0], [12.336, 1377.0]], "timestamp": "2025-12-16T11:02:21.892305+00:00"}, {"symbol": "AVAXUSDT", "bids": [[12.302, 17.0], [12.301, 192.0], [12.3, 677.0], [12.299, 2131.0], [12.298, 1857.0], [12.297, 1571.0], [12.296, 2697.0], [12.295, 1908.0], [12.294, 1738.0], [12.293, 2689.0], [12.292, 877.0], [12.291, 1007.0], [12.29, 2081.0], [12.289, 3446.0], [12.288, 2320.0], [12.287, 1967.0], [12.286, 3176.0], [12.285, 8620.0], [12.284, 2971.0], [12.283, 1598.0]], "asks": [[12.303, 1183.0], [12.304, 1332.0], [12.305, 1873.0], [12.306, 1725.0], [12.307, 2202.0], [12.308, 3570.0], [12.309, 1506.0], [12.31, 2690.0], [12.311, 5141.0], [12.312, 1293.0], [12.313, 1080.0], [12.314, 2632.0], [12.315, 3489.0], [12.316, 1691.0], [12.317, 2168.0], [12.318, 979.0], [12.319, 836.0], [12.32, 2952.0], [12.321, 3139.0], [12.322, 2605.0]], "timestamp": "2025-12-16T11:03:14.601812+00:00"}, {"symbol": "AVAXUSDT", "bids": [[12.312, 317.0], [12.311, 322.0], [12.31, 2165.0], [12.309, 1350.0], [12.308, 2005.0], [12.307, 3242.0], [12.306, 1885.0], [12.305, 1616.0], [12.304, 2501.0], [12.303, 1368.0], [12.302, 944.0], [12.301, 1241.0], [12.3, 5231.0], [12.299, 555.0], [12.298, 1040.0], [12.297, 2595.0], [12.296, 3999.0], [12.295, 7134.0], [12.294, 693.0], [12.293, 2224.0]], "asks": [[12.313, 450.0], [12.314, 1314.0], [12.315, 729.0], [12.316, 1403.0], [12.317, 2963.0], [12.318, 1758.0], [12.319, 2327.0], [12.32, 2873.0], [12.321, 1953.0], [12.322, 1772.0], [12.323, 2752.0], [12.324, 1314.0], [12.325, 2458.0], [12.326, 4558.0], [12.327, 1352.0], [12.328, 1595.0], [12.329, 3155.0], [12.33, 2305.0], [12.331, 4366.0], [12.332, 15163.0]], "timestamp": "2025-12-16T11:04:06.893180+00:00"}, {"symbol": "AVAXUSDT", "bids": [[12.321, 154.0], [12.32, 812.0], [12.319, 1528.0], [12.318, 6141.0], [12.317, 2283.0], [12.316, 513.0], [12.315, 880.0], [12.314, 1682.0], [12.313, 827.0], [12.312, 1303.0], [12.311, 1747.0], [12.31, 1064.0], [12.309, 1477.0], [12.308, 3495.0], [12.307, 5208.0], [12.306, 2292.0], [12.305, 2432.0], [12.304, 1422.0], [12.303, 1230.0], [12.302, 1332.0]], "asks": [[12.322, 781.0], [12.323, 719.0], [12.324, 539.0], [12.325, 1655.0], [12.326, 3278.0], [12.327, 2465.0], [12.328, 2703.0], [12.329, 2427.0], [12.33, 2022.0], [12.331, 1052.0], [12.332, 2237.0], [12.333, 2436.0], [12.334, 2682.0], [12.335, 4008.0], [12.336, 1303.0], [12.337, 2537.0], [12.338, 1048.0], [12.339, 912.0], [12.34, 2569.0], [12.341, 2017.0]], "timestamp": "2025-12-16T11:05:00.733789+00:00"}, {"symbol": "AVAXUSDT", "bids": [[12.305, 38.0], [12.304, 5.0], [12.303, 1284.0], [12.302, 4704.0], [12.301, 617.0], [12.3, 820.0], [12.299, 1776.0], [12.298, 7153.0], [12.297, 1354.0], [12.296, 1806.0], [12.295, 7195.0], [12.294, 620.0], [12.293, 1501.0], [12.292, 1762.0], [12.291, 1477.0], [12.29, 2130.0], [12.289, 3365.0], [12.288, 1049.0], [12.287, 1188.0], [12.286, 4487.0]], "asks": [[12.306, 527.0], [12.307, 1229.0], [12.308, 1627.0], [12.309, 2056.0], [12.31, 2039.0], [12.311, 1733.0], [12.312, 3768.0], [12.313, 1786.0], [12.314, 1127.0], [12.315, 2406.0], [12.316, 1379.0], [12.317, 3185.0], [12.318, 2049.0], [12.319, 1386.0], [12.32, 1425.0], [12.321, 2122.0], [12.322, 2466.0], [12.323, 1314.0], [12.324, 3102.0], [12.325, 4210.0]], "timestamp": "2025-12-16T11:05:53.223643+00:00"}, {"symbol": "AVAXUSDT", "bids": [[12.303, 438.0], [12.302, 300.0], [12.301, 619.0], [12.3, 665.0], [12.299, 2346.0], [12.298, 2025.0], [12.297, 1651.0], [12.296, 3413.0], [12.295, 6235.0], [12.294, 770.0], [12.293, 1108.0], [12.292, 2776.0], [12.291, 6811.0], [12.29, 2061.0], [12.289, 3908.0], [12.288, 7475.0], [12.287, 3870.0], [12.286, 2585.0], [12.285, 1950.0], [12.284, 2381.0]], "asks": [[12.304, 157.0], [12.305, 404.0], [12.306, 1765.0], [12.307, 1290.0], [12.308, 2769.0], [12.309, 1907.0], [12.31, 1715.0], [12.311, 2144.0], [12.312, 2608.0], [12.313, 1945.0], [12.314, 2215.0], [12.315, 3561.0], [12.316, 3649.0], [12.317, 1266.0], [12.318, 2195.0], [12.319, 1066.0], [12.32, 2903.0], [12.321, 1918.0], [12.322, 3199.0], [12.323, 14041.0]], "timestamp": "2025-12-16T11:06:46.017951+00:00"}, {"symbol": "AVAXUSDT", "bids": [[12.311, 37.0], [12.31, 474.0], [12.309, 1992.0], [12.308, 1224.0], [12.307, 2130.0], [12.306, 3635.0], [12.305, 6484.0], [12.304, 1020.0], [12.303, 1327.0], [12.302, 2603.0], [12.301, 6688.0], [12.3, 752.0], [12.299, 2472.0], [12.298, 7912.0], [12.297, 5192.0], [12.296, 2533.0], [12.295, 1139.0], [12.294, 603.0], [12.293, 1052.0], [12.292, 2680.0]], "asks": [[12.312, 261.0], [12.313, 1153.0], [12.314, 1577.0], [12.315, 2267.0], [12.316, 1140.0], [12.317, 2279.0], [12.318, 3178.0], [12.319, 1566.0], [12.32, 2214.0], [12.321, 2069.0], [12.322, 1609.0], [12.323, 1278.0], [12.324, 5319.0], [12.325, 2520.0], [12.326, 1892.0], [12.327, 2357.0], [12.328, 2092.0], [12.329, 2871.0], [12.33, 1814.0], [12.331, 2603.0]], "timestamp": "2025-12-16T11:07:38.384803+00:00"}, {"symbol": "AVAXUSDT", "bids": [[12.314, 171.0], [12.313, 699.0], [12.312, 1936.0], [12.311, 925.0], [12.31, 2407.0], [12.309, 2163.0], [12.308, 1672.0], [12.307, 1419.0], [12.306, 3034.0], [12.305, 6367.0], [12.304, 682.0], [12.303, 1125.0], [12.302, 3201.0], [12.301, 9368.0], [12.3, 969.0], [12.299, 3696.0], [12.298, 8417.0], [12.297, 3203.0], [12.296, 2343.0], [12.295, 1115.0]], "asks": [[12.315, 172.0], [12.316, 730.0], [12.317, 1363.0], [12.318, 1780.0], [12.319, 1194.0], [12.32, 2929.0], [12.321, 2130.0], [12.322, 2044.0], [12.323, 1749.0], [12.324, 3291.0], [12.325, 2418.0], [12.326, 1505.0], [12.327, 4856.0], [12.328, 1542.0], [12.329, 1056.0], [12.33, 1303.0], [12.331, 1595.0], [12.332, 3122.0], [12.333, 2894.0], [12.334, 1037.0]], "timestamp": "2025-12-16T11:08:30.404990+00:00"}, {"symbol": "AVAXUSDT", "bids": [[12.312, 117.0], [12.311, 277.0], [12.31, 1299.0], [12.309, 1137.0], [12.308, 991.0], [12.307, 1144.0], [12.306, 3256.0], [12.305, 6497.0], [12.304, 636.0], [12.303, 1349.0], [12.302, 2605.0], [12.301, 6600.0], [12.3, 1516.0], [12.299, 5320.0], [12.298, 10445.0], [12.297, 1747.0], [12.296, 2792.0], [12.295, 1709.0], [12.294, 1449.0], [12.293, 1934.0]], "asks": [[12.313, 570.0], [12.314, 1433.0], [12.315, 2751.0], [12.316, 1457.0], [12.317, 3276.0], [12.318, 2677.0], [12.319, 2144.0], [12.32, 2402.0], [12.321, 2533.0], [12.322, 1752.0], [12.323, 1940.0], [12.324, 3900.0], [12.325, 2173.0], [12.326, 3588.0], [12.327, 2970.0], [12.328, 1489.0], [12.329, 1274.0], [12.33, 2368.0], [12.331, 1164.0], [12.332, 1474.0]], "timestamp": "2025-12-16T11:09:22.546050+00:00"}, {"symbol": "AVAXUSDT", "bids": [[12.309, 343.0], [12.308, 377.0], [12.307, 778.0], [12.306, 2577.0], [12.305, 6103.0], [12.304, 589.0], [12.303, 1407.0], [12.302, 2982.0], [12.301, 6584.0], [12.3, 1024.0], [12.299, 3173.0], [12.298, 8081.0], [12.297, 1617.0], [12.296, 3319.0], [12.295, 4480.0], [12.294, 601.0], [12.293, 1136.0], [12.292, 2326.0], [12.291, 4026.0], [12.29, 1048.0]], "asks": [[12.31, 752.0], [12.311, 761.0], [12.312, 2097.0], [12.313, 1608.0], [12.314, 3116.0], [12.315, 3327.0], [12.316, 2331.0], [12.317, 2364.0], [12.318, 3210.0], [12.319, 1951.0], [12.32, 1665.0], [12.321, 2644.0], [12.322, 4702.0], [12.323, 2933.0], [12.324, 3627.0], [12.325, 1174.0], [12.326, 1298.0], [12.327, 3122.0], [12.328, 741.0], [12.329, 771.0]], "timestamp": "2025-12-16T11:10:14.416434+00:00"}, {"symbol": "AVAXUSDT", "bids": [[12.3, 192.0], [12.299, 476.0], [12.298, 543.0], [12.297, 637.0], [12.296, 1411.0], [12.295, 1953.0], [12.294, 6332.0], [12.293, 1010.0], [12.292, 1906.0], [12.291, 2099.0], [12.29, 6375.0], [12.289, 2171.0], [12.288, 2447.0], [12.287, 7135.0], [12.286, 3651.0], [12.285, 665.0], [12.284, 1308.0], [12.283, 4789.0], [12.282, 5846.0], [12.281, 2058.0]], "asks": [[12.301, 43.0], [12.302, 989.0], [12.303, 1940.0], [12.304, 1343.0], [12.305, 2810.0], [12.306, 3085.0], [12.307, 1660.0], [12.308, 2236.0], [12.309, 2721.0], [12.31, 1507.0], [12.311, 3010.0], [12.312, 4832.0], [12.313, 3224.0], [12.314, 1284.0], [12.315, 2007.0], [12.316, 2108.0], [12.317, 1619.0], [12.318, 3305.0], [12.319, 1483.0], [12.32, 1771.0]], "timestamp": "2025-12-16T11:11:06.562640+00:00"}, {"symbol": "AVAXUSDT", "bids": [[12.301, 817.0], [12.3, 609.0], [12.299, 2085.0], [12.298, 1689.0], [12.297, 1090.0], [12.296, 1315.0], [12.295, 3228.0], [12.294, 6515.0], [12.293, 653.0], [12.292, 1838.0], [12.291, 1917.0], [12.29, 6544.0], [12.289, 1878.0], [12.288, 2702.0], [12.287, 8743.0], [12.286, 5791.0], [12.285, 1148.0], [12.284, 1291.0], [12.283, 1842.0], [12.282, 5147.0]], "asks": [[12.302, 59.0], [12.303, 170.0], [12.304, 671.0], [12.305, 1402.0], [12.306, 2628.0], [12.307, 2655.0], [12.308, 1519.0], [12.309, 2509.0], [12.31, 1404.0], [12.311, 2804.0], [12.312, 2565.0], [12.313, 3257.0], [12.314, 3795.0], [12.315, 2815.0], [12.316, 1704.0], [12.317, 1231.0], [12.318, 2180.0], [12.319, 2452.0], [12.32, 1713.0], [12.321, 2617.0]], "timestamp": "2025-12-16T11:11:59.683480+00:00"}, {"symbol": "AVAXUSDT", "bids": [[12.3, 282.0], [12.299, 250.0], [12.298, 1734.0], [12.297, 615.0], [12.296, 1806.0], [12.295, 2653.0], [12.294, 6430.0], [12.293, 853.0], [12.292, 1624.0], [12.291, 1806.0], [12.29, 6801.0], [12.289, 2370.0], [12.288, 2491.0], [12.287, 8310.0], [12.286, 3287.0], [12.285, 3162.0], [12.284, 5992.0], [12.283, 2731.0], [12.282, 2675.0], [12.281, 1483.0]], "asks": [[12.301, 1218.0], [12.302, 1005.0], [12.303, 1936.0], [12.304, 1798.0], [12.305, 3833.0], [12.306, 2888.0], [12.307, 2093.0], [12.308, 2624.0], [12.309, 1121.0], [12.31, 1623.0], [12.311, 3846.0], [12.312, 3295.0], [12.313, 4003.0], [12.314, 1079.0], [12.315, 2211.0], [12.316, 1210.0], [12.317, 1470.0], [12.318, 2228.0], [12.319, 2857.0], [12.32, 1516.0]], "timestamp": "2025-12-16T11:12:51.557005+00:00"}, {"symbol": "AVAXUSDT", "bids": [[12.305, 234.0], [12.304, 1136.0], [12.303, 802.0], [12.302, 945.0], [12.301, 2360.0], [12.3, 1828.0], [12.299, 1699.0], [12.298, 2471.0], [12.297, 1134.0], [12.296, 1368.0], [12.295, 4222.0], [12.294, 6475.0], [12.293, 1080.0], [12.292, 5104.0], [12.291, 1607.0], [12.29, 7040.0], [12.289, 1806.0], [12.288, 3082.0], [12.287, 7994.0], [12.286, 5246.0]], "asks": [[12.306, 940.0], [12.307, 1208.0], [12.308, 890.0], [12.309, 1075.0], [12.31, 2288.0], [12.311, 1955.0], [12.312, 1348.0], [12.313, 1328.0], [12.314, 1704.0], [12.315, 2992.0], [12.316, 1600.0], [12.317, 1682.0], [12.318, 4742.0], [12.319, 1838.0], [12.32, 1673.0], [12.321, 2378.0], [12.322, 2075.0], [12.323, 2720.0], [12.324, 3117.0], [12.325, 2057.0]], "timestamp": "2025-12-16T11:13:43.726556+00:00"}, {"symbol": "AVAXUSDT", "bids": [[12.308, 333.0], [12.307, 926.0], [12.306, 1225.0], [12.305, 2268.0], [12.304, 6414.0], [12.303, 1040.0], [12.302, 984.0], [12.301, 2988.0], [12.3, 6975.0], [12.299, 3234.0], [12.298, 2977.0], [12.297, 7168.0], [12.296, 1842.0], [12.295, 3543.0], [12.294, 2310.0], [12.293, 3749.0], [12.292, 2058.0], [12.291, 5027.0], [12.29, 13711.0], [12.289, 1742.0]], "asks": [[12.309, 164.0], [12.31, 671.0], [12.311, 1063.0], [12.312, 1898.0], [12.313, 1223.0], [12.314, 3090.0], [12.315, 2921.0], [12.316, 1745.0], [12.317, 2907.0], [12.318, 2974.0], [12.319, 1550.0], [12.32, 4374.0], [12.321, 2075.0], [12.322, 910.0], [12.323, 751.0], [12.324, 2567.0], [12.325, 2807.0], [12.326, 2970.0], [12.327, 2620.0], [12.328, 1398.0]], "timestamp": "2025-12-16T11:14:35.891326+00:00"}