[{"id": "529820625", "price": 12.337, "amount": 101.0, "side": "sell", "timestamp": 1765928521317}, {"id": "529820626", "price": 12.338, "amount": 2.0, "side": "buy", "timestamp": 1765928521712}, {"id": "529820627", "price": 12.338, "amount": 162.0, "side": "buy", "timestamp": 1765928522673}, {"id": "529820628", "price": 12.339, "amount": 271.0, "side": "buy", "timestamp": 1765928522673}, {"id": "529820629", "price": 12.338, "amount": 326.0, "side": "sell", "timestamp": 1765928522714}, {"id": "529820630", "price": 12.338, "amount": 163.0, "side": "sell", "timestamp": 1765928522820}, {"id": "529820631", "price": 12.338, "amount": 400.0, "side": "buy", "timestamp": 1765928523099}, {"id": "529820632", "price": 12.338, "amount": 2.0, "side": "buy", "timestamp": 1765928523553}, {"id": "529820633", "price": 12.338, "amount": 7.0, "side": "buy", "timestamp": 1765928524356}, {"id": "529820634", "price": 12.338, "amount": 1.0, "side": "buy", "timestamp": 1765928524735}, {"id": "529820635", "price": 12.338, "amount": 1.0, "side": "buy", "timestamp": 1765928525180}, {"id": "529820636", "price": 12.338, "amount": 2.0, "side": "buy", "timestamp": 1765928525485}, {"id": "529820637", "price": 12.338, "amount": 8.0, "side": "buy", "timestamp": 1765928525970}, {"id": "529820638", "price": 12.338, "amount": 110.0, "side": "buy", "timestamp": 1765928526403}, {"id": "529820639", "price": 12.338, "amount": 1.0, "side": "buy", "timestamp": 1765928527492}, {"id": "529820640", "price": 12.338, "amount": 3.0, "side": "buy", "timestamp": 1765928535191}, {"id": "529820641", "price": 12.337, "amount": 285.0, "side": "sell", "timestamp": 1765928537409}, {"id": "529820642", "price": 12.336, "amount": 215.0, "side": "sell", "timestamp": 1765928537409}, {"id": "529820643", "price": 12.336, "amount": 1.0, "side": "sell", "timestamp": 1765928537721}, {"id": "529820644", "price": 12.337, "amount": 1.0, "side": "buy", "timestamp": 1765928541342}, {"id": "529820645", "price": 12.337, "amount": 6.0, "side": "buy", "timestamp": 1765928543308}, {"id": "529820646", "price": 12.336, "amount": 1.0, "side": "sell", "timestamp": 1765928543727}, {"id": "529820647", "price": 12.337, "amount": 136.0, "side": "buy", "timestamp": 1765928545727}, {"id": "529820648", "price": 12.337, "amount": 22.0, "side": "buy", "timestamp": 1765928547440}, {"id": "529820649", "price": 12.337, "amount": 1.0, "side": "sell", "timestamp": 1765928551964}, {"id": "529820650", "price": 12.337, "amount": 1.0, "side": "sell", "timestamp": 1765928555682}, {"id": "529820651", "price": 12.338, "amount": 324.0, "side": "buy", "timestamp": 1765928566979}, {"id": "529820652", "price": 12.339, "amount": 10.0, "side": "buy", "timestamp": 1765928567550}, {"id": "529820653", "price": 12.339, "amount": 13.0, "side": "buy", "timestamp": 1765928569375}, {"id": "529820654", "price": 12.339, "amount": 2.0, "side": "sell", "timestamp": 1765928574746}, {"id": "529820655", "price": 12.34, "amount": 6.0, "side": "buy", "timestamp": 1765928577454}, {"id": "529820656", "price": 12.34, "amount": 53.0, "side": "buy", "timestamp": 1765928577930}, {"id": "529820657", "price": 12.34, "amount": 226.0, "side": "sell", "timestamp": 1765928580443}, {"id": "529820658", "price": 12.339, "amount": 4.0, "side": "sell", "timestamp": 1765928580855}, {"id": "529820659", "price": 12.339, "amount": 1.0, "side": "sell", "timestamp": 1765928581018}, {"id": "529820660", "price": 12.339, "amount": 1.0, "side": "sell", "timestamp": 1765928581148}, {"id": "529820661", "price": 12.34, "amount": 1.0, "side": "buy", "timestamp": 1765928582648}, {"id": "529820662", "price": 12.34, "amount": 1.0, "side": "buy", "timestamp": 1765928583463}, {"id": "529820663", "price": 12.339, "amount": 1.0, "side": "sell", "timestamp": 1765928583733}, {"id": "529820664", "price": 12.34, "amount": 1.0, "side": "buy", "timestamp": 1765928585376}, {"id": "529820665", "price": 12.34, "amount": 1.0, "side": "buy", "timestamp": 1765928585491}, {"id": "529820666", "price": 12.34, "amount": 32.0, "side": "buy", "timestamp": 1765928587687}, {"id": "529820667", "price": 12.34, "amount": 82.0, "side": "buy", "timestamp": 1765928587819}, {"id": "529820668", "price": 12.34, "amount": 1.0, "side": "buy", "timestamp": 1765928588152}, {"id": "529820669", "price": 12.34, "amount": 2.0, "side": "buy", "timestamp": 1765928588845}, {"id": "529820670", "price": 12.339, "amount": 1.0, "side": "sell", "timestamp": 1765928591677}, {"id": "529820671", "price": 12.34, "amount": 1.0, "side": "buy", "timestamp": 1765928594681}, {"id": "529820672", "price": 12.34, "amount": 4.0, "side": "buy", "timestamp": 1765928595234}, {"id": "529820673", "price": 12.34, "amount": 4.0, "side": "buy", "timestamp": 1765928595720}, {"id": "529820674", "price": 12.339, "amount": 1.0, "side": "sell", "timestamp": 1765928597351}, {"id": "529820657", "price": 12.34, "amount": 226.0, "side": "sell", "timestamp": 1765928580443}, {"id": "529820658", "price": 12.339, "amount": 4.0, "side": "sell", "timestamp": 1765928580855}, {"id": "529820659", "price": 12.339, "amount": 1.0, "side": "sell", "timestamp": 1765928581018}, {"id": "529820660", "price": 12.339, "amount": 1.0, "side": "sell", "timestamp": 1765928581148}, {"id": "529820661", "price": 12.34, "amount": 1.0, "side": "buy", "timestamp": 1765928582648}, {"id": "529820662", "price": 12.34, "amount": 1.0, "side": "buy", "timestamp": 1765928583463}, {"id": "529820663", "price": 12.339, "amount": 1.0, "side": "sell", "timestamp": 1765928583733}, {"id": "529820664", "price": 12.34, "amount": 1.0, "side": "buy", "timestamp": 1765928585376}, {"id": "529820665", "price": 12.34, "amount": 1.0, "side": "buy", "timestamp": 1765928585491}, {"id": "529820666", "price": 12.34, "amount": 32.0, "side": "buy", "timestamp": 1765928587687}, {"id": "529820667", "price": 12.34, "amount": 82.0, "side": "buy", "timestamp": 1765928587819}, {"id": "529820668", "price": 12.34, "amount": 1.0, "side": "buy", "timestamp": 1765928588152}, {"id": "529820669", "price": 12.34, "amount": 2.0, "side": "buy", "timestamp": 1765928588845}, {"id": "529820670", "price": 12.339, "amount": 1.0, "side": "sell", "timestamp": 1765928591677}, {"id": "529820671", "price": 12.34, "amount": 1.0, "side": "buy", "timestamp": 1765928594681}, {"id": "529820672", "price": 12.34, "amount": 4.0, "side": "buy", "timestamp": 1765928595234}, {"id": "529820673", "price": 12.34, "amount": 4.0, "side": "buy", "timestamp": 1765928595720}, {"id": "529820674", "price": 12.339, "amount": 1.0, "side": "sell", "timestamp": 1765928597351}, {"id": "529820675", "price": 12.34, "amount": 1.0, "side": "buy", "timestamp": 1765928599407}, {"id": "529820676", "price": 12.34, "amount": 1.0, "side": "buy", "timestamp": 1765928601735}, {"id": "529820677", "price": 12.339, "amount": 1.0, "side": "sell", "timestamp": 1765928611680}, {"id": "529820678", "price": 12.339, "amount": 1.0, "side": "sell", "timestamp": 1765928614241}, {"id": "529820679", "price": 12.339, "amount": 8.0, "side": "sell", "timestamp": 1765928617299}, {"id": "529820680", "price": 12.339, "amount": 121.0, "side": "sell", "timestamp": 1765928618286}, {"id": "529820681", "price": 12.34, "amount": 1.0, "side": "buy", "timestamp": 1765928619885}, {"id": "529820682", "price": 12.34, "amount": 5.0, "side": "buy", "timestamp": 1765928620618}, {"id": "529820683", "price": 12.34, "amount": 326.0, "side": "buy", "timestamp": 1765928621705}, {"id": "529820684", "price": 12.341, "amount": 95.0, "side": "buy", "timestamp": 1765928621769}, {"id": "529820685", "price": 12.341, "amount": 1427.0, "side": "sell", "timestamp": 1765928621840}, {"id": "529820686", "price": 12.342, "amount": 2.0, "side": "buy", "timestamp": 1765928621966}, {"id": "529820687", "price": 12.341, "amount": 10.0, "side": "sell", "timestamp": 1765928623429}, {"id": "529820688", "price": 12.341, "amount": 129.0, "side": "sell", "timestamp": 1765928626516}, {"id": "529820689", "price": 12.34, "amount": 1.0, "side": "sell", "timestamp": 1765928627683}, {"id": "529820690", "price": 12.341, "amount": 3698.0, "side": "buy", "timestamp": 1765928627875}, {"id": "529820691", "price": 12.342, "amount": 68.0, "side": "buy", "timestamp": 1765928627878}, {"id": "529820692", "price": 12.342, "amount": 5.0, "side": "sell", "timestamp": 1765928629366}, {"id": "529820693", "price": 12.342, "amount": 115.0, "side": "sell", "timestamp": 1765928632977}, {"id": "529820694", "price": 12.341, "amount": 28.0, "side": "sell", "timestamp": 1765928633793}, {"id": "529820695", "price": 12.341, "amount": 7.0, "side": "sell", "timestamp": 1765928634472}, {"id": "529820696", "price": 12.342, "amount": 2.0, "side": "buy", "timestamp": 1765928637093}, {"id": "529820697", "price": 12.341, "amount": 3.0, "side": "sell", "timestamp": 1765928641024}, {"id": "529820698", "price": 12.342, "amount": 1.0, "side": "buy", "timestamp": 1765928642854}, {"id": "529820699", "price": 12.341, "amount": 1.0, "side": "sell", "timestamp": 1765928644243}, {"id": "529820700", "price": 12.342, "amount": 100.0, "side": "buy", "timestamp": 1765928644829}, {"id": "529820701", "price": 12.342, "amount": 8.0, "side": "buy", "timestamp": 1765928644942}, {"id": "529820702", "price": 12.342, "amount": 1.0, "side": "buy", "timestamp": 1765928645121}, {"id": "529820703", "price": 12.342, "amount": 1.0, "side": "buy", "timestamp": 1765928645242}, {"id": "529820704", "price": 12.341, "amount": 1.0, "side": "sell", "timestamp": 1765928646066}, {"id": "529820705", "price": 12.342, "amount": 362.0, "side": "buy", "timestamp": 1765928650150}, {"id": "529820706", "price": 12.343, "amount": 589.0, "side": "buy", "timestamp": 1765928650150}, {"id": "529820691", "price": 12.342, "amount": 68.0, "side": "buy", "timestamp": 1765928627878}, {"id": "529820692", "price": 12.342, "amount": 5.0, "side": "sell", "timestamp": 1765928629366}, {"id": "529820693", "price": 12.342, "amount": 115.0, "side": "sell", "timestamp": 1765928632977}, {"id": "529820694", "price": 12.341, "amount": 28.0, "side": "sell", "timestamp": 1765928633793}, {"id": "529820695", "price": 12.341, "amount": 7.0, "side": "sell", "timestamp": 1765928634472}, {"id": "529820696", "price": 12.342, "amount": 2.0, "side": "buy", "timestamp": 1765928637093}, {"id": "529820697", "price": 12.341, "amount": 3.0, "side": "sell", "timestamp": 1765928641024}, {"id": "529820698", "price": 12.342, "amount": 1.0, "side": "buy", "timestamp": 1765928642854}, {"id": "529820699", "price": 12.341, "amount": 1.0, "side": "sell", "timestamp": 1765928644243}, {"id": "529820700", "price": 12.342, "amount": 100.0, "side": "buy", "timestamp": 1765928644829}, {"id": "529820701", "price": 12.342, "amount": 8.0, "side": "buy", "timestamp": 1765928644942}, {"id": "529820702", "price": 12.342, "amount": 1.0, "side": "buy", "timestamp": 1765928645121}, {"id": "529820703", "price": 12.342, "amount": 1.0, "side": "buy", "timestamp": 1765928645242}, {"id": "529820704", "price": 12.341, "amount": 1.0, "side": "sell", "timestamp": 1765928646066}, {"id": "529820705", "price": 12.342, "amount": 362.0, "side": "buy", "timestamp": 1765928650150}, {"id": "529820706", "price": 12.343, "amount": 589.0, "side": "buy", "timestamp": 1765928650150}, {"id": "529820707", "price": 12.342, "amount": 2.0, "side": "sell", "timestamp": 1765928656520}, {"id": "529820708", "price": 12.343, "amount": 1.0, "side": "buy", "timestamp": 1765928658861}, {"id": "529820709", "price": 12.343, "amount": 2.0, "side": "buy", "timestamp": 1765928661431}, {"id": "529820710", "price": 12.343, "amount": 77.0, "side": "buy", "timestamp": 1765928663042}, {"id": "529820711", "price": 12.344, "amount": 65.0, "side": "buy", "timestamp": 1765928663046}, {"id": "529820712", "price": 12.344, "amount": 3.0, "side": "sell", "timestamp": 1765928663411}, {"id": "529820713", "price": 12.344, "amount": 1.0, "side": "sell", "timestamp": 1765928663673}, {"id": "529820714", "price": 12.344, "amount": 1.0, "side": "sell", "timestamp": 1765928664900}, {"id": "529820715", "price": 12.344, "amount": 7.0, "side": "sell", "timestamp": 1765928672721}, {"id": "529820716", "price": 12.345, "amount": 1.0, "side": "buy", "timestamp": 1765928672862}, {"id": "529820717", "price": 12.345, "amount": 8.0, "side": "buy", "timestamp": 1765928677204}, {"id": "529820718", "price": 12.344, "amount": 16.0, "side": "sell", "timestamp": 1765928682230}, {"id": "529820719", "price": 12.345, "amount": 3.0, "side": "buy", "timestamp": 1765928682285}, {"id": "529820720", "price": 12.344, "amount": 2.0, "side": "sell", "timestamp": 1765928682423}, {"id": "529820721", "price": 12.345, "amount": 3.0, "side": "buy", "timestamp": 1765928683253}, {"id": "529820722", "price": 12.345, "amount": 9.0, "side": "buy", "timestamp": 1765928687983}, {"id": "529820723", "price": 12.345, "amount": 439.0, "side": "buy", "timestamp": 1765928689037}, {"id": "529820724", "price": 12.346, "amount": 1.0, "side": "buy", "timestamp": 1765928690101}, {"id": "529820725", "price": 12.346, "amount": 150.0, "side": "buy", "timestamp": 1765928692750}, {"id": "529820726", "price": 12.347, "amount": 4.0, "side": "buy", "timestamp": 1765928694276}, {"id": "529820727", "price": 12.347, "amount": 12.0, "side": "buy", "timestamp": 1765928695042}, {"id": "529820728", "price": 12.347, "amount": 109.0, "side": "buy", "timestamp": 1765928697184}, {"id": "529820729", "price": 12.348, "amount": 2.0, "side": "buy", "timestamp": 1765928698247}, {"id": "529820730", "price": 12.347, "amount": 1.0, "side": "sell", "timestamp": 1765928699681}, {"id": "529820731", "price": 12.347, "amount": 46.0, "side": "sell", "timestamp": 1765928700061}, {"id": "529820732", "price": 12.348, "amount": 235.0, "side": "buy", "timestamp": 1765928700114}, {"id": "529820733", "price": 12.348, "amount": 101.0, "side": "sell", "timestamp": 1765928700706}, {"id": "529820734", "price": 12.348, "amount": 164.0, "side": "buy", "timestamp": 1765928700760}, {"id": "529820735", "price": 12.347, "amount": 6.0, "side": "sell", "timestamp": 1765928700993}, {"id": "529820736", "price": 12.347, "amount": 1.0, "side": "sell", "timestamp": 1765928701185}, {"id": "529820737", "price": 12.348, "amount": 1.0, "side": "buy", "timestamp": 1765928701595}, {"id": "529820738", "price": 12.348, "amount": 8.0, "side": "buy", "timestamp": 1765928702729}, {"id": "529820739", "price": 12.348, "amount": 1.0, "side": "buy", "timestamp": 1765928703101}, {"id": "529820740", "price": 12.347, "amount": 1.0, "side": "sell", "timestamp": 1765928704478}, {"id": "529820742", "price": 12.347, "amount": 4.0, "side": "sell", "timestamp": 1765928704977}, {"id": "529820743", "price": 12.347, "amount": 1.0, "side": "sell", "timestamp": 1765928705103}, {"id": "529820744", "price": 12.348, "amount": 73.0, "side": "buy", "timestamp": 1765928705181}, {"id": "529820745", "price": 12.349, "amount": 39.0, "side": "buy", "timestamp": 1765928705273}, {"id": "529820746", "price": 12.348, "amount": 61.0, "side": "sell", "timestamp": 1765928711214}, {"id": "529820747", "price": 12.347, "amount": 55.0, "side": "sell", "timestamp": 1765928711705}, {"id": "529820748", "price": 12.346, "amount": 3.0, "side": "sell", "timestamp": 1765928712443}, {"id": "529820749", "price": 12.347, "amount": 35.0, "side": "buy", "timestamp": 1765928715336}, {"id": "529820750", "price": 12.347, "amount": 1.0, "side": "buy", "timestamp": 1765928715567}, {"id": "529820751", "price": 12.347, "amount": 1.0, "side": "buy", "timestamp": 1765928715699}, {"id": "529820752", "price": 12.347, "amount": 6.0, "side": "buy", "timestamp": 1765928718079}, {"id": "529820753", "price": 12.346, "amount": 27.0, "side": "sell", "timestamp": 1765928718438}, {"id": "529820754", "price": 12.347, "amount": 217.0, "side": "buy", "timestamp": 1765928718572}, {"id": "529820755", "price": 12.348, "amount": 5.0, "side": "buy", "timestamp": 1765928718631}, {"id": "529820756", "price": 12.349, "amount": 1.0, "side": "buy", "timestamp": 1765928718824}, {"id": "529820757", "price": 12.348, "amount": 265.0, "side": "sell", "timestamp": 1765928720625}, {"id": "529820758", "price": 12.347, "amount": 3.0, "side": "sell", "timestamp": 1765928720635}, {"id": "529820759", "price": 12.347, "amount": 32.0, "side": "buy", "timestamp": 1765928721002}, {"id": "529820760", "price": 12.347, "amount": 1.0, "side": "buy", "timestamp": 1765928721465}, {"id": "529820761", "price": 12.347, "amount": 1.0, "side": "buy", "timestamp": 1765928722115}, {"id": "529820762", "price": 12.346, "amount": 7.0, "side": "sell", "timestamp": 1765928726832}, {"id": "529820763", "price": 12.346, "amount": 1.0, "side": "sell", "timestamp": 1765928727397}, {"id": "529820764", "price": 12.347, "amount": 2.0, "side": "buy", "timestamp": 1765928731233}, {"id": "529820765", "price": 12.347, "amount": 52.0, "side": "buy", "timestamp": 1765928731418}, {"id": "529820766", "price": 12.348, "amount": 1.0, "side": "buy", "timestamp": 1765928731511}, {"id": "529820767", "price": 12.349, "amount": 1.0, "side": "buy", "timestamp": 1765928732723}, {"id": "529820768", "price": 12.348, "amount": 96.0, "side": "sell", "timestamp": 1765928733484}, {"id": "529820769", "price": 12.348, "amount": 1.0, "side": "sell", "timestamp": 1765928735690}, {"id": "529820770", "price": 12.349, "amount": 124.0, "side": "buy", "timestamp": 1765928738596}, {"id": "529820771", "price": 12.35, "amount": 134.0, "side": "buy", "timestamp": 1765928739368}, {"id": "529820772", "price": 12.35, "amount": 1.0, "side": "sell", "timestamp": 1765928741142}, {"id": "529820773", "price": 12.35, "amount": 16.0, "side": "sell", "timestamp": 1765928741642}, {"id": "529820774", "price": 12.351, "amount": 189.0, "side": "buy", "timestamp": 1765928741826}, {"id": "529820775", "price": 12.351, "amount": 1.0, "side": "sell", "timestamp": 1765928743781}, {"id": "529820776", "price": 12.351, "amount": 564.0, "side": "sell", "timestamp": 1765928744101}, {"id": "529820777", "price": 12.35, "amount": 1.0, "side": "sell", "timestamp": 1765928745959}, {"id": "529820778", "price": 12.35, "amount": 1.0, "side": "sell", "timestamp": 1765928746278}, {"id": "529820779", "price": 12.35, "amount": 106.0, "side": "sell", "timestamp": 1765928747133}, {"id": "529820780", "price": 12.349, "amount": 4.0, "side": "sell", "timestamp": 1765928747310}, {"id": "529820781", "price": 12.349, "amount": 25.0, "side": "sell", "timestamp": 1765928747604}, {"id": "529820782", "price": 12.349, "amount": 10.0, "side": "sell", "timestamp": 1765928749790}, {"id": "529820783", "price": 12.349, "amount": 15.0, "side": "sell", "timestamp": 1765928749918}, {"id": "529820784", "price": 12.349, "amount": 90.0, "side": "sell", "timestamp": 1765928750271}, {"id": "529820785", "price": 12.349, "amount": 8.0, "side": "sell", "timestamp": 1765928750742}, {"id": "529820786", "price": 12.349, "amount": 99.0, "side": "sell", "timestamp": 1765928751817}, {"id": "529820787", "price": 12.349, "amount": 1.0, "side": "sell", "timestamp": 1765928752613}, {"id": "529820788", "price": 12.349, "amount": 125.0, "side": "sell", "timestamp": 1765928754225}, {"id": "529820789", "price": 12.348, "amount": 161.0, "side": "sell", "timestamp": 1765928756042}, {"id": "529820790", "price": 12.348, "amount": 11.0, "side": "sell", "timestamp": 1765928756536}, {"id": "529820791", "price": 12.348, "amount": 2.0, "side": "sell", "timestamp": 1765928756737}, {"id": "529820836", "price": 12.338, "amount": 1.0, "side": "buy", "timestamp": 1765928785335}, {"id": "529820837", "price": 12.337, "amount": 68.0, "side": "sell", "timestamp": 1765928786793}, {"id": "529820838", "price": 12.336, "amount": 2.0, "side": "sell", "timestamp": 1765928787981}, {"id": "529820839", "price": 12.336, "amount": 11.0, "side": "sell", "timestamp": 1765928788214}, {"id": "529820840", "price": 12.336, "amount": 1.0, "side": "buy", "timestamp": 1765928788238}, {"id": "529820841", "price": 12.336, "amount": 1.0, "side": "buy", "timestamp": 1765928788393}, {"id": "529820842", "price": 12.335, "amount": 136.0, "side": "sell", "timestamp": 1765928788939}, {"id": "529820843", "price": 12.335, "amount": 1.0, "side": "buy", "timestamp": 1765928789287}, {"id": "529820844", "price": 12.335, "amount": 1.0, "side": "buy", "timestamp": 1765928789710}, {"id": "529820845", "price": 12.334, "amount": 9.0, "side": "sell", "timestamp": 1765928789872}, {"id": "529820846", "price": 12.334, "amount": 7.0, "side": "sell", "timestamp": 1765928789993}, {"id": "529820847", "price": 12.334, "amount": 246.0, "side": "sell", "timestamp": 1765928790183}, {"id": "529820848", "price": 12.333, "amount": 70.0, "side": "sell", "timestamp": 1765928790220}, {"id": "529820849", "price": 12.332, "amount": 88.0, "side": "sell", "timestamp": 1765928790344}, {"id": "529820850", "price": 12.331, "amount": 455.0, "side": "sell", "timestamp": 1765928790373}, {"id": "529820851", "price": 12.331, "amount": 1.0, "side": "buy", "timestamp": 1765928790518}, {"id": "529820852", "price": 12.33, "amount": 8.0, "side": "sell", "timestamp": 1765928790731}, {"id": "529820853", "price": 12.33, "amount": 10.0, "side": "sell", "timestamp": 1765928790927}, {"id": "529820854", "price": 12.331, "amount": 2.0, "side": "buy", "timestamp": 1765928790947}, {"id": "529820855", "price": 12.33, "amount": 9.0, "side": "sell", "timestamp": 1765928790978}, {"id": "529820856", "price": 12.331, "amount": 5.0, "side": "buy", "timestamp": 1765928791019}, {"id": "529820857", "price": 12.33, "amount": 63.0, "side": "sell", "timestamp": 1765928791681}, {"id": "529820858", "price": 12.33, "amount": 173.0, "side": "buy", "timestamp": 1765928792342}, {"id": "529820859", "price": 12.33, "amount": 168.0, "side": "sell", "timestamp": 1765928796286}, {"id": "529820860", "price": 12.33, "amount": 10.0, "side": "sell", "timestamp": 1765928796535}, {"id": "529820861", "price": 12.33, "amount": 134.0, "side": "sell", "timestamp": 1765928796954}, {"id": "529820862", "price": 12.329, "amount": 4.0, "side": "sell", "timestamp": 1765928797965}, {"id": "529820863", "price": 12.33, "amount": 1.0, "side": "buy", "timestamp": 1765928798329}, {"id": "529820864", "price": 12.329, "amount": 211.0, "side": "sell", "timestamp": 1765928798967}, {"id": "529820865", "price": 12.328, "amount": 9.0, "side": "sell", "timestamp": 1765928799345}, {"id": "529820866", "price": 12.329, "amount": 5.0, "side": "buy", "timestamp": 1765928799663}, {"id": "529820867", "price": 12.328, "amount": 2.0, "side": "sell", "timestamp": 1765928800068}, {"id": "529820868", "price": 12.328, "amount": 40.0, "side": "sell", "timestamp": 1765928800183}, {"id": "529820869", "price": 12.329, "amount": 1.0, "side": "buy", "timestamp": 1765928800380}, {"id": "529820870", "price": 12.328, "amount": 9.0, "side": "sell", "timestamp": 1765928800406}, {"id": "529820871", "price": 12.328, "amount": 6.0, "side": "sell", "timestamp": 1765928800510}, {"id": "529820872", "price": 12.328, "amount": 15.0, "side": "sell", "timestamp": 1765928800657}, {"id": "529820873", "price": 12.328, "amount": 14.0, "side": "sell", "timestamp": 1765928801015}, {"id": "529820874", "price": 12.329, "amount": 1.0, "side": "buy", "timestamp": 1765928804525}, {"id": "529820875", "price": 12.328, "amount": 4.0, "side": "sell", "timestamp": 1765928805094}, {"id": "529820876", "price": 12.328, "amount": 103.0, "side": "sell", "timestamp": 1765928805472}, {"id": "529820877", "price": 12.327, "amount": 104.0, "side": "sell", "timestamp": 1765928805638}, {"id": "529820878", "price": 12.326, "amount": 333.0, "side": "sell", "timestamp": 1765928806363}, {"id": "529820879", "price": 12.326, "amount": 23.0, "side": "sell", "timestamp": 1765928806547}, {"id": "529820880", "price": 12.326, "amount": 25.0, "side": "sell", "timestamp": 1765928806805}, {"id": "529820881", "price": 12.325, "amount": 4.0, "side": "sell", "timestamp": 1765928808063}, {"id": "529820882", "price": 12.326, "amount": 1.0, "side": "buy", "timestamp": 1765928808367}, {"id": "529820883", "price": 12.325, "amount": 2.0, "side": "sell", "timestamp": 1765928809587}, {"id": "529820884", "price": 12.325, "amount": 2.0, "side": "sell", "timestamp": 1765928809936}, {"id": "529820885", "price": 12.326, "amount": 274.0, "side": "buy", "timestamp": 1765928809941}, {"id": "529820905", "price": 12.327, "amount": 5.0, "side": "sell", "timestamp": 1765928822986}, {"id": "529820906", "price": 12.328, "amount": 1.0, "side": "buy", "timestamp": 1765928823259}, {"id": "529820907", "price": 12.327, "amount": 2.0, "side": "sell", "timestamp": 1765928823697}, {"id": "529820908", "price": 12.328, "amount": 1.0, "side": "buy", "timestamp": 1765928823965}, {"id": "529820909", "price": 12.327, "amount": 2.0, "side": "sell", "timestamp": 1765928824265}, {"id": "529820910", "price": 12.328, "amount": 3.0, "side": "buy", "timestamp": 1765928824654}, {"id": "529820911", "price": 12.328, "amount": 25.0, "side": "buy", "timestamp": 1765928825178}, {"id": "529820912", "price": 12.328, "amount": 1.0, "side": "buy", "timestamp": 1765928825397}, {"id": "529820913", "price": 12.328, "amount": 1.0, "side": "buy", "timestamp": 1765928825535}, {"id": "529820914", "price": 12.327, "amount": 219.0, "side": "sell", "timestamp": 1765928826487}, {"id": "529820915", "price": 12.327, "amount": 11.0, "side": "sell", "timestamp": 1765928826635}, {"id": "529820916", "price": 12.328, "amount": 127.0, "side": "buy", "timestamp": 1765928827956}, {"id": "529820917", "price": 12.328, "amount": 6.0, "side": "sell", "timestamp": 1765928830013}, {"id": "529820918", "price": 12.329, "amount": 39.0, "side": "buy", "timestamp": 1765928830553}, {"id": "529820919", "price": 12.33, "amount": 1.0, "side": "buy", "timestamp": 1765928830657}, {"id": "529820920", "price": 12.33, "amount": 114.0, "side": "buy", "timestamp": 1765928831486}, {"id": "529820921", "price": 12.331, "amount": 101.0, "side": "buy", "timestamp": 1765928831688}, {"id": "529820922", "price": 12.331, "amount": 13.0, "side": "buy", "timestamp": 1765928831795}, {"id": "529820923", "price": 12.33, "amount": 1.0, "side": "sell", "timestamp": 1765928832244}, {"id": "529820924", "price": 12.33, "amount": 2.0, "side": "sell", "timestamp": 1765928832649}, {"id": "529820925", "price": 12.331, "amount": 2.0, "side": "buy", "timestamp": 1765928835588}, {"id": "529820926", "price": 12.331, "amount": 1.0, "side": "buy", "timestamp": 1765928835692}, {"id": "529820927", "price": 12.331, "amount": 17.0, "side": "buy", "timestamp": 1765928836032}, {"id": "529820928", "price": 12.331, "amount": 403.0, "side": "buy", "timestamp": 1765928838345}, {"id": "529820929", "price": 12.332, "amount": 28.0, "side": "buy", "timestamp": 1765928838421}, {"id": "529820930", "price": 12.333, "amount": 131.0, "side": "buy", "timestamp": 1765928838928}, {"id": "529820931", "price": 12.334, "amount": 181.0, "side": "buy", "timestamp": 1765928839659}, {"id": "529820932", "price": 12.335, "amount": 147.0, "side": "buy", "timestamp": 1765928839677}, {"id": "529820933", "price": 12.335, "amount": 116.0, "side": "sell", "timestamp": 1765928839715}, {"id": "529820934", "price": 12.336, "amount": 1.0, "side": "buy", "timestamp": 1765928840108}, {"id": "529820935", "price": 12.336, "amount": 1.0, "side": "buy", "timestamp": 1765928841205}, {"id": "529820936", "price": 12.335, "amount": 137.0, "side": "sell", "timestamp": 1765928842430}, {"id": "529820937", "price": 12.334, "amount": 4.0, "side": "sell", "timestamp": 1765928842430}, {"id": "529820938", "price": 12.335, "amount": 1.0, "side": "buy", "timestamp": 1765928843070}, {"id": "529820939", "price": 12.335, "amount": 1.0, "side": "sell", "timestamp": 1765928843682}, {"id": "529820940", "price": 12.336, "amount": 17.0, "side": "buy", "timestamp": 1765928843776}, {"id": "529820941", "price": 12.336, "amount": 51.0, "side": "buy", "timestamp": 1765928844381}, {"id": "529820942", "price": 12.337, "amount": 3.0, "side": "buy", "timestamp": 1765928848728}, {"id": "529820943", "price": 12.336, "amount": 28.0, "side": "sell", "timestamp": 1765928851154}, {"id": "529820944", "price": 12.335, "amount": 3.0, "side": "sell", "timestamp": 1765928851180}, {"id": "529820945", "price": 12.334, "amount": 1.0, "side": "sell", "timestamp": 1765928854873}, {"id": "529820946", "price": 12.334, "amount": 1.0, "side": "sell", "timestamp": 1765928854995}, {"id": "529820947", "price": 12.334, "amount": 4.0, "side": "sell", "timestamp": 1765928858434}, {"id": "529820948", "price": 12.335, "amount": 135.0, "side": "buy", "timestamp": 1765928858909}, {"id": "529820949", "price": 12.334, "amount": 26.0, "side": "sell", "timestamp": 1765928860433}, {"id": "529820950", "price": 12.334, "amount": 326.0, "side": "sell", "timestamp": 1765928860677}, {"id": "529820951", "price": 12.333, "amount": 1289.0, "side": "sell", "timestamp": 1765928860701}, {"id": "529820952", "price": 12.332, "amount": 7.0, "side": "sell", "timestamp": 1765928860739}, {"id": "529820953", "price": 12.331, "amount": 26.0, "side": "sell", "timestamp": 1765928861024}, {"id": "529820954", "price": 12.331, "amount": 14.0, "side": "sell", "timestamp": 1765928861337}, {"id": "529820986", "price": 12.325, "amount": 4.0, "side": "buy", "timestamp": 1765928878225}, {"id": "529820987", "price": 12.324, "amount": 2.0, "side": "sell", "timestamp": 1765928878440}, {"id": "529820988", "price": 12.324, "amount": 2.0, "side": "sell", "timestamp": 1765928878545}, {"id": "529820989", "price": 12.325, "amount": 50.0, "side": "buy", "timestamp": 1765928878628}, {"id": "529820990", "price": 12.324, "amount": 6.0, "side": "sell", "timestamp": 1765928879682}, {"id": "529820991", "price": 12.325, "amount": 610.0, "side": "buy", "timestamp": 1765928879918}, {"id": "529820992", "price": 12.326, "amount": 102.0, "side": "buy", "timestamp": 1765928880225}, {"id": "529820993", "price": 12.327, "amount": 3.0, "side": "buy", "timestamp": 1765928880475}, {"id": "529820994", "price": 12.327, "amount": 99.0, "side": "sell", "timestamp": 1765928880868}, {"id": "529820995", "price": 12.327, "amount": 1.0, "side": "sell", "timestamp": 1765928881063}, {"id": "529820996", "price": 12.327, "amount": 6.0, "side": "sell", "timestamp": 1765928882111}, {"id": "529820997", "price": 12.327, "amount": 1.0, "side": "sell", "timestamp": 1765928882266}, {"id": "529820998", "price": 12.327, "amount": 162.0, "side": "sell", "timestamp": 1765928882406}, {"id": "529820999", "price": 12.327, "amount": 1.0, "side": "sell", "timestamp": 1765928882986}, {"id": "529821000", "price": 12.327, "amount": 1.0, "side": "sell", "timestamp": 1765928883101}, {"id": "529821001", "price": 12.327, "amount": 162.0, "side": "sell", "timestamp": 1765928883406}, {"id": "529821002", "price": 12.328, "amount": 2.0, "side": "buy", "timestamp": 1765928883450}, {"id": "529821003", "price": 12.328, "amount": 2.0, "side": "buy", "timestamp": 1765928883946}, {"id": "529821004", "price": 12.328, "amount": 1.0, "side": "buy", "timestamp": 1765928884543}, {"id": "529821005", "price": 12.328, "amount": 2.0, "side": "buy", "timestamp": 1765928885198}, {"id": "529821006", "price": 12.328, "amount": 1.0, "side": "buy", "timestamp": 1765928885553}, {"id": "529821007", "price": 12.327, "amount": 29.0, "side": "sell", "timestamp": 1765928886704}, {"id": "529821008", "price": 12.328, "amount": 5.0, "side": "buy", "timestamp": 1765928889795}, {"id": "529821009", "price": 12.327, "amount": 2.0, "side": "sell", "timestamp": 1765928889870}, {"id": "529821010", "price": 12.328, "amount": 98.0, "side": "buy", "timestamp": 1765928889953}, {"id": "529821011", "price": 12.328, "amount": 11.0, "side": "buy", "timestamp": 1765928890066}, {"id": "529821012", "price": 12.328, "amount": 1.0, "side": "buy", "timestamp": 1765928890729}, {"id": "529821013", "price": 12.328, "amount": 1.0, "side": "buy", "timestamp": 1765928891572}, {"id": "529821014", "price": 12.327, "amount": 3.0, "side": "sell", "timestamp": 1765928892392}, {"id": "529821015", "price": 12.328, "amount": 1.0, "side": "buy", "timestamp": 1765928894016}, {"id": "529821016", "price": 12.328, "amount": 1.0, "side": "buy", "timestamp": 1765928894130}, {"id": "529821017", "price": 12.328, "amount": 4.0, "side": "buy", "timestamp": 1765928894959}, {"id": "529821018", "price": 12.328, "amount": 3.0, "side": "buy", "timestamp": 1765928895105}, {"id": "529821019", "price": 12.327, "amount": 16.0, "side": "sell", "timestamp": 1765928895658}, {"id": "529821020", "price": 12.327, "amount": 8.0, "side": "sell", "timestamp": 1765928898570}, {"id": "529821021", "price": 12.328, "amount": 2.0, "side": "buy", "timestamp": 1765928899768}, {"id": "529821022", "price": 12.328, "amount": 2.0, "side": "buy", "timestamp": 1765928899917}, {"id": "529821023", "price": 12.328, "amount": 2.0, "side": "buy", "timestamp": 1765928900024}, {"id": "529821024", "price": 12.328, "amount": 400.0, "side": "buy", "timestamp": 1765928902175}, {"id": "529821025", "price": 12.328, "amount": 13.0, "side": "sell", "timestamp": 1765928903703}, {"id": "529821026", "price": 12.329, "amount": 4.0, "side": "buy", "timestamp": 1765928904864}, {"id": "529821027", "price": 12.329, "amount": 2.0, "side": "buy", "timestamp": 1765928905014}, {"id": "529821028", "price": 12.329, "amount": 6.0, "side": "buy", "timestamp": 1765928909869}, {"id": "529821029", "price": 12.328, "amount": 50.0, "side": "sell", "timestamp": 1765928910880}, {"id": "529821030", "price": 12.328, "amount": 11.0, "side": "sell", "timestamp": 1765928912234}, {"id": "529821031", "price": 12.328, "amount": 4.0, "side": "sell", "timestamp": 1765928913077}, {"id": "529821032", "price": 12.328, "amount": 2.0, "side": "sell", "timestamp": 1765928913906}, {"id": "529821033", "price": 12.328, "amount": 3.0, "side": "sell", "timestamp": 1765928914810}, {"id": "529821034", "price": 12.328, "amount": 6.0, "side": "sell", "timestamp": 1765928914928}, {"id": "529821035", "price": 12.328, "amount": 2.0, "side": "sell", "timestamp": 1765928915083}, {"id": "529821081", "price": 12.321, "amount": 3.0, "side": "sell", "timestamp": 1765928946986}, {"id": "529821082", "price": 12.321, "amount": 22.0, "side": "sell", "timestamp": 1765928947247}, {"id": "529821083", "price": 12.321, "amount": 1.0, "side": "sell", "timestamp": 1765928947402}, {"id": "529821084", "price": 12.321, "amount": 1.0, "side": "sell", "timestamp": 1765928947738}, {"id": "529821085", "price": 12.321, "amount": 80.0, "side": "sell", "timestamp": 1765928948248}, {"id": "529821086", "price": 12.32, "amount": 1.0, "side": "sell", "timestamp": 1765928948543}, {"id": "529821087", "price": 12.32, "amount": 2.0, "side": "sell", "timestamp": 1765928949807}, {"id": "529821088", "price": 12.32, "amount": 5.0, "side": "sell", "timestamp": 1765928949953}, {"id": "529821089", "price": 12.32, "amount": 1.0, "side": "sell", "timestamp": 1765928950082}, {"id": "529821090", "price": 12.32, "amount": 1.0, "side": "sell", "timestamp": 1765928951678}, {"id": "529821091", "price": 12.321, "amount": 43.0, "side": "buy", "timestamp": 1765928952921}, {"id": "529821092", "price": 12.32, "amount": 285.0, "side": "sell", "timestamp": 1765928953277}, {"id": "529821093", "price": 12.319, "amount": 4.0, "side": "sell", "timestamp": 1765928953730}, {"id": "529821094", "price": 12.319, "amount": 4.0, "side": "sell", "timestamp": 1765928954187}, {"id": "529821095", "price": 12.319, "amount": 3.0, "side": "sell", "timestamp": 1765928954820}, {"id": "529821096", "price": 12.319, "amount": 3.0, "side": "sell", "timestamp": 1765928954921}, {"id": "529821097", "price": 12.32, "amount": 5.0, "side": "buy", "timestamp": 1765928955603}, {"id": "529821098", "price": 12.319, "amount": 23.0, "side": "sell", "timestamp": 1765928955807}, {"id": "529821099", "price": 12.319, "amount": 9.0, "side": "sell", "timestamp": 1765928956080}, {"id": "529821100", "price": 12.319, "amount": 2.0, "side": "sell", "timestamp": 1765928956200}, {"id": "529821101", "price": 12.319, "amount": 33.0, "side": "sell", "timestamp": 1765928956511}, {"id": "529821102", "price": 12.319, "amount": 25.0, "side": "sell", "timestamp": 1765928956624}, {"id": "529821103", "price": 12.319, "amount": 34.0, "side": "sell", "timestamp": 1765928956763}, {"id": "529821104", "price": 12.319, "amount": 4.0, "side": "sell", "timestamp": 1765928956958}, {"id": "529821105", "price": 12.318, "amount": 619.0, "side": "sell", "timestamp": 1765928957944}, {"id": "529821106", "price": 12.317, "amount": 156.0, "side": "sell", "timestamp": 1765928957997}, {"id": "529821107", "price": 12.316, "amount": 25.0, "side": "sell", "timestamp": 1765928958294}, {"id": "529821108", "price": 12.316, "amount": 1.0, "side": "buy", "timestamp": 1765928958633}, {"id": "529821109", "price": 12.315, "amount": 197.0, "side": "sell", "timestamp": 1765928959292}, {"id": "529821110", "price": 12.314, "amount": 112.0, "side": "sell", "timestamp": 1765928959292}, {"id": "529821111", "price": 12.314, "amount": 3.0, "side": "sell", "timestamp": 1765928959771}, {"id": "529821112", "price": 12.314, "amount": 3.0, "side": "sell", "timestamp": 1765928959906}, {"id": "529821113", "price": 12.315, "amount": 4.0, "side": "buy", "timestamp": 1765928959979}, {"id": "529821114", "price": 12.315, "amount": 4.0, "side": "buy", "timestamp": 1765928960721}, {"id": "529821115", "price": 12.315, "amount": 20.0, "side": "buy", "timestamp": 1765928961920}, {"id": "529821116", "price": 12.315, "amount": 2.0, "side": "buy", "timestamp": 1765928962179}, {"id": "529821117", "price": 12.314, "amount": 530.0, "side": "sell", "timestamp": 1765928962370}, {"id": "529821118", "price": 12.313, "amount": 4.0, "side": "sell", "timestamp": 1765928962388}, {"id": "529821119", "price": 12.312, "amount": 44.0, "side": "sell", "timestamp": 1765928962835}, {"id": "529821120", "price": 12.312, "amount": 184.0, "side": "sell", "timestamp": 1765928963154}, {"id": "529821121", "price": 12.312, "amount": 25.0, "side": "sell", "timestamp": 1765928963371}, {"id": "529821122", "price": 12.312, "amount": 14.0, "side": "sell", "timestamp": 1765928963613}, {"id": "529821123", "price": 12.311, "amount": 2.0, "side": "sell", "timestamp": 1765928964051}, {"id": "529821124", "price": 12.311, "amount": 6.0, "side": "sell", "timestamp": 1765928964833}, {"id": "529821125", "price": 12.311, "amount": 5.0, "side": "sell", "timestamp": 1765928965832}, {"id": "529821126", "price": 12.311, "amount": 3.0, "side": "sell", "timestamp": 1765928966058}, {"id": "529821127", "price": 12.311, "amount": 12.0, "side": "sell", "timestamp": 1765928966254}, {"id": "529821128", "price": 12.311, "amount": 8.0, "side": "sell", "timestamp": 1765928966378}, {"id": "529821129", "price": 12.311, "amount": 9.0, "side": "sell", "timestamp": 1765928966516}, {"id": "529821130", "price": 12.311, "amount": 7.0, "side": "sell", "timestamp": 1765928966787}, {"id": "529821140", "price": 12.308, "amount": 3.0, "side": "sell", "timestamp": 1765928974771}, {"id": "529821141", "price": 12.308, "amount": 1.0, "side": "sell", "timestamp": 1765928974969}, {"id": "529821142", "price": 12.308, "amount": 2.0, "side": "sell", "timestamp": 1765928975070}, {"id": "529821143", "price": 12.308, "amount": 5.0, "side": "sell", "timestamp": 1765928975322}, {"id": "529821144", "price": 12.308, "amount": 4.0, "side": "sell", "timestamp": 1765928975562}, {"id": "529821145", "price": 12.309, "amount": 340.0, "side": "buy", "timestamp": 1765928975832}, {"id": "529821146", "price": 12.309, "amount": 1.0, "side": "sell", "timestamp": 1765928976241}, {"id": "529821147", "price": 12.309, "amount": 2.0, "side": "sell", "timestamp": 1765928976811}, {"id": "529821148", "price": 12.31, "amount": 1.0, "side": "buy", "timestamp": 1765928977433}, {"id": "529821149", "price": 12.31, "amount": 149.0, "side": "buy", "timestamp": 1765928977745}, {"id": "529821150", "price": 12.311, "amount": 31.0, "side": "buy", "timestamp": 1765928977750}, {"id": "529821151", "price": 12.312, "amount": 49.0, "side": "buy", "timestamp": 1765928980929}, {"id": "529821152", "price": 12.313, "amount": 17.0, "side": "buy", "timestamp": 1765928983511}, {"id": "529821153", "price": 12.312, "amount": 1131.0, "side": "sell", "timestamp": 1765928983717}, {"id": "529821154", "price": 12.311, "amount": 1574.0, "side": "sell", "timestamp": 1765928983717}, {"id": "529821155", "price": 12.31, "amount": 1035.0, "side": "sell", "timestamp": 1765928983717}, {"id": "529821156", "price": 12.309, "amount": 777.0, "side": "sell", "timestamp": 1765928983717}, {"id": "529821157", "price": 12.311, "amount": 41.0, "side": "buy", "timestamp": 1765928984954}, {"id": "529821158", "price": 12.311, "amount": 419.0, "side": "sell", "timestamp": 1765928985919}, {"id": "529821159", "price": 12.311, "amount": 1.0, "side": "buy", "timestamp": 1765928987682}, {"id": "529821160", "price": 12.31, "amount": 327.0, "side": "sell", "timestamp": 1765928990523}, {"id": "529821161", "price": 12.309, "amount": 355.0, "side": "sell", "timestamp": 1765928990672}, {"id": "529821162", "price": 12.308, "amount": 4.0, "side": "sell", "timestamp": 1765928990824}, {"id": "529821163", "price": 12.308, "amount": 18.0, "side": "buy", "timestamp": 1765928991447}, {"id": "529821164", "price": 12.307, "amount": 30.0, "side": "sell", "timestamp": 1765928992474}, {"id": "529821165", "price": 12.308, "amount": 83.0, "side": "buy", "timestamp": 1765928992713}, {"id": "529821166", "price": 12.308, "amount": 2.0, "side": "buy", "timestamp": 1765928994464}, {"id": "529821167", "price": 12.308, "amount": 33.0, "side": "buy", "timestamp": 1765928998822}, {"id": "529821168", "price": 12.309, "amount": 9.0, "side": "buy", "timestamp": 1765929000345}, {"id": "529821169", "price": 12.309, "amount": 110.0, "side": "buy", "timestamp": 1765929000662}, {"id": "529821170", "price": 12.31, "amount": 1.0, "side": "buy", "timestamp": 1765929001308}, {"id": "529821171", "price": 12.31, "amount": 3.0, "side": "buy", "timestamp": 1765929002846}, {"id": "529821172", "price": 12.31, "amount": 239.0, "side": "buy", "timestamp": 1765929003337}, {"id": "529821173", "price": 12.31, "amount": 2.0, "side": "buy", "timestamp": 1765929003659}, {"id": "529821174", "price": 12.31, "amount": 64.0, "side": "buy", "timestamp": 1765929004617}, {"id": "529821175", "price": 12.31, "amount": 47.0, "side": "buy", "timestamp": 1765929004724}, {"id": "529821176", "price": 12.31, "amount": 137.0, "side": "buy", "timestamp": 1765929005302}, {"id": "529821177", "price": 12.311, "amount": 24.0, "side": "buy", "timestamp": 1765929005311}, {"id": "529821178", "price": 12.312, "amount": 1.0, "side": "buy", "timestamp": 1765929005481}, {"id": "529821179", "price": 12.312, "amount": 8.0, "side": "buy", "timestamp": 1765929005827}, {"id": "529821180", "price": 12.312, "amount": 1.0, "side": "buy", "timestamp": 1765929006134}, {"id": "529821181", "price": 12.312, "amount": 3.0, "side": "buy", "timestamp": 1765929013737}, {"id": "529821182", "price": 12.312, "amount": 2.0, "side": "buy", "timestamp": 1765929013967}, {"id": "529821183", "price": 12.312, "amount": 1.0, "side": "buy", "timestamp": 1765929017674}, {"id": "529821184", "price": 12.311, "amount": 218.0, "side": "sell", "timestamp": 1765929018384}, {"id": "529821185", "price": 12.31, "amount": 8.0, "side": "sell", "timestamp": 1765929018438}, {"id": "529821186", "price": 12.309, "amount": 1.0, "side": "sell", "timestamp": 1765929018863}, {"id": "529821187", "price": 12.309, "amount": 71.0, "side": "sell", "timestamp": 1765929019438}, {"id": "529821188", "price": 12.308, "amount": 3.0, "side": "sell", "timestamp": 1765929019714}, {"id": "529821189", "price": 12.308, "amount": 3.0, "side": "sell", "timestamp": 1765929020015}, {"id": "529821182", "price": 12.312, "amount": 2.0, "side": "buy", "timestamp": 1765929013967}, {"id": "529821183", "price": 12.312, "amount": 1.0, "side": "buy", "timestamp": 1765929017674}, {"id": "529821184", "price": 12.311, "amount": 218.0, "side": "sell", "timestamp": 1765929018384}, {"id": "529821185", "price": 12.31, "amount": 8.0, "side": "sell", "timestamp": 1765929018438}, {"id": "529821186", "price": 12.309, "amount": 1.0, "side": "sell", "timestamp": 1765929018863}, {"id": "529821187", "price": 12.309, "amount": 71.0, "side": "sell", "timestamp": 1765929019438}, {"id": "529821188", "price": 12.308, "amount": 3.0, "side": "sell", "timestamp": 1765929019714}, {"id": "529821189", "price": 12.308, "amount": 3.0, "side": "sell", "timestamp": 1765929020015}, {"id": "529821190", "price": 12.309, "amount": 3.0, "side": "buy", "timestamp": 1765929022625}, {"id": "529821191", "price": 12.309, "amount": 1.0, "side": "buy", "timestamp": 1765929023062}, {"id": "529821192", "price": 12.309, "amount": 1.0, "side": "buy", "timestamp": 1765929023685}, {"id": "529821193", "price": 12.308, "amount": 30.0, "side": "sell", "timestamp": 1765929023717}, {"id": "529821194", "price": 12.309, "amount": 2.0, "side": "buy", "timestamp": 1765929024197}, {"id": "529821195", "price": 12.308, "amount": 5.0, "side": "sell", "timestamp": 1765929024852}, {"id": "529821196", "price": 12.308, "amount": 1.0, "side": "sell", "timestamp": 1765929024988}, {"id": "529821197", "price": 12.308, "amount": 45.0, "side": "sell", "timestamp": 1765929025934}, {"id": "529821198", "price": 12.307, "amount": 85.0, "side": "sell", "timestamp": 1765929025934}, {"id": "529821199", "price": 12.307, "amount": 2.0, "side": "sell", "timestamp": 1765929029760}, {"id": "529821200", "price": 12.307, "amount": 4.0, "side": "sell", "timestamp": 1765929029910}, {"id": "529821201", "price": 12.307, "amount": 23.0, "side": "sell", "timestamp": 1765929031533}, {"id": "529821202", "price": 12.306, "amount": 1.0, "side": "sell", "timestamp": 1765929033590}, {"id": "529821203", "price": 12.306, "amount": 2.0, "side": "sell", "timestamp": 1765929034560}, {"id": "529821204", "price": 12.307, "amount": 21.0, "side": "buy", "timestamp": 1765929034689}, {"id": "529821205", "price": 12.306, "amount": 2.0, "side": "sell", "timestamp": 1765929034778}, {"id": "529821206", "price": 12.306, "amount": 3.0, "side": "sell", "timestamp": 1765929034904}, {"id": "529821207", "price": 12.306, "amount": 2.0, "side": "sell", "timestamp": 1765929039749}, {"id": "529821208", "price": 12.306, "amount": 3.0, "side": "sell", "timestamp": 1765929039856}, {"id": "529821209", "price": 12.306, "amount": 3.0, "side": "sell", "timestamp": 1765929042173}, {"id": "529821210", "price": 12.306, "amount": 4.0, "side": "sell", "timestamp": 1765929044737}, {"id": "529821211", "price": 12.306, "amount": 1.0, "side": "sell", "timestamp": 1765929044934}, {"id": "529821212", "price": 12.307, "amount": 1.0, "side": "buy", "timestamp": 1765929047179}, {"id": "529821213", "price": 12.306, "amount": 3.0, "side": "sell", "timestamp": 1765929049659}, {"id": "529821214", "price": 12.306, "amount": 3.0, "side": "sell", "timestamp": 1765929049926}, {"id": "529821215", "price": 12.307, "amount": 410.0, "side": "buy", "timestamp": 1765929049936}, {"id": "529821216", "price": 12.308, "amount": 2.0, "side": "buy", "timestamp": 1765929053114}, {"id": "529821217", "price": 12.308, "amount": 3.0, "side": "buy", "timestamp": 1765929057123}, {"id": "529821218", "price": 12.307, "amount": 2.0, "side": "sell", "timestamp": 1765929057259}, {"id": "529821219", "price": 12.307, "amount": 1.0, "side": "sell", "timestamp": 1765929059680}, {"id": "529821220", "price": 12.308, "amount": 237.0, "side": "buy", "timestamp": 1765929060205}, {"id": "529821221", "price": 12.308, "amount": 2.0, "side": "sell", "timestamp": 1765929062905}, {"id": "529821222", "price": 12.309, "amount": 3.0, "side": "buy", "timestamp": 1765929063753}, {"id": "529821223", "price": 12.309, "amount": 1.0, "side": "buy", "timestamp": 1765929064553}, {"id": "529821224", "price": 12.309, "amount": 1.0, "side": "buy", "timestamp": 1765929064757}, {"id": "529821225", "price": 12.308, "amount": 10.0, "side": "sell", "timestamp": 1765929064824}, {"id": "529821226", "price": 12.309, "amount": 1.0, "side": "buy", "timestamp": 1765929065432}, {"id": "529821227", "price": 12.309, "amount": 2.0, "side": "buy", "timestamp": 1765929065809}, {"id": "529821228", "price": 12.309, "amount": 266.0, "side": "buy", "timestamp": 1765929066566}, {"id": "529821229", "price": 12.31, "amount": 105.0, "side": "buy", "timestamp": 1765929067890}, {"id": "529821230", "price": 12.309, "amount": 246.0, "side": "sell", "timestamp": 1765929068961}, {"id": "529821231", "price": 12.308, "amount": 93.0, "side": "sell", "timestamp": 1765929068964}, {"id": "529821241", "price": 12.307, "amount": 2.0, "side": "sell", "timestamp": 1765929079895}, {"id": "529821242", "price": 12.308, "amount": 1.0, "side": "buy", "timestamp": 1765929079986}, {"id": "529821243", "price": 12.308, "amount": 67.0, "side": "buy", "timestamp": 1765929080421}, {"id": "529821244", "price": 12.309, "amount": 21.0, "side": "buy", "timestamp": 1765929080641}, {"id": "529821245", "price": 12.31, "amount": 34.0, "side": "buy", "timestamp": 1765929080823}, {"id": "529821246", "price": 12.311, "amount": 34.0, "side": "buy", "timestamp": 1765929080836}, {"id": "529821247", "price": 12.311, "amount": 10.0, "side": "buy", "timestamp": 1765929081197}, {"id": "529821248", "price": 12.311, "amount": 2.0, "side": "sell", "timestamp": 1765929081318}, {"id": "529821249", "price": 12.312, "amount": 127.0, "side": "buy", "timestamp": 1765929082338}, {"id": "529821250", "price": 12.313, "amount": 3.0, "side": "buy", "timestamp": 1765929082390}, {"id": "529821251", "price": 12.314, "amount": 1.0, "side": "buy", "timestamp": 1765929087353}, {"id": "529821252", "price": 12.314, "amount": 1.0, "side": "buy", "timestamp": 1765929089985}, {"id": "529821253", "price": 12.314, "amount": 281.0, "side": "buy", "timestamp": 1765929090746}, {"id": "529821254", "price": 12.315, "amount": 170.0, "side": "buy", "timestamp": 1765929090746}, {"id": "529821255", "price": 12.316, "amount": 589.0, "side": "buy", "timestamp": 1765929090746}, {"id": "529821256", "price": 12.317, "amount": 208.0, "side": "buy", "timestamp": 1765929090746}, {"id": "529821257", "price": 12.314, "amount": 1.0, "side": "sell", "timestamp": 1765929091098}, {"id": "529821258", "price": 12.314, "amount": 1.0, "side": "sell", "timestamp": 1765929092993}, {"id": "529821259", "price": 12.315, "amount": 1.0, "side": "buy", "timestamp": 1765929094533}, {"id": "529821260", "price": 12.315, "amount": 1.0, "side": "buy", "timestamp": 1765929094712}, {"id": "529821261", "price": 12.314, "amount": 1.0, "side": "sell", "timestamp": 1765929095682}, {"id": "529821262", "price": 12.314, "amount": 202.0, "side": "sell", "timestamp": 1765929099868}, {"id": "529821263", "price": 12.315, "amount": 1.0, "side": "buy", "timestamp": 1765929099986}, {"id": "529821264", "price": 12.314, "amount": 67.0, "side": "sell", "timestamp": 1765929102912}, {"id": "529821265", "price": 12.314, "amount": 1.0, "side": "sell", "timestamp": 1765929103470}, {"id": "529821266", "price": 12.315, "amount": 1.0, "side": "buy", "timestamp": 1765929104662}, {"id": "529821267", "price": 12.314, "amount": 2.0, "side": "sell", "timestamp": 1765929104960}, {"id": "529821268", "price": 12.314, "amount": 1.0, "side": "sell", "timestamp": 1765929105073}, {"id": "529821269", "price": 12.314, "amount": 1.0, "side": "sell", "timestamp": 1765929108936}, {"id": "529821270", "price": 12.315, "amount": 1.0, "side": "buy", "timestamp": 1765929109863}, {"id": "529821271", "price": 12.314, "amount": 83.0, "side": "sell", "timestamp": 1765929110782}, {"id": "529821272", "price": 12.313, "amount": 1.0, "side": "sell", "timestamp": 1765929111584}, {"id": "529821273", "price": 12.314, "amount": 5.0, "side": "buy", "timestamp": 1765929112979}, {"id": "529821274", "price": 12.314, "amount": 56.0, "side": "buy", "timestamp": 1765929115479}, {"id": "529821275", "price": 12.314, "amount": 9.0, "side": "buy", "timestamp": 1765929117262}, {"id": "529821276", "price": 12.313, "amount": 3.0, "side": "sell", "timestamp": 1765929120939}, {"id": "529821277", "price": 12.314, "amount": 213.0, "side": "buy", "timestamp": 1765929121312}, {"id": "529821278", "price": 12.315, "amount": 63.0, "side": "buy", "timestamp": 1765929121318}, {"id": "529821279", "price": 12.316, "amount": 206.0, "side": "buy", "timestamp": 1765929121636}, {"id": "529821280", "price": 12.317, "amount": 158.0, "side": "buy", "timestamp": 1765929121814}, {"id": "529821281", "price": 12.318, "amount": 28.0, "side": "buy", "timestamp": 1765929121817}, {"id": "529821282", "price": 12.319, "amount": 105.0, "side": "buy", "timestamp": 1765929121992}, {"id": "529821283", "price": 12.318, "amount": 169.0, "side": "sell", "timestamp": 1765929122755}, {"id": "529821284", "price": 12.317, "amount": 25.0, "side": "sell", "timestamp": 1765929122778}, {"id": "529821285", "price": 12.316, "amount": 21.0, "side": "sell", "timestamp": 1765929122786}, {"id": "529821286", "price": 12.315, "amount": 20.0, "side": "sell", "timestamp": 1765929123371}, {"id": "529821287", "price": 12.314, "amount": 2.0, "side": "sell", "timestamp": 1765929123466}, {"id": "529821288", "price": 12.314, "amount": 1.0, "side": "buy", "timestamp": 1765929123793}, {"id": "529821289", "price": 12.314, "amount": 1.0, "side": "buy", "timestamp": 1765929124273}, {"id": "529821290", "price": 12.313, "amount": 2.0, "side": "sell", "timestamp": 1765929124489}, {"id": "529821292", "price": 12.314, "amount": 1.0, "side": "buy", "timestamp": 1765929125787}, {"id": "529821293", "price": 12.314, "amount": 1.0, "side": "buy", "timestamp": 1765929125985}, {"id": "529821294", "price": 12.314, "amount": 1.0, "side": "buy", "timestamp": 1765929126099}, {"id": "529821295", "price": 12.313, "amount": 7.0, "side": "sell", "timestamp": 1765929126131}, {"id": "529821296", "price": 12.314, "amount": 237.0, "side": "buy", "timestamp": 1765929126347}, {"id": "529821297", "price": 12.313, "amount": 1.0, "side": "sell", "timestamp": 1765929126477}, {"id": "529821298", "price": 12.314, "amount": 49.0, "side": "buy", "timestamp": 1765929126822}, {"id": "529821299", "price": 12.315, "amount": 270.0, "side": "buy", "timestamp": 1765929126824}, {"id": "529821300", "price": 12.316, "amount": 186.0, "side": "buy", "timestamp": 1765929130098}, {"id": "529821301", "price": 12.317, "amount": 9.0, "side": "buy", "timestamp": 1765929130102}, {"id": "529821302", "price": 12.317, "amount": 1.0, "side": "sell", "timestamp": 1765929131681}, {"id": "529821303", "price": 12.317, "amount": 1.0, "side": "sell", "timestamp": 1765929132150}, {"id": "529821304", "price": 12.317, "amount": 1.0, "side": "sell", "timestamp": 1765929132886}, {"id": "529821305", "price": 12.317, "amount": 5.0, "side": "sell", "timestamp": 1765929132987}, {"id": "529821306", "price": 12.318, "amount": 96.0, "side": "buy", "timestamp": 1765929134207}, {"id": "529821307", "price": 12.318, "amount": 3.0, "side": "sell", "timestamp": 1765929134259}, {"id": "529821308", "price": 12.318, "amount": 1.0, "side": "sell", "timestamp": 1765929135770}, {"id": "529821309", "price": 12.318, "amount": 12.0, "side": "sell", "timestamp": 1765929136530}, {"id": "529821310", "price": 12.318, "amount": 2.0, "side": "sell", "timestamp": 1765929136704}, {"id": "529821311", "price": 12.318, "amount": 14.0, "side": "sell", "timestamp": 1765929143519}, {"id": "529821312", "price": 12.318, "amount": 2.0, "side": "sell", "timestamp": 1765929145006}, {"id": "529821313", "price": 12.318, "amount": 243.0, "side": "sell", "timestamp": 1765929146251}, {"id": "529821314", "price": 12.317, "amount": 2.0, "side": "sell", "timestamp": 1765929147856}, {"id": "529821315", "price": 12.317, "amount": 2.0, "side": "sell", "timestamp": 1765929149958}, {"id": "529821316", "price": 12.317, "amount": 1.0, "side": "sell", "timestamp": 1765929154725}, {"id": "529821317", "price": 12.317, "amount": 1.0, "side": "sell", "timestamp": 1765929154870}, {"id": "529821318", "price": 12.318, "amount": 3.0, "side": "buy", "timestamp": 1765929156095}, {"id": "529821319", "price": 12.317, "amount": 48.0, "side": "sell", "timestamp": 1765929156784}, {"id": "529821320", "price": 12.316, "amount": 2.0, "side": "sell", "timestamp": 1765929159744}, {"id": "529821321", "price": 12.317, "amount": 11.0, "side": "buy", "timestamp": 1765929160780}, {"id": "529821322", "price": 12.316, "amount": 1.0, "side": "sell", "timestamp": 1765929161021}, {"id": "529821323", "price": 12.316, "amount": 1.0, "side": "sell", "timestamp": 1765929162513}, {"id": "529821324", "price": 12.316, "amount": 1.0, "side": "sell", "timestamp": 1765929165058}, {"id": "529821325", "price": 12.316, "amount": 1.0, "side": "sell", "timestamp": 1765929167707}, {"id": "529821326", "price": 12.317, "amount": 1.0, "side": "buy", "timestamp": 1765929167948}, {"id": "529821327", "price": 12.317, "amount": 11.0, "side": "buy", "timestamp": 1765929168752}, {"id": "529821328", "price": 12.316, "amount": 1.0, "side": "sell", "timestamp": 1765929168915}, {"id": "529821329", "price": 12.316, "amount": 1.0, "side": "sell", "timestamp": 1765929170092}, {"id": "529821330", "price": 12.317, "amount": 6.0, "side": "buy", "timestamp": 1765929171695}, {"id": "529821331", "price": 12.317, "amount": 73.0, "side": "buy", "timestamp": 1765929172550}, {"id": "529821332", "price": 12.318, "amount": 42.0, "side": "buy", "timestamp": 1765929174411}, {"id": "529821333", "price": 12.319, "amount": 13.0, "side": "buy", "timestamp": 1765929174449}, {"id": "529821334", "price": 12.32, "amount": 1.0, "side": "buy", "timestamp": 1765929174486}, {"id": "529821335", "price": 12.319, "amount": 1.0, "side": "sell", "timestamp": 1765929174681}, {"id": "529821336", "price": 12.319, "amount": 5.0, "side": "sell", "timestamp": 1765929175405}, {"id": "529821337", "price": 12.32, "amount": 18.0, "side": "buy", "timestamp": 1765929175577}, {"id": "529821338", "price": 12.32, "amount": 3.0, "side": "sell", "timestamp": 1765929175700}, {"id": "529821339", "price": 12.321, "amount": 53.0, "side": "buy", "timestamp": 1765929175894}, {"id": "529821340", "price": 12.322, "amount": 2.0, "side": "buy", "timestamp": 1765929176385}, {"id": "529821341", "price": 12.322, "amount": 4.0, "side": "buy", "timestamp": 1765929177103}, {"id": "529821344", "price": 12.324, "amount": 4.0, "side": "buy", "timestamp": 1765929179162}, {"id": "529821345", "price": 12.324, "amount": 306.0, "side": "buy", "timestamp": 1765929180561}, {"id": "529821346", "price": 12.325, "amount": 3.0, "side": "buy", "timestamp": 1765929180576}, {"id": "529821347", "price": 12.325, "amount": 5.0, "side": "sell", "timestamp": 1765929180983}, {"id": "529821348", "price": 12.325, "amount": 98.0, "side": "sell", "timestamp": 1765929181297}, {"id": "529821349", "price": 12.326, "amount": 1.0, "side": "buy", "timestamp": 1765929183414}, {"id": "529821350", "price": 12.326, "amount": 1.0, "side": "buy", "timestamp": 1765929184558}, {"id": "529821351", "price": 12.326, "amount": 1.0, "side": "buy", "timestamp": 1765929184770}, {"id": "529821352", "price": 12.326, "amount": 14.0, "side": "buy", "timestamp": 1765929185362}, {"id": "529821353", "price": 12.326, "amount": 179.0, "side": "buy", "timestamp": 1765929187363}, {"id": "529821354", "price": 12.327, "amount": 69.0, "side": "buy", "timestamp": 1765929187363}, {"id": "529821355", "price": 12.327, "amount": 2.0, "side": "buy", "timestamp": 1765929191711}, {"id": "529821356", "price": 12.327, "amount": 40.0, "side": "buy", "timestamp": 1765929193375}, {"id": "529821357", "price": 12.328, "amount": 55.0, "side": "buy", "timestamp": 1765929193434}, {"id": "529821358", "price": 12.329, "amount": 9.0, "side": "buy", "timestamp": 1765929193486}, {"id": "529821359", "price": 12.328, "amount": 137.0, "side": "sell", "timestamp": 1765929193661}, {"id": "529821360", "price": 12.327, "amount": 26.0, "side": "sell", "timestamp": 1765929193707}, {"id": "529821361", "price": 12.327, "amount": 5.0, "side": "buy", "timestamp": 1765929193796}, {"id": "529821362", "price": 12.327, "amount": 2.0, "side": "buy", "timestamp": 1765929193944}, {"id": "529821363", "price": 12.327, "amount": 1.0, "side": "buy", "timestamp": 1765929195240}, {"id": "529821364", "price": 12.326, "amount": 1.0, "side": "sell", "timestamp": 1765929196245}, {"id": "529821365", "price": 12.327, "amount": 4.0, "side": "buy", "timestamp": 1765929196362}, {"id": "529821366", "price": 12.328, "amount": 2.0, "side": "buy", "timestamp": 1765929196362}, {"id": "529821367", "price": 12.328, "amount": 67.0, "side": "sell", "timestamp": 1765929196666}, {"id": "529821368", "price": 12.328, "amount": 6.0, "side": "buy", "timestamp": 1765929196748}, {"id": "529821369", "price": 12.328, "amount": 10.0, "side": "buy", "timestamp": 1765929202884}, {"id": "529821370", "price": 12.327, "amount": 1.0, "side": "sell", "timestamp": 1765929203680}, {"id": "529821371", "price": 12.327, "amount": 2.0, "side": "sell", "timestamp": 1765929209765}, {"id": "529821372", "price": 12.327, "amount": 1.0, "side": "sell", "timestamp": 1765929209923}, {"id": "529821373", "price": 12.327, "amount": 8.0, "side": "sell", "timestamp": 1765929214707}, {"id": "529821374", "price": 12.327, "amount": 2.0, "side": "sell", "timestamp": 1765929214849}, {"id": "529821375", "price": 12.328, "amount": 132.0, "side": "buy", "timestamp": 1765929216988}, {"id": "529821376", "price": 12.329, "amount": 483.0, "side": "buy", "timestamp": 1765929216996}, {"id": "529821377", "price": 12.33, "amount": 6.0, "side": "buy", "timestamp": 1765929217133}, {"id": "529821378", "price": 12.331, "amount": 9.0, "side": "buy", "timestamp": 1765929217184}, {"id": "529821379", "price": 12.332, "amount": 116.0, "side": "buy", "timestamp": 1765929217323}, {"id": "529821380", "price": 12.333, "amount": 4.0, "side": "buy", "timestamp": 1765929217723}, {"id": "529821381", "price": 12.334, "amount": 309.0, "side": "buy", "timestamp": 1765929217947}, {"id": "529821382", "price": 12.335, "amount": 117.0, "side": "buy", "timestamp": 1765929217994}, {"id": "529821383", "price": 12.336, "amount": 36.0, "side": "buy", "timestamp": 1765929219337}, {"id": "529821384", "price": 12.337, "amount": 77.0, "side": "buy", "timestamp": 1765929219404}, {"id": "529821385", "price": 12.337, "amount": 166.0, "side": "sell", "timestamp": 1765929219623}, {"id": "529821386", "price": 12.336, "amount": 2.0, "side": "sell", "timestamp": 1765929219623}, {"id": "529821387", "price": 12.336, "amount": 47.0, "side": "sell", "timestamp": 1765929220599}, {"id": "529821388", "price": 12.335, "amount": 6.0, "side": "sell", "timestamp": 1765929220871}, {"id": "529821389", "price": 12.336, "amount": 2.0, "side": "buy", "timestamp": 1765929221089}, {"id": "529821390", "price": 12.335, "amount": 88.0, "side": "sell", "timestamp": 1765929222113}, {"id": "529821391", "price": 12.334, "amount": 4.0, "side": "sell", "timestamp": 1765929222475}, {"id": "529821392", "price": 12.334, "amount": 4.0, "side": "sell", "timestamp": 1765929225462}, {"id": "529821393", "price": 12.335, "amount": 6.0, "side": "buy", "timestamp": 1765929229076}, {"id": "529821391", "price": 12.334, "amount": 4.0, "side": "sell", "timestamp": 1765929222475}, {"id": "529821392", "price": 12.334, "amount": 4.0, "side": "sell", "timestamp": 1765929225462}, {"id": "529821393", "price": 12.335, "amount": 6.0, "side": "buy", "timestamp": 1765929229076}, {"id": "529821394", "price": 12.336, "amount": 24.0, "side": "buy", "timestamp": 1765929233495}, {"id": "529821395", "price": 12.337, "amount": 30.0, "side": "buy", "timestamp": 1765929237066}, {"id": "529821396", "price": 12.338, "amount": 2.0, "side": "buy", "timestamp": 1765929237112}, {"id": "529821397", "price": 12.338, "amount": 1.0, "side": "buy", "timestamp": 1765929237732}, {"id": "529821398", "price": 12.338, "amount": 81.0, "side": "buy", "timestamp": 1765929239455}, {"id": "529821399", "price": 12.339, "amount": 28.0, "side": "buy", "timestamp": 1765929239455}, {"id": "529821400", "price": 12.338, "amount": 111.0, "side": "sell", "timestamp": 1765929239681}, {"id": "529821401", "price": 12.338, "amount": 112.0, "side": "sell", "timestamp": 1765929240275}, {"id": "529821402", "price": 12.337, "amount": 53.0, "side": "sell", "timestamp": 1765929240378}, {"id": "529821403", "price": 12.336, "amount": 64.0, "side": "sell", "timestamp": 1765929240415}, {"id": "529821404", "price": 12.336, "amount": 33.0, "side": "buy", "timestamp": 1765929240581}, {"id": "529821405", "price": 12.336, "amount": 11.0, "side": "sell", "timestamp": 1765929240783}, {"id": "529821406", "price": 12.335, "amount": 76.0, "side": "sell", "timestamp": 1765929240783}, {"id": "529821407", "price": 12.335, "amount": 1.0, "side": "sell", "timestamp": 1765929240981}, {"id": "529821408", "price": 12.335, "amount": 1.0, "side": "sell", "timestamp": 1765929241240}, {"id": "529821409", "price": 12.335, "amount": 2.0, "side": "sell", "timestamp": 1765929241514}, {"id": "529821410", "price": 12.335, "amount": 1.0, "side": "sell", "timestamp": 1765929242018}, {"id": "529821411", "price": 12.336, "amount": 1.0, "side": "buy", "timestamp": 1765929242644}, {"id": "529821412", "price": 12.335, "amount": 2.0, "side": "sell", "timestamp": 1765929243565}, {"id": "529821413", "price": 12.336, "amount": 2.0, "side": "buy", "timestamp": 1765929244778}, {"id": "529821414", "price": 12.336, "amount": 1.0, "side": "buy", "timestamp": 1765929245289}, {"id": "529821415", "price": 12.335, "amount": 12.0, "side": "sell", "timestamp": 1765929245655}, {"id": "529821416", "price": 12.336, "amount": 104.0, "side": "buy", "timestamp": 1765929246560}, {"id": "529821417", "price": 12.336, "amount": 4.0, "side": "buy", "timestamp": 1765929246676}, {"id": "529821418", "price": 12.336, "amount": 9.0, "side": "buy", "timestamp": 1765929247930}, {"id": "529821419", "price": 12.336, "amount": 111.0, "side": "buy", "timestamp": 1765929248551}, {"id": "529821420", "price": 12.336, "amount": 13.0, "side": "sell", "timestamp": 1765929248658}, {"id": "529821421", "price": 12.337, "amount": 78.0, "side": "buy", "timestamp": 1765929249627}, {"id": "529821422", "price": 12.338, "amount": 516.0, "side": "buy", "timestamp": 1765929249627}, {"id": "529821423", "price": 12.339, "amount": 86.0, "side": "buy", "timestamp": 1765929250012}, {"id": "529821424", "price": 12.339, "amount": 1.0, "side": "sell", "timestamp": 1765929251695}, {"id": "529821425", "price": 12.339, "amount": 6.0, "side": "sell", "timestamp": 1765929252892}, {"id": "529821426", "price": 12.339, "amount": 9.0, "side": "sell", "timestamp": 1765929256764}, {"id": "529821427", "price": 12.34, "amount": 1019.0, "side": "buy", "timestamp": 1765929257493}, {"id": "529821428", "price": 12.34, "amount": 1.0, "side": "sell", "timestamp": 1765929263296}, {"id": "529821429", "price": 12.34, "amount": 14.0, "side": "sell", "timestamp": 1765929264508}, {"id": "529821430", "price": 12.34, "amount": 1.0, "side": "sell", "timestamp": 1765929265711}, {"id": "529821431", "price": 12.34, "amount": 93.0, "side": "sell", "timestamp": 1765929265971}, {"id": "529821432", "price": 12.339, "amount": 3.0, "side": "sell", "timestamp": 1765929266851}, {"id": "529821433", "price": 12.339, "amount": 6.0, "side": "sell", "timestamp": 1765929267806}, {"id": "529821434", "price": 12.339, "amount": 1.0, "side": "sell", "timestamp": 1765929275687}, {"id": "529821435", "price": 12.34, "amount": 1.0, "side": "buy", "timestamp": 1765929277794}, {"id": "529821436", "price": 12.34, "amount": 48.0, "side": "buy", "timestamp": 1765929279246}, {"id": "529821437", "price": 12.341, "amount": 80.0, "side": "buy", "timestamp": 1765929279296}, {"id": "529821438", "price": 12.341, "amount": 2.0, "side": "sell", "timestamp": 1765929279373}, {"id": "529821439", "price": 12.341, "amount": 96.0, "side": "sell", "timestamp": 1765929279551}, {"id": "529821440", "price": 12.342, "amount": 1.0, "side": "buy", "timestamp": 1765929280118}, {"id": "529821453", "price": 12.347, "amount": 167.0, "side": "buy", "timestamp": 1765929297788}, {"id": "529821454", "price": 12.347, "amount": 4.0, "side": "sell", "timestamp": 1765929298138}, {"id": "529821455", "price": 12.347, "amount": 243.0, "side": "sell", "timestamp": 1765929298253}, {"id": "529821456", "price": 12.346, "amount": 21.0, "side": "sell", "timestamp": 1765929298339}, {"id": "529821457", "price": 12.345, "amount": 285.0, "side": "sell", "timestamp": 1765929300053}, {"id": "529821458", "price": 12.344, "amount": 102.0, "side": "sell", "timestamp": 1765929300056}, {"id": "529821459", "price": 12.343, "amount": 149.0, "side": "sell", "timestamp": 1765929300057}, {"id": "529821460", "price": 12.342, "amount": 52.0, "side": "sell", "timestamp": 1765929300065}, {"id": "529821461", "price": 12.341, "amount": 323.0, "side": "sell", "timestamp": 1765929300066}, {"id": "529821462", "price": 12.34, "amount": 252.0, "side": "sell", "timestamp": 1765929300070}, {"id": "529821463", "price": 12.339, "amount": 39.0, "side": "sell", "timestamp": 1765929300170}, {"id": "529821464", "price": 12.339, "amount": 1.0, "side": "sell", "timestamp": 1765929300846}, {"id": "529821465", "price": 12.34, "amount": 1.0, "side": "buy", "timestamp": 1765929301475}, {"id": "529821466", "price": 12.339, "amount": 16.0, "side": "sell", "timestamp": 1765929301560}, {"id": "529821467", "price": 12.34, "amount": 2.0, "side": "buy", "timestamp": 1765929302431}, {"id": "529821468", "price": 12.34, "amount": 155.0, "side": "buy", "timestamp": 1765929303359}, {"id": "529821469", "price": 12.341, "amount": 8.0, "side": "buy", "timestamp": 1765929304581}, {"id": "529821470", "price": 12.34, "amount": 1.0, "side": "sell", "timestamp": 1765929304701}, {"id": "529821471", "price": 12.341, "amount": 2.0, "side": "buy", "timestamp": 1765929304805}, {"id": "529821472", "price": 12.341, "amount": 5.0, "side": "buy", "timestamp": 1765929305403}, {"id": "529821473", "price": 12.341, "amount": 108.0, "side": "buy", "timestamp": 1765929305831}, {"id": "529821474", "price": 12.341, "amount": 142.0, "side": "buy", "timestamp": 1765929306122}, {"id": "529821475", "price": 12.341, "amount": 7.0, "side": "sell", "timestamp": 1765929306143}, {"id": "529821476", "price": 12.341, "amount": 16.0, "side": "sell", "timestamp": 1765929306252}, {"id": "529821477", "price": 12.342, "amount": 20.0, "side": "buy", "timestamp": 1765929309077}, {"id": "529821478", "price": 12.341, "amount": 114.0, "side": "sell", "timestamp": 1765929311687}, {"id": "529821479", "price": 12.342, "amount": 4.0, "side": "buy", "timestamp": 1765929312611}, {"id": "529821480", "price": 12.341, "amount": 361.0, "side": "sell", "timestamp": 1765929312785}, {"id": "529821481", "price": 12.341, "amount": 35.0, "side": "buy", "timestamp": 1765929312872}, {"id": "529821482", "price": 12.341, "amount": 68.0, "side": "buy", "timestamp": 1765929312976}, {"id": "529821483", "price": 12.34, "amount": 111.0, "side": "sell", "timestamp": 1765929313837}, {"id": "529821484", "price": 12.341, "amount": 3.0, "side": "buy", "timestamp": 1765929315626}, {"id": "529821485", "price": 12.341, "amount": 361.0, "side": "buy", "timestamp": 1765929317520}, {"id": "529821486", "price": 12.342, "amount": 1.0, "side": "buy", "timestamp": 1765929318885}, {"id": "529821487", "price": 12.342, "amount": 5.0, "side": "buy", "timestamp": 1765929320378}, {"id": "529821488", "price": 12.341, "amount": 1.0, "side": "sell", "timestamp": 1765929321995}, {"id": "529821489", "price": 12.342, "amount": 9.0, "side": "buy", "timestamp": 1765929324484}, {"id": "529821490", "price": 12.342, "amount": 11.0, "side": "buy", "timestamp": 1765929324726}, {"id": "529821491", "price": 12.342, "amount": 14.0, "side": "buy", "timestamp": 1765929326103}, {"id": "529821492", "price": 12.341, "amount": 27.0, "side": "sell", "timestamp": 1765929327557}, {"id": "529821493", "price": 12.341, "amount": 1.0, "side": "buy", "timestamp": 1765929327660}, {"id": "529821494", "price": 12.341, "amount": 6.0, "side": "buy", "timestamp": 1765929327878}, {"id": "529821495", "price": 12.341, "amount": 19.0, "side": "buy", "timestamp": 1765929329154}, {"id": "529821496", "price": 12.34, "amount": 1.0, "side": "sell", "timestamp": 1765929330605}, {"id": "529821497", "price": 12.34, "amount": 1.0, "side": "sell", "timestamp": 1765929330857}, {"id": "529821498", "price": 12.341, "amount": 5.0, "side": "buy", "timestamp": 1765929330980}, {"id": "529821499", "price": 12.341, "amount": 7.0, "side": "buy", "timestamp": 1765929333840}, {"id": "529821500", "price": 12.34, "amount": 18.0, "side": "sell", "timestamp": 1765929335291}, {"id": "529821501", "price": 12.34, "amount": 9.0, "side": "sell", "timestamp": 1765929335858}, {"id": "529821502", "price": 12.339, "amount": 7.0, "side": "sell", "timestamp": 1765929335858}, {"id": "529821514", "price": 12.339, "amount": 3.0, "side": "sell", "timestamp": 1765929360904}, {"id": "529821515", "price": 12.339, "amount": 379.0, "side": "sell", "timestamp": 1765929361033}, {"id": "529821516", "price": 12.338, "amount": 33.0, "side": "sell", "timestamp": 1765929361117}, {"id": "529821517", "price": 12.338, "amount": 565.0, "side": "sell", "timestamp": 1765929361227}, {"id": "529821518", "price": 12.337, "amount": 305.0, "side": "sell", "timestamp": 1765929361251}, {"id": "529821519", "price": 12.337, "amount": 131.0, "side": "buy", "timestamp": 1765929361305}, {"id": "529821520", "price": 12.337, "amount": 1.0, "side": "buy", "timestamp": 1765929361849}, {"id": "529821521", "price": 12.337, "amount": 2.0, "side": "buy", "timestamp": 1765929362018}, {"id": "529821522", "price": 12.337, "amount": 16.0, "side": "buy", "timestamp": 1765929362162}, {"id": "529821523", "price": 12.336, "amount": 48.0, "side": "sell", "timestamp": 1765929362719}, {"id": "529821524", "price": 12.336, "amount": 276.0, "side": "sell", "timestamp": 1765929363049}, {"id": "529821525", "price": 12.335, "amount": 186.0, "side": "sell", "timestamp": 1765929363223}, {"id": "529821526", "price": 12.335, "amount": 1.0, "side": "buy", "timestamp": 1765929363455}, {"id": "529821527", "price": 12.334, "amount": 159.0, "side": "sell", "timestamp": 1765929364309}, {"id": "529821528", "price": 12.334, "amount": 1.0, "side": "buy", "timestamp": 1765929364448}, {"id": "529821529", "price": 12.333, "amount": 11.0, "side": "sell", "timestamp": 1765929364476}, {"id": "529821530", "price": 12.332, "amount": 5.0, "side": "sell", "timestamp": 1765929364476}, {"id": "529821531", "price": 12.333, "amount": 11.0, "side": "buy", "timestamp": 1765929364569}, {"id": "529821532", "price": 12.333, "amount": 2.0, "side": "buy", "timestamp": 1765929364818}, {"id": "529821533", "price": 12.333, "amount": 27.0, "side": "buy", "timestamp": 1765929365036}, {"id": "529821534", "price": 12.334, "amount": 3.0, "side": "buy", "timestamp": 1765929365253}, {"id": "529821535", "price": 12.334, "amount": 18.0, "side": "buy", "timestamp": 1765929365375}, {"id": "529821536", "price": 12.335, "amount": 132.0, "side": "buy", "timestamp": 1765929365384}, {"id": "529821537", "price": 12.336, "amount": 98.0, "side": "buy", "timestamp": 1765929365387}, {"id": "529821538", "price": 12.336, "amount": 1.0, "side": "sell", "timestamp": 1765929366317}, {"id": "529821539", "price": 12.337, "amount": 1.0, "side": "buy", "timestamp": 1765929366598}, {"id": "529821540", "price": 12.336, "amount": 2.0, "side": "sell", "timestamp": 1765929367087}, {"id": "529821541", "price": 12.337, "amount": 328.0, "side": "buy", "timestamp": 1765929370626}, {"id": "529821542", "price": 12.338, "amount": 2.0, "side": "buy", "timestamp": 1765929371231}, {"id": "529821543", "price": 12.337, "amount": 2.0, "side": "sell", "timestamp": 1765929371966}, {"id": "529821544", "price": 12.338, "amount": 103.0, "side": "buy", "timestamp": 1765929372121}, {"id": "529821545", "price": 12.338, "amount": 4.0, "side": "buy", "timestamp": 1765929372223}, {"id": "529821546", "price": 12.338, "amount": 1.0, "side": "buy", "timestamp": 1765929372529}, {"id": "529821547", "price": 12.339, "amount": 33.0, "side": "buy", "timestamp": 1765929372575}, {"id": "529821548", "price": 12.34, "amount": 2.0, "side": "buy", "timestamp": 1765929372865}, {"id": "529821549", "price": 12.34, "amount": 20.0, "side": "buy", "timestamp": 1765929376397}, {"id": "529821550", "price": 12.34, "amount": 79.0, "side": "buy", "timestamp": 1765929377123}, {"id": "529821551", "price": 12.34, "amount": 184.0, "side": "sell", "timestamp": 1765929379966}, {"id": "529821552", "price": 12.339, "amount": 18.0, "side": "sell", "timestamp": 1765929380191}, {"id": "529821553", "price": 12.34, "amount": 7.0, "side": "buy", "timestamp": 1765929380564}, {"id": "529821554", "price": 12.339, "amount": 11.0, "side": "sell", "timestamp": 1765929382585}, {"id": "529821555", "price": 12.338, "amount": 130.0, "side": "sell", "timestamp": 1765929383679}, {"id": "529821556", "price": 12.339, "amount": 21.0, "side": "buy", "timestamp": 1765929383692}, {"id": "529821557", "price": 12.338, "amount": 40.0, "side": "sell", "timestamp": 1765929384781}, {"id": "529821558", "price": 12.337, "amount": 16.0, "side": "sell", "timestamp": 1765929386453}, {"id": "529821559", "price": 12.336, "amount": 117.0, "side": "sell", "timestamp": 1765929386457}, {"id": "529821560", "price": 12.335, "amount": 516.0, "side": "sell", "timestamp": 1765929386460}, {"id": "529821561", "price": 12.334, "amount": 1.0, "side": "sell", "timestamp": 1765929386972}, {"id": "529821562", "price": 12.335, "amount": 1.0, "side": "buy", "timestamp": 1765929387164}, {"id": "529821563", "price": 12.334, "amount": 1.0, "side": "sell", "timestamp": 1765929388715}, {"id": "529821572", "price": 12.335, "amount": 1.0, "side": "sell", "timestamp": 1765929396143}, {"id": "529821573", "price": 12.335, "amount": 1.0, "side": "sell", "timestamp": 1765929396440}, {"id": "529821574", "price": 12.335, "amount": 175.0, "side": "sell", "timestamp": 1765929403932}, {"id": "529821575", "price": 12.336, "amount": 1.0, "side": "buy", "timestamp": 1765929404885}, {"id": "529821576", "price": 12.335, "amount": 1.0, "side": "sell", "timestamp": 1765929406727}, {"id": "529821577", "price": 12.335, "amount": 1.0, "side": "sell", "timestamp": 1765929407561}, {"id": "529821578", "price": 12.336, "amount": 4.0, "side": "buy", "timestamp": 1765929408474}, {"id": "529821579", "price": 12.336, "amount": 38.0, "side": "buy", "timestamp": 1765929409861}, {"id": "529821580", "price": 12.337, "amount": 4.0, "side": "buy", "timestamp": 1765929409886}, {"id": "529821581", "price": 12.338, "amount": 19.0, "side": "buy", "timestamp": 1765929412318}, {"id": "529821582", "price": 12.339, "amount": 7.0, "side": "buy", "timestamp": 1765929413122}, {"id": "529821583", "price": 12.339, "amount": 2.0, "side": "buy", "timestamp": 1765929413289}, {"id": "529821584", "price": 12.34, "amount": 50.0, "side": "buy", "timestamp": 1765929413415}, {"id": "529821585", "price": 12.341, "amount": 21.0, "side": "buy", "timestamp": 1765929414676}, {"id": "529821586", "price": 12.342, "amount": 6.0, "side": "buy", "timestamp": 1765929414676}, {"id": "529821587", "price": 12.342, "amount": 5.0, "side": "buy", "timestamp": 1765929416502}, {"id": "529821588", "price": 12.341, "amount": 4.0, "side": "sell", "timestamp": 1765929416861}, {"id": "529821589", "price": 12.342, "amount": 21.0, "side": "buy", "timestamp": 1765929416910}, {"id": "529821590", "price": 12.341, "amount": 16.0, "side": "sell", "timestamp": 1765929417005}, {"id": "529821591", "price": 12.342, "amount": 7.0, "side": "buy", "timestamp": 1765929417532}, {"id": "529821592", "price": 12.342, "amount": 4.0, "side": "buy", "timestamp": 1765929419016}, {"id": "529821593", "price": 12.341, "amount": 1.0, "side": "sell", "timestamp": 1765929419680}, {"id": "529821594", "price": 12.341, "amount": 101.0, "side": "sell", "timestamp": 1765929420579}, {"id": "529821595", "price": 12.341, "amount": 200.0, "side": "sell", "timestamp": 1765929420902}, {"id": "529821596", "price": 12.34, "amount": 124.0, "side": "sell", "timestamp": 1765929420939}, {"id": "529821597", "price": 12.34, "amount": 99.0, "side": "sell", "timestamp": 1765929421056}, {"id": "529821598", "price": 12.34, "amount": 26.0, "side": "sell", "timestamp": 1765929421796}, {"id": "529821599", "price": 12.339, "amount": 6.0, "side": "sell", "timestamp": 1765929421848}, {"id": "529821600", "price": 12.34, "amount": 3.0, "side": "buy", "timestamp": 1765929421954}, {"id": "529821601", "price": 12.339, "amount": 18.0, "side": "sell", "timestamp": 1765929423236}, {"id": "529821602", "price": 12.338, "amount": 12.0, "side": "sell", "timestamp": 1765929424263}, {"id": "529821603", "price": 12.339, "amount": 2.0, "side": "buy", "timestamp": 1765929424786}, {"id": "529821604", "price": 12.338, "amount": 1.0, "side": "sell", "timestamp": 1765929424851}, {"id": "529821605", "price": 12.339, "amount": 5.0, "side": "buy", "timestamp": 1765929425170}, {"id": "529821606", "price": 12.339, "amount": 2.0, "side": "buy", "timestamp": 1765929425407}, {"id": "529821607", "price": 12.337, "amount": 6.0, "side": "sell", "timestamp": 1765929425887}, {"id": "529821608", "price": 12.337, "amount": 5.0, "side": "sell", "timestamp": 1765929426668}, {"id": "529821609", "price": 12.338, "amount": 29.0, "side": "buy", "timestamp": 1765929433530}, {"id": "529821610", "price": 12.337, "amount": 4.0, "side": "sell", "timestamp": 1765929433558}, {"id": "529821611", "price": 12.338, "amount": 17.0, "side": "buy", "timestamp": 1765929433562}, {"id": "529821612", "price": 12.337, "amount": 215.0, "side": "sell", "timestamp": 1765929433584}, {"id": "529821613", "price": 12.338, "amount": 59.0, "side": "buy", "timestamp": 1765929433584}, {"id": "529821614", "price": 12.338, "amount": 40.0, "side": "buy", "timestamp": 1765929434272}, {"id": "529821615", "price": 12.338, "amount": 4.0, "side": "buy", "timestamp": 1765929434417}, {"id": "529821616", "price": 12.338, "amount": 24.0, "side": "buy", "timestamp": 1765929435061}, {"id": "529821617", "price": 12.339, "amount": 38.0, "side": "buy", "timestamp": 1765929435061}, {"id": "529821618", "price": 12.338, "amount": 10.0, "side": "sell", "timestamp": 1765929436248}, {"id": "529821619", "price": 12.339, "amount": 1.0, "side": "buy", "timestamp": 1765929436875}, {"id": "529821620", "price": 12.339, "amount": 162.0, "side": "buy", "timestamp": 1765929438907}, {"id": "529821621", "price": 12.339, "amount": 1.0, "side": "buy", "timestamp": 1765929441020}, {"id": "529821630", "price": 12.336, "amount": 165.0, "side": "buy", "timestamp": 1765929447713}, {"id": "529821631", "price": 12.337, "amount": 20.0, "side": "buy", "timestamp": 1765929448400}, {"id": "529821632", "price": 12.337, "amount": 36.0, "side": "buy", "timestamp": 1765929448623}, {"id": "529821633", "price": 12.336, "amount": 3.0, "side": "sell", "timestamp": 1765929448769}, {"id": "529821634", "price": 12.337, "amount": 42.0, "side": "buy", "timestamp": 1765929449407}, {"id": "529821635", "price": 12.338, "amount": 760.0, "side": "buy", "timestamp": 1765929450110}, {"id": "529821636", "price": 12.339, "amount": 34.0, "side": "buy", "timestamp": 1765929450113}, {"id": "529821637", "price": 12.339, "amount": 44.0, "side": "buy", "timestamp": 1765929450688}, {"id": "529821638", "price": 12.34, "amount": 3.0, "side": "buy", "timestamp": 1765929452369}, {"id": "529821639", "price": 12.34, "amount": 1.0, "side": "buy", "timestamp": 1765929453206}, {"id": "529821640", "price": 12.34, "amount": 2.0, "side": "buy", "timestamp": 1765929455648}, {"id": "529821641", "price": 12.339, "amount": 1.0, "side": "sell", "timestamp": 1765929455684}, {"id": "529821642", "price": 12.34, "amount": 7.0, "side": "buy", "timestamp": 1765929458616}, {"id": "529821643", "price": 12.339, "amount": 1.0, "side": "sell", "timestamp": 1765929459266}, {"id": "529821644", "price": 12.34, "amount": 7.0, "side": "buy", "timestamp": 1765929463119}, {"id": "529821645", "price": 12.34, "amount": 1.0, "side": "buy", "timestamp": 1765929467598}, {"id": "529821646", "price": 12.34, "amount": 3.0, "side": "buy", "timestamp": 1765929470009}, {"id": "529821647", "price": 12.339, "amount": 309.0, "side": "sell", "timestamp": 1765929470048}, {"id": "529821648", "price": 12.338, "amount": 10.0, "side": "sell", "timestamp": 1765929471461}, {"id": "529821649", "price": 12.337, "amount": 4.0, "side": "sell", "timestamp": 1765929471461}, {"id": "529821650", "price": 12.337, "amount": 16.0, "side": "sell", "timestamp": 1765929471589}, {"id": "529821651", "price": 12.338, "amount": 5.0, "side": "buy", "timestamp": 1765929472717}, {"id": "529821652", "price": 12.337, "amount": 1.0, "side": "sell", "timestamp": 1765929474994}, {"id": "529821653", "price": 12.337, "amount": 50.0, "side": "sell", "timestamp": 1765929475865}, {"id": "529821654", "price": 12.336, "amount": 72.0, "side": "sell", "timestamp": 1765929475897}, {"id": "529821655", "price": 12.335, "amount": 75.0, "side": "sell", "timestamp": 1765929477333}, {"id": "529821656", "price": 12.334, "amount": 74.0, "side": "sell", "timestamp": 1765929477430}, {"id": "529821657", "price": 12.333, "amount": 19.0, "side": "sell", "timestamp": 1765929477445}, {"id": "529821658", "price": 12.333, "amount": 169.0, "side": "sell", "timestamp": 1765929477550}, {"id": "529821659", "price": 12.332, "amount": 3.0, "side": "sell", "timestamp": 1765929481072}, {"id": "529821660", "price": 12.333, "amount": 324.0, "side": "buy", "timestamp": 1765929482225}, {"id": "529821661", "price": 12.334, "amount": 12.0, "side": "buy", "timestamp": 1765929482233}, {"id": "529821662", "price": 12.334, "amount": 151.0, "side": "buy", "timestamp": 1765929482562}, {"id": "529821663", "price": 12.335, "amount": 12.0, "side": "buy", "timestamp": 1765929482862}, {"id": "529821664", "price": 12.335, "amount": 2.0, "side": "sell", "timestamp": 1765929483575}, {"id": "529821665", "price": 12.336, "amount": 1.0, "side": "buy", "timestamp": 1765929483650}, {"id": "529821666", "price": 12.337, "amount": 44.0, "side": "buy", "timestamp": 1765929483650}, {"id": "529821667", "price": 12.338, "amount": 59.0, "side": "buy", "timestamp": 1765929483659}, {"id": "529821668", "price": 12.338, "amount": 4.0, "side": "buy", "timestamp": 1765929483775}, {"id": "529821669", "price": 12.338, "amount": 1.0, "side": "buy", "timestamp": 1765929484183}, {"id": "529821670", "price": 12.338, "amount": 381.0, "side": "buy", "timestamp": 1765929484384}, {"id": "529821671", "price": 12.339, "amount": 63.0, "side": "buy", "timestamp": 1765929484384}, {"id": "529821672", "price": 12.338, "amount": 1.0, "side": "buy", "timestamp": 1765929484464}, {"id": "529821673", "price": 12.338, "amount": 1.0, "side": "buy", "timestamp": 1765929484850}, {"id": "529821674", "price": 12.338, "amount": 1.0, "side": "buy", "timestamp": 1765929485455}, {"id": "529821675", "price": 12.338, "amount": 1.0, "side": "buy", "timestamp": 1765929485576}, {"id": "529821676", "price": 12.338, "amount": 2.0, "side": "buy", "timestamp": 1765929486808}, {"id": "529821677", "price": 12.339, "amount": 2.0, "side": "buy", "timestamp": 1765929489845}, {"id": "529821678", "price": 12.338, "amount": 1.0, "side": "sell", "timestamp": 1765929491681}, {"id": "529821679", "price": 12.339, "amount": 1.0, "side": "buy", "timestamp": 1765929492834}, {"id": "529821687", "price": 12.343, "amount": 10.0, "side": "buy", "timestamp": 1765929507446}, {"id": "529821688", "price": 12.343, "amount": 11.0, "side": "buy", "timestamp": 1765929509714}, {"id": "529821689", "price": 12.343, "amount": 1.0, "side": "buy", "timestamp": 1765929511223}, {"id": "529821690", "price": 12.343, "amount": 14.0, "side": "buy", "timestamp": 1765929511854}, {"id": "529821691", "price": 12.343, "amount": 49.0, "side": "buy", "timestamp": 1765929513256}, {"id": "529821692", "price": 12.343, "amount": 4.0, "side": "buy", "timestamp": 1765929513941}, {"id": "529821693", "price": 12.343, "amount": 1.0, "side": "buy", "timestamp": 1765929515477}, {"id": "529821694", "price": 12.342, "amount": 1.0, "side": "sell", "timestamp": 1765929517580}, {"id": "529821695", "price": 12.342, "amount": 1.0, "side": "sell", "timestamp": 1765929519768}, {"id": "529821696", "price": 12.342, "amount": 1.0, "side": "sell", "timestamp": 1765929522171}, {"id": "529821697", "price": 12.343, "amount": 18.0, "side": "buy", "timestamp": 1765929524042}, {"id": "529821698", "price": 12.344, "amount": 24.0, "side": "buy", "timestamp": 1765929525393}, {"id": "529821699", "price": 12.344, "amount": 112.0, "side": "sell", "timestamp": 1765929527683}, {"id": "529821700", "price": 12.345, "amount": 16.0, "side": "buy", "timestamp": 1765929528336}, {"id": "529821701", "price": 12.344, "amount": 295.0, "side": "sell", "timestamp": 1765929528785}, {"id": "529821702", "price": 12.343, "amount": 46.0, "side": "sell", "timestamp": 1765929529523}, {"id": "529821703", "price": 12.343, "amount": 1.0, "side": "buy", "timestamp": 1765929530066}, {"id": "529821704", "price": 12.342, "amount": 283.0, "side": "sell", "timestamp": 1765929530378}, {"id": "529821705", "price": 12.342, "amount": 327.0, "side": "buy", "timestamp": 1765929530400}, {"id": "529821706", "price": 12.341, "amount": 53.0, "side": "sell", "timestamp": 1765929532880}, {"id": "529821707", "price": 12.34, "amount": 63.0, "side": "sell", "timestamp": 1765929533230}, {"id": "529821708", "price": 12.339, "amount": 10.0, "side": "sell", "timestamp": 1765929534277}, {"id": "529821709", "price": 12.339, "amount": 3.0, "side": "buy", "timestamp": 1765929534724}, {"id": "529821710", "price": 12.338, "amount": 126.0, "side": "sell", "timestamp": 1765929536167}, {"id": "529821711", "price": 12.338, "amount": 3.0, "side": "buy", "timestamp": 1765929537251}, {"id": "529821712", "price": 12.337, "amount": 21.0, "side": "sell", "timestamp": 1765929538365}, {"id": "529821713", "price": 12.336, "amount": 14.0, "side": "sell", "timestamp": 1765929538690}, {"id": "529821714", "price": 12.335, "amount": 20.0, "side": "sell", "timestamp": 1765929540338}, {"id": "529821715", "price": 12.335, "amount": 61.0, "side": "sell", "timestamp": 1765929540649}, {"id": "529821716", "price": 12.334, "amount": 121.0, "side": "sell", "timestamp": 1765929540904}, {"id": "529821717", "price": 12.333, "amount": 4.0, "side": "sell", "timestamp": 1765929540912}, {"id": "529821718", "price": 12.332, "amount": 3.0, "side": "sell", "timestamp": 1765929540991}, {"id": "529821719", "price": 12.332, "amount": 176.0, "side": "sell", "timestamp": 1765929541118}, {"id": "529821720", "price": 12.331, "amount": 1.0, "side": "sell", "timestamp": 1765929541135}, {"id": "529821721", "price": 12.332, "amount": 111.0, "side": "buy", "timestamp": 1765929541145}, {"id": "529821722", "price": 12.333, "amount": 5.0, "side": "buy", "timestamp": 1765929541147}, {"id": "529821723", "price": 12.334, "amount": 3.0, "side": "buy", "timestamp": 1765929541150}, {"id": "529821724", "price": 12.335, "amount": 2.0, "side": "buy", "timestamp": 1765929541193}, {"id": "529821725", "price": 12.336, "amount": 132.0, "side": "buy", "timestamp": 1765929541194}, {"id": "529821726", "price": 12.336, "amount": 107.0, "side": "sell", "timestamp": 1765929541266}, {"id": "529821727", "price": 12.336, "amount": 11.0, "side": "sell", "timestamp": 1765929541401}, {"id": "529821728", "price": 12.335, "amount": 6.0, "side": "sell", "timestamp": 1765929541970}, {"id": "529821729", "price": 12.334, "amount": 43.0, "side": "sell", "timestamp": 1765929542339}, {"id": "529821730", "price": 12.333, "amount": 2.0, "side": "sell", "timestamp": 1765929543126}, {"id": "529821731", "price": 12.334, "amount": 1.0, "side": "buy", "timestamp": 1765929543586}, {"id": "529821732", "price": 12.335, "amount": 1.0, "side": "buy", "timestamp": 1765929544303}, {"id": "529821733", "price": 12.335, "amount": 1.0, "side": "buy", "timestamp": 1765929544860}, {"id": "529821734", "price": 12.334, "amount": 17.0, "side": "sell", "timestamp": 1765929545010}, {"id": "529821735", "price": 12.335, "amount": 24.0, "side": "buy", "timestamp": 1765929545152}, {"id": "529821736", "price": 12.336, "amount": 2.0, "side": "buy", "timestamp": 1765929545478}, {"id": "529821729", "price": 12.334, "amount": 43.0, "side": "sell", "timestamp": 1765929542339}, {"id": "529821730", "price": 12.333, "amount": 2.0, "side": "sell", "timestamp": 1765929543126}, {"id": "529821731", "price": 12.334, "amount": 1.0, "side": "buy", "timestamp": 1765929543586}, {"id": "529821732", "price": 12.335, "amount": 1.0, "side": "buy", "timestamp": 1765929544303}, {"id": "529821733", "price": 12.335, "amount": 1.0, "side": "buy", "timestamp": 1765929544860}, {"id": "529821734", "price": 12.334, "amount": 17.0, "side": "sell", "timestamp": 1765929545010}, {"id": "529821735", "price": 12.335, "amount": 24.0, "side": "buy", "timestamp": 1765929545152}, {"id": "529821736", "price": 12.336, "amount": 2.0, "side": "buy", "timestamp": 1765929545478}, {"id": "529821737", "price": 12.335, "amount": 1.0, "side": "sell", "timestamp": 1765929546301}, {"id": "529821738", "price": 12.335, "amount": 135.0, "side": "sell", "timestamp": 1765929546722}, {"id": "529821739", "price": 12.334, "amount": 109.0, "side": "sell", "timestamp": 1765929546879}, {"id": "529821740", "price": 12.334, "amount": 9.0, "side": "buy", "timestamp": 1765929547929}, {"id": "529821741", "price": 12.334, "amount": 265.0, "side": "buy", "timestamp": 1765929548792}, {"id": "529821742", "price": 12.335, "amount": 50.0, "side": "buy", "timestamp": 1765929548982}, {"id": "529821743", "price": 12.335, "amount": 55.0, "side": "buy", "timestamp": 1765929549085}, {"id": "529821744", "price": 12.334, "amount": 23.0, "side": "sell", "timestamp": 1765929549830}, {"id": "529821745", "price": 12.335, "amount": 1.0, "side": "buy", "timestamp": 1765929553196}, {"id": "529821746", "price": 12.335, "amount": 39.0, "side": "buy", "timestamp": 1765929553635}, {"id": "529821747", "price": 12.336, "amount": 120.0, "side": "buy", "timestamp": 1765929553635}, {"id": "529821748", "price": 12.337, "amount": 1.0, "side": "buy", "timestamp": 1765929554486}, {"id": "529821749", "price": 12.337, "amount": 2.0, "side": "sell", "timestamp": 1765929554538}, {"id": "529821750", "price": 12.338, "amount": 177.0, "side": "buy", "timestamp": 1765929555238}, {"id": "529821751", "price": 12.337, "amount": 3.0, "side": "sell", "timestamp": 1765929557276}, {"id": "529821752", "price": 12.338, "amount": 1.0, "side": "buy", "timestamp": 1765929561241}, {"id": "529821753", "price": 12.337, "amount": 92.0, "side": "sell", "timestamp": 1765929563679}, {"id": "529821754", "price": 12.336, "amount": 36.0, "side": "sell", "timestamp": 1765929563679}, {"id": "529821755", "price": 12.337, "amount": 5.0, "side": "buy", "timestamp": 1765929563986}, {"id": "529821756", "price": 12.336, "amount": 1.0, "side": "sell", "timestamp": 1765929564782}, {"id": "529821757", "price": 12.335, "amount": 58.0, "side": "sell", "timestamp": 1765929564782}, {"id": "529821758", "price": 12.335, "amount": 19.0, "side": "sell", "timestamp": 1765929565956}, {"id": "529821759", "price": 12.334, "amount": 2.0, "side": "sell", "timestamp": 1765929571152}, {"id": "529821760", "price": 12.335, "amount": 1.0, "side": "buy", "timestamp": 1765929571241}, {"id": "529821761", "price": 12.335, "amount": 1.0, "side": "buy", "timestamp": 1765929573340}, {"id": "529821762", "price": 12.335, "amount": 1.0, "side": "buy", "timestamp": 1765929573579}, {"id": "529821763", "price": 12.335, "amount": 5.0, "side": "buy", "timestamp": 1765929583564}, {"id": "529821764", "price": 12.335, "amount": 105.0, "side": "buy", "timestamp": 1765929583679}, {"id": "529821765", "price": 12.336, "amount": 19.0, "side": "buy", "timestamp": 1765929583679}, {"id": "529821766", "price": 12.336, "amount": 38.0, "side": "buy", "timestamp": 1765929586225}, {"id": "529821767", "price": 12.337, "amount": 12.0, "side": "buy", "timestamp": 1765929586760}, {"id": "529821768", "price": 12.337, "amount": 1.0, "side": "sell", "timestamp": 1765929591035}, {"id": "529821769", "price": 12.338, "amount": 2.0, "side": "buy", "timestamp": 1765929592548}, {"id": "529821770", "price": 12.337, "amount": 335.0, "side": "sell", "timestamp": 1765929593013}, {"id": "529821771", "price": 12.336, "amount": 2.0, "side": "sell", "timestamp": 1765929594147}, {"id": "529821772", "price": 12.337, "amount": 1.0, "side": "buy", "timestamp": 1765929594303}, {"id": "529821773", "price": 12.336, "amount": 22.0, "side": "sell", "timestamp": 1765929595195}, {"id": "529821774", "price": 12.335, "amount": 7.0, "side": "sell", "timestamp": 1765929595195}, {"id": "529821775", "price": 12.334, "amount": 140.0, "side": "sell", "timestamp": 1765929595195}, {"id": "529821776", "price": 12.336, "amount": 2.0, "side": "buy", "timestamp": 1765929595261}, {"id": "529821777", "price": 12.336, "amount": 6.0, "side": "buy", "timestamp": 1765929596919}, {"id": "529821778", "price": 12.336, "amount": 4.0, "side": "buy", "timestamp": 1765929597066}]