[{"symbol": "BNBUSDT", "bids": [[884.25, 26.99], [884.24, 4.71], [884.23, 3.15], [884.22, 10.81], [884.21, 6.77], [884.2, 5.58], [884.19, 2.2], [884.18, 4.11], [884.17, 0.2], [884.16, 4.98], [884.14, 3.51], [884.13, 5.78], [884.12, 24.44], [884.11, 1.99], [884.1, 33.64], [884.09, 5.47], [884.08, 19.43], [884.07, 10.67], [884.06, 6.18], [884.05, 16.02]], "asks": [[884.26, 10.54], [884.27, 7.77], [884.28, 0.03], [884.3, 3.54], [884.31, 2.77], [884.32, 7.23], [884.33, 2.77], [884.34, 2.82], [884.35, 18.92], [884.36, 12.29], [884.37, 5.4], [884.38, 0.78], [884.39, 11.32], [884.4, 10.08], [884.41, 8.47], [884.42, 9.18], [884.43, 16.31], [884.44, 2.33], [884.45, 6.31], [884.46, 5.47]], "timestamp": "2025-12-06T04:50:48.787312+00:00"}, {"symbol": "BNBUSDT", "bids": [[884.52, 36.28], [884.51, 10.64], [884.5, 10.37], [884.49, 8.8], [884.48, 0.01], [884.47, 2.51], [884.46, 5.05], [884.45, 6.94], [884.44, 6.21], [884.43, 7.07], [884.42, 0.78], [884.41, 4.78], [884.4, 17.01], [884.39, 3.06], [884.38, 9.46], [884.37, 42.99], [884.36, 13.3], [884.35, 9.93], [884.34, 7.25], [884.33, 14.78]], "asks": [[884.53, 14.23], [884.54, 1.15], [884.56, 0.43], [884.57, 0.02], [884.58, 5.3], [884.59, 10.21], [884.6, 17.8], [884.61, 22.88], [884.62, 25.82], [884.63, 0.06], [884.64, 7.61], [884.65, 11.65], [884.66, 0.02], [884.67, 32.17], [884.68, 22.06], [884.69, 0.05], [884.7, 112.77], [884.71, 5.14], [884.72, 0.28], [884.73, 1.22]], "timestamp": "2025-12-06T04:51:29.951315+00:00"}, {"symbol": "BNBUSDT", "bids": [[884.33, 81.65], [884.32, 41.17], [884.31, 24.75], [884.3, 7.91], [884.29, 0.16], [884.28, 0.05], [884.27, 6.52], [884.26, 6.96], [884.25, 8.91], [884.24, 11.71], [884.23, 3.58], [884.22, 5.16], [884.21, 1.05], [884.2, 32.73], [884.19, 37.68], [884.18, 0.01], [884.17, 25.69], [884.16, 7.0], [884.15, 0.01], [884.14, 6.9]], "asks": [[884.34, 0.58], [884.35, 0.6], [884.36, 0.88], [884.37, 0.02], [884.4, 0.07], [884.41, 0.02], [884.42, 0.03], [884.43, 0.89], [884.44, 5.15], [884.45, 14.58], [884.46, 3.12], [884.47, 0.31], [884.48, 21.52], [884.49, 2.03], [884.5, 1.15], [884.51, 7.41], [884.52, 23.91], [884.53, 3.7], [884.54, 5.59], [884.55, 33.29]], "timestamp": "2025-12-06T04:52:21.050887+00:00"}, {"symbol": "BNBUSDT", "bids": [[884.36, 86.36], [884.35, 6.13], [884.34, 0.56], [884.33, 13.95], [884.32, 4.79], [884.31, 8.13], [884.3, 5.07], [884.29, 2.33], [884.28, 10.26], [884.27, 24.7], [884.26, 8.73], [884.25, 5.29], [884.24, 10.47], [884.23, 2.56], [884.22, 16.21], [884.21, 3.65], [884.2, 21.36], [884.19, 12.56], [884.18, 7.02], [884.17, 25.86]], "asks": [[884.37, 3.06], [884.38, 0.02], [884.39, 0.14], [884.4, 0.03], [884.41, 0.28], [884.42, 0.01], [884.43, 0.01], [884.44, 0.01], [884.45, 0.29], [884.46, 0.01], [884.47, 1.95], [884.48, 14.76], [884.49, 2.33], [884.5, 0.79], [884.51, 15.06], [884.52, 18.88], [884.53, 8.2], [884.54, 16.17], [884.55, 5.43], [884.56, 2.74]], "timestamp": "2025-12-06T04:53:12.378605+00:00"}, {"symbol": "BNBUSDT", "bids": [[884.23, 40.56], [884.22, 0.01], [884.2, 5.96], [884.19, 29.56], [884.18, 0.01], [884.16, 25.32], [884.15, 43.0], [884.14, 39.33], [884.13, 45.73], [884.12, 7.78], [884.11, 0.29], [884.1, 2.76], [884.09, 12.27], [884.08, 2.95], [884.07, 16.93], [884.06, 20.97], [884.05, 18.6], [884.04, 28.35], [884.03, 19.68], [884.02, 25.0]], "asks": [[884.24, 10.96], [884.25, 0.02], [884.26, 0.03], [884.28, 0.02], [884.29, 0.06], [884.3, 3.39], [884.31, 0.02], [884.32, 4.08], [884.33, 9.11], [884.34, 2.17], [884.35, 10.61], [884.36, 6.91], [884.37, 9.5], [884.38, 34.44], [884.39, 20.61], [884.4, 15.94], [884.41, 13.01], [884.42, 13.1], [884.43, 8.76], [884.44, 17.61]], "timestamp": "2025-12-06T04:54:03.431020+00:00"}, {"symbol": "BNBUSDT", "bids": [[884.42, 0.91], [884.41, 0.02], [884.4, 0.02], [884.37, 0.82], [884.36, 10.62], [884.35, 0.12], [884.34, 0.49], [884.33, 4.84], [884.32, 7.2], [884.31, 10.49], [884.3, 1.02], [884.29, 28.3], [884.28, 3.57], [884.27, 4.76], [884.26, 3.45], [884.25, 3.83], [884.24, 16.68], [884.23, 2.63], [884.22, 7.66], [884.21, 23.76]], "asks": [[884.43, 29.83], [884.44, 13.34], [884.45, 9.84], [884.46, 8.23], [884.47, 25.46], [884.48, 0.48], [884.49, 3.71], [884.5, 19.43], [884.51, 0.49], [884.52, 10.69], [884.53, 8.77], [884.54, 20.01], [884.55, 2.01], [884.56, 11.58], [884.57, 25.2], [884.58, 7.1], [884.59, 14.35], [884.6, 7.16], [884.61, 17.48], [884.62, 10.41]], "timestamp": "2025-12-06T04:54:54.870879+00:00"}, {"symbol": "BNBUSDT", "bids": [[884.49, 0.58], [884.48, 0.03], [884.46, 0.03], [884.45, 2.07], [884.44, 0.07], [884.43, 2.46], [884.42, 2.72], [884.41, 6.12], [884.4, 4.47], [884.39, 4.33], [884.38, 0.02], [884.37, 5.19], [884.36, 5.22], [884.35, 10.94], [884.34, 7.68], [884.33, 8.18], [884.32, 2.58], [884.31, 4.78], [884.3, 8.07], [884.29, 9.1]], "asks": [[884.5, 67.98], [884.51, 12.34], [884.52, 7.33], [884.53, 0.02], [884.54, 51.81], [884.55, 5.62], [884.56, 20.22], [884.57, 70.35], [884.58, 17.7], [884.59, 30.9], [884.6, 18.33], [884.61, 7.94], [884.62, 22.86], [884.63, 3.23], [884.64, 11.75], [884.65, 11.86], [884.66, 4.32], [884.67, 21.24], [884.68, 15.09], [884.69, 11.14]], "timestamp": "2025-12-06T04:55:46.399104+00:00"}, {"symbol": "BNBUSDT", "bids": [[884.69, 1.28], [884.68, 1.57], [884.66, 5.18], [884.65, 1.02], [884.64, 0.01], [884.63, 0.23], [884.62, 3.29], [884.61, 10.98], [884.6, 15.67], [884.59, 10.79], [884.58, 8.44], [884.57, 4.07], [884.56, 4.74], [884.55, 8.5], [884.54, 7.89], [884.53, 8.19], [884.52, 9.73], [884.51, 33.23], [884.49, 8.53], [884.48, 28.27]], "asks": [[884.7, 93.38], [884.71, 0.04], [884.72, 1.46], [884.73, 4.85], [884.74, 0.39], [884.75, 0.02], [884.76, 4.7], [884.77, 0.01], [884.78, 1.16], [884.79, 5.33], [884.8, 2.42], [884.81, 4.21], [884.82, 5.07], [884.83, 1.55], [884.84, 18.0], [884.85, 7.81], [884.86, 33.5], [884.87, 2.04], [884.88, 10.11], [884.89, 0.02]], "timestamp": "2025-12-06T04:56:37.447176+00:00"}, {"symbol": "BNBUSDT", "bids": [[884.52, 0.57], [884.51, 2.02], [884.49, 3.06], [884.48, 5.09], [884.46, 10.19], [884.45, 7.6], [884.44, 85.86], [884.43, 23.0], [884.42, 7.28], [884.41, 0.24], [884.4, 2.04], [884.39, 2.11], [884.38, 1.53], [884.37, 4.07], [884.36, 5.97], [884.35, 5.04], [884.34, 2.36], [884.33, 4.62], [884.32, 4.92], [884.31, 8.28]], "asks": [[884.53, 40.74], [884.54, 15.3], [884.55, 15.15], [884.56, 3.53], [884.57, 24.74], [884.58, 11.47], [884.59, 8.47], [884.6, 22.67], [884.61, 11.56], [884.62, 5.12], [884.63, 0.57], [884.64, 23.75], [884.65, 13.13], [884.66, 2.98], [884.67, 11.29], [884.68, 8.26], [884.69, 16.39], [884.7, 53.53], [884.71, 0.02], [884.72, 9.96]], "timestamp": "2025-12-06T04:57:29.381152+00:00"}, {"symbol": "BNBUSDT", "bids": [[884.69, 37.12], [884.68, 31.91], [884.67, 8.03], [884.66, 7.99], [884.65, 2.38], [884.64, 12.3], [884.63, 27.97], [884.62, 23.68], [884.61, 16.49], [884.6, 20.41], [884.59, 3.47], [884.58, 0.01], [884.57, 13.07], [884.56, 22.62], [884.55, 25.21], [884.54, 4.66], [884.53, 41.18], [884.52, 21.53], [884.51, 14.38], [884.5, 3.13]], "asks": [[884.7, 45.97], [884.71, 0.23], [884.72, 0.06], [884.73, 0.05], [884.74, 0.02], [884.75, 0.02], [884.76, 0.04], [884.77, 0.01], [884.79, 1.53], [884.8, 4.79], [884.81, 1.15], [884.82, 0.12], [884.83, 3.37], [884.84, 16.84], [884.85, 10.25], [884.86, 4.12], [884.88, 18.58], [884.89, 6.75], [884.9, 25.45], [884.91, 5.25]], "timestamp": "2025-12-06T04:58:21.299944+00:00"}, {"symbol": "BNBUSDT", "bids": [[884.52, 5.53], [884.5, 0.1], [884.49, 15.09], [884.48, 0.07], [884.47, 0.04], [884.46, 4.62], [884.45, 6.11], [884.44, 6.33], [884.43, 4.21], [884.42, 10.77], [884.41, 4.7], [884.4, 16.77], [884.39, 31.75], [884.38, 4.57], [884.37, 6.79], [884.36, 4.7], [884.35, 0.01], [884.34, 14.77], [884.33, 6.38], [884.32, 33.73]], "asks": [[884.53, 40.57], [884.54, 15.29], [884.55, 17.76], [884.56, 7.69], [884.57, 23.02], [884.58, 2.94], [884.59, 20.69], [884.6, 18.14], [884.61, 17.11], [884.62, 30.85], [884.63, 25.53], [884.64, 14.82], [884.65, 15.52], [884.66, 2.62], [884.67, 2.75], [884.68, 3.75], [884.69, 13.02], [884.7, 47.4], [884.71, 4.43], [884.72, 0.04]], "timestamp": "2025-12-06T04:59:12.557582+00:00"}, {"symbol": "BNBUSDT", "bids": [[884.6, 43.4], [884.59, 15.91], [884.58, 10.51], [884.57, 14.94], [884.56, 8.95], [884.55, 3.34], [884.54, 5.05], [884.53, 14.4], [884.52, 12.09], [884.51, 9.89], [884.5, 17.01], [884.49, 15.78], [884.48, 5.89], [884.47, 18.09], [884.46, 4.77], [884.45, 50.45], [884.44, 16.05], [884.43, 4.8], [884.42, 10.0], [884.41, 4.68]], "asks": [[884.61, 6.36], [884.62, 0.89], [884.63, 0.89], [884.64, 2.9], [884.65, 0.04], [884.67, 0.03], [884.68, 0.01], [884.69, 6.29], [884.7, 36.43], [884.71, 0.02], [884.72, 1.74], [884.73, 1.53], [884.74, 0.31], [884.75, 0.67], [884.76, 8.82], [884.77, 6.24], [884.78, 4.83], [884.79, 7.25], [884.8, 16.95], [884.81, 16.46]], "timestamp": "2025-12-06T05:00:03.899442+00:00"}, {"symbol": "BNBUSDT", "bids": [[884.99, 65.22], [884.98, 0.49], [884.97, 37.94], [884.96, 21.93], [884.95, 26.93], [884.94, 25.3], [884.93, 43.57], [884.92, 56.55], [884.91, 31.08], [884.9, 34.75], [884.89, 12.35], [884.88, 41.18], [884.87, 8.05], [884.86, 22.76], [884.85, 0.14], [884.84, 6.53], [884.83, 16.16], [884.82, 13.47], [884.81, 11.95], [884.8, 2.82]], "asks": [[885.0, 10.12], [885.01, 0.04], [885.02, 0.01], [885.03, 0.03], [885.04, 2.51], [885.06, 7.37], [885.07, 4.14], [885.08, 4.39], [885.09, 2.46], [885.1, 0.02], [885.11, 2.55], [885.12, 3.88], [885.13, 2.18], [885.14, 0.28], [885.15, 14.88], [885.16, 6.12], [885.17, 2.4], [885.18, 3.44], [885.19, 6.21], [885.2, 10.82]], "timestamp": "2025-12-06T05:00:55.174688+00:00"}, {"symbol": "BNBUSDT", "bids": [[885.23, 68.67], [885.22, 45.39], [885.21, 28.44], [885.2, 25.73], [885.19, 28.08], [885.18, 30.21], [885.17, 21.85], [885.16, 33.78], [885.15, 32.12], [885.14, 14.7], [885.13, 4.21], [885.12, 1.16], [885.11, 6.07], [885.1, 9.87], [885.09, 7.96], [885.08, 9.37], [885.07, 5.16], [885.06, 29.37], [885.05, 12.44], [885.04, 0.01]], "asks": [[885.24, 54.86], [885.25, 0.5], [885.27, 0.77], [885.28, 0.04], [885.29, 0.01], [885.3, 0.04], [885.31, 0.61], [885.32, 0.76], [885.33, 0.09], [885.34, 1.18], [885.35, 3.23], [885.36, 2.62], [885.37, 3.67], [885.38, 0.53], [885.39, 4.77], [885.4, 0.34], [885.41, 2.11], [885.42, 4.8], [885.43, 0.8], [885.44, 13.09]], "timestamp": "2025-12-06T05:01:46.646761+00:00"}, {"symbol": "BNBUSDT", "bids": [[885.37, 21.7], [885.36, 0.02], [885.35, 14.05], [885.34, 4.24], [885.33, 0.01], [885.32, 9.48], [885.31, 13.09], [885.3, 17.83], [885.29, 2.81], [885.28, 10.98], [885.27, 17.88], [885.26, 2.38], [885.25, 4.82], [885.24, 49.53], [885.23, 17.2], [885.22, 12.66], [885.21, 16.26], [885.2, 20.56], [885.19, 18.09], [885.18, 24.91]], "asks": [[885.38, 33.99], [885.39, 0.03], [885.4, 0.28], [885.42, 0.96], [885.43, 3.23], [885.44, 0.04], [885.45, 0.07], [885.46, 0.02], [885.47, 0.33], [885.48, 5.46], [885.49, 22.42], [885.5, 3.87], [885.51, 5.47], [885.52, 23.75], [885.53, 16.08], [885.54, 2.3], [885.55, 4.73], [885.56, 20.14], [885.57, 9.59], [885.58, 17.4]], "timestamp": "2025-12-06T05:02:37.866346+00:00"}, {"symbol": "BNBUSDT", "bids": [[884.76, 27.7], [884.75, 0.47], [884.73, 0.6], [884.72, 0.03], [884.71, 2.94], [884.7, 4.93], [884.69, 0.01], [884.67, 5.43], [884.66, 1.46], [884.65, 12.71], [884.64, 11.5], [884.63, 12.93], [884.62, 1.94], [884.61, 15.16], [884.6, 8.28], [884.59, 6.28], [884.58, 8.77], [884.57, 33.72], [884.56, 0.89], [884.55, 9.2]], "asks": [[884.77, 12.32], [884.78, 0.01], [884.79, 7.49], [884.8, 8.11], [884.81, 10.28], [884.82, 8.33], [884.83, 2.38], [884.84, 2.65], [884.85, 5.51], [884.86, 27.09], [884.87, 13.36], [884.88, 10.19], [884.89, 17.65], [884.9, 0.01], [884.91, 2.73], [884.92, 7.35], [884.93, 3.03], [884.94, 12.93], [884.95, 0.03], [884.96, 4.71]], "timestamp": "2025-12-06T05:03:29.158610+00:00"}, {"symbol": "BNBUSDT", "bids": [[884.88, 95.5], [884.87, 0.03], [884.86, 2.13], [884.85, 0.15], [884.84, 0.02], [884.83, 5.13], [884.82, 0.03], [884.81, 0.04], [884.8, 6.46], [884.79, 1.98], [884.78, 31.66], [884.77, 2.37], [884.76, 7.48], [884.75, 5.58], [884.74, 2.23], [884.73, 11.91], [884.72, 0.03], [884.71, 0.4], [884.7, 0.08], [884.69, 2.47]], "asks": [[884.89, 26.04], [884.9, 0.01], [884.91, 5.35], [884.92, 34.03], [884.93, 23.45], [884.94, 28.35], [884.95, 35.2], [884.96, 14.27], [884.97, 13.32], [884.98, 14.13], [884.99, 5.48], [885.0, 11.08], [885.01, 4.95], [885.02, 0.01], [885.03, 0.02], [885.04, 12.79], [885.06, 2.29], [885.07, 17.19], [885.08, 3.34], [885.09, 0.03]], "timestamp": "2025-12-06T05:04:20.534917+00:00"}, {"symbol": "BNBUSDT", "bids": [[884.89, 32.09], [884.88, 4.87], [884.87, 2.92], [884.86, 7.25], [884.85, 8.72], [884.84, 0.27], [884.83, 7.94], [884.82, 9.53], [884.81, 0.65], [884.8, 8.11], [884.79, 18.85], [884.78, 32.14], [884.77, 6.51], [884.76, 11.02], [884.75, 5.19], [884.74, 23.44], [884.73, 4.44], [884.72, 3.58], [884.71, 4.84], [884.7, 0.07]], "asks": [[884.9, 4.18], [884.91, 1.83], [884.92, 0.01], [884.96, 0.01], [884.97, 2.01], [884.98, 0.02], [884.99, 0.03], [885.0, 2.77], [885.01, 9.93], [885.02, 5.73], [885.03, 2.58], [885.04, 3.04], [885.05, 9.92], [885.06, 0.03], [885.07, 9.05], [885.08, 6.04], [885.09, 5.2], [885.1, 3.75], [885.11, 6.73], [885.12, 12.21]], "timestamp": "2025-12-06T05:05:11.997121+00:00"}, {"symbol": "BNBUSDT", "bids": [[884.92, 64.42], [884.91, 17.33], [884.9, 8.18], [884.89, 16.18], [884.88, 0.4], [884.87, 7.4], [884.86, 13.32], [884.85, 8.56], [884.84, 13.71], [884.83, 4.84], [884.82, 4.79], [884.81, 2.46], [884.8, 17.56], [884.79, 14.53], [884.78, 0.02], [884.77, 38.15], [884.76, 30.33], [884.75, 8.13], [884.74, 12.44], [884.73, 5.5]], "asks": [[884.93, 1.08], [884.94, 0.02], [884.95, 0.17], [884.96, 0.01], [884.97, 0.02], [884.98, 1.16], [885.0, 0.05], [885.01, 1.42], [885.02, 0.29], [885.03, 8.24], [885.04, 2.88], [885.05, 5.25], [885.06, 2.07], [885.07, 0.7], [885.08, 2.27], [885.09, 10.12], [885.1, 9.99], [885.11, 5.55], [885.12, 20.27], [885.13, 17.8]], "timestamp": "2025-12-06T05:06:03.176822+00:00"}, {"symbol": "BNBUSDT", "bids": [[884.61, 50.66], [884.6, 11.99], [884.59, 8.74], [884.58, 14.1], [884.57, 2.31], [884.56, 6.3], [884.55, 5.2], [884.54, 9.13], [884.53, 12.27], [884.52, 27.59], [884.51, 40.62], [884.5, 4.46], [884.49, 9.61], [884.48, 4.96], [884.47, 7.37], [884.46, 5.52], [884.45, 5.21], [884.44, 7.76], [884.43, 9.43], [884.42, 5.22]], "asks": [[884.62, 2.22], [884.63, 0.02], [884.64, 0.01], [884.65, 0.02], [884.68, 0.01], [884.69, 0.03], [884.7, 1.31], [884.71, 2.28], [884.72, 4.54], [884.73, 0.01], [884.74, 2.94], [884.75, 2.28], [884.76, 0.04], [884.77, 1.62], [884.78, 12.8], [884.79, 2.26], [884.8, 0.06], [884.81, 4.04], [884.82, 8.82], [884.83, 11.78]], "timestamp": "2025-12-06T05:06:54.626551+00:00"}, {"symbol": "BNBUSDT", "bids": [[884.95, 10.17], [884.94, 0.03], [884.92, 0.01], [884.91, 0.07], [884.9, 0.59], [884.88, 0.04], [884.87, 2.91], [884.86, 12.17], [884.85, 4.97], [884.84, 5.08], [884.83, 0.67], [884.82, 14.17], [884.81, 13.97], [884.8, 34.76], [884.79, 0.35], [884.78, 5.09], [884.77, 26.48], [884.76, 24.63], [884.75, 11.76], [884.74, 13.16]], "asks": [[884.96, 35.17], [884.97, 37.55], [884.98, 31.89], [884.99, 30.11], [885.0, 39.43], [885.01, 36.97], [885.02, 10.73], [885.03, 0.35], [885.04, 7.99], [885.05, 5.35], [885.06, 0.07], [885.07, 0.01], [885.08, 2.44], [885.09, 0.05], [885.1, 5.68], [885.11, 0.17], [885.12, 4.5], [885.13, 9.93], [885.14, 8.02], [885.15, 7.04]], "timestamp": "2025-12-06T05:07:45.972416+00:00"}, {"symbol": "BNBUSDT", "bids": [[884.76, 57.4], [884.75, 23.39], [884.74, 0.17], [884.73, 15.52], [884.72, 15.9], [884.71, 13.46], [884.7, 2.11], [884.69, 12.14], [884.68, 0.55], [884.67, 6.73], [884.66, 5.91], [884.65, 3.42], [884.64, 13.0], [884.63, 6.13], [884.62, 0.44], [884.61, 27.93], [884.6, 12.33], [884.59, 0.62], [884.58, 26.1], [884.57, 21.37]], "asks": [[884.77, 8.64], [884.8, 0.02], [884.81, 1.32], [884.82, 7.03], [884.83, 1.83], [884.84, 1.91], [884.85, 4.89], [884.86, 7.68], [884.87, 0.28], [884.88, 12.71], [884.89, 11.33], [884.9, 14.2], [884.91, 12.89], [884.92, 7.12], [884.93, 5.1], [884.94, 6.85], [884.95, 19.59], [884.96, 5.62], [884.97, 7.7], [884.98, 20.11]], "timestamp": "2025-12-06T05:08:37.171589+00:00"}, {"symbol": "BNBUSDT", "bids": [[885.13, 12.86], [885.12, 0.04], [885.11, 7.48], [885.1, 0.29], [885.09, 3.47], [885.08, 9.13], [885.07, 17.74], [885.06, 14.08], [885.05, 0.23], [885.04, 28.13], [885.03, 0.58], [885.02, 2.74], [885.01, 1.97], [885.0, 5.71], [884.99, 8.63], [884.97, 10.51], [884.96, 4.75], [884.95, 13.02], [884.94, 29.67], [884.93, 0.01]], "asks": [[885.14, 46.37], [885.15, 13.56], [885.16, 7.91], [885.17, 9.65], [885.18, 0.04], [885.19, 0.04], [885.2, 14.25], [885.21, 17.81], [885.22, 8.14], [885.23, 0.02], [885.24, 7.6], [885.25, 23.21], [885.26, 12.19], [885.27, 2.6], [885.28, 27.0], [885.29, 4.5], [885.3, 68.7], [885.31, 17.07], [885.32, 14.39], [885.33, 5.03]], "timestamp": "2025-12-06T05:09:28.520655+00:00"}, {"symbol": "BNBUSDT", "bids": [[884.91, 36.81], [884.9, 0.01], [884.89, 0.24], [884.88, 4.88], [884.87, 12.69], [884.86, 0.02], [884.85, 0.3], [884.84, 21.13], [884.83, 10.32], [884.82, 43.2], [884.81, 16.88], [884.8, 13.37], [884.79, 12.79], [884.78, 0.67], [884.77, 2.74], [884.76, 20.97], [884.75, 5.36], [884.74, 12.32], [884.73, 9.77], [884.72, 9.18]], "asks": [[884.92, 7.17], [884.93, 0.24], [884.94, 1.34], [884.95, 2.62], [884.96, 8.33], [884.97, 0.03], [884.98, 3.01], [884.99, 27.18], [885.0, 91.68], [885.01, 0.05], [885.02, 0.01], [885.03, 0.07], [885.04, 18.96], [885.05, 0.67], [885.06, 7.06], [885.07, 15.61], [885.08, 12.75], [885.09, 15.34], [885.1, 1.9], [885.11, 13.12]], "timestamp": "2025-12-06T05:10:19.879404+00:00"}, {"symbol": "BNBUSDT", "bids": [[884.99, 39.32], [884.98, 8.01], [884.97, 8.13], [884.96, 11.09], [884.95, 5.41], [884.94, 3.29], [884.93, 2.79], [884.92, 7.33], [884.91, 5.9], [884.9, 7.31], [884.89, 0.01], [884.88, 18.1], [884.87, 10.47], [884.86, 19.63], [884.85, 23.87], [884.84, 38.73], [884.83, 16.46], [884.82, 45.05], [884.81, 9.47], [884.8, 4.72]], "asks": [[885.0, 64.9], [885.01, 0.16], [885.02, 0.02], [885.03, 0.01], [885.04, 4.14], [885.05, 0.57], [885.06, 0.01], [885.07, 0.12], [885.08, 2.48], [885.09, 2.24], [885.1, 0.69], [885.11, 4.96], [885.12, 10.98], [885.13, 8.49], [885.14, 9.06], [885.15, 8.73], [885.16, 5.31], [885.17, 4.53], [885.18, 12.37], [885.19, 0.07]], "timestamp": "2025-12-06T05:11:11.297530+00:00"}, {"symbol": "BNBUSDT", "bids": [[884.74, 42.38], [884.73, 1.06], [884.72, 2.06], [884.7, 5.06], [884.69, 2.14], [884.68, 5.56], [884.67, 10.6], [884.66, 6.21], [884.65, 13.34], [884.64, 17.03], [884.63, 14.01], [884.62, 8.05], [884.61, 35.13], [884.6, 19.44], [884.59, 20.4], [884.58, 13.91], [884.57, 8.85], [884.56, 4.83], [884.55, 5.66], [884.54, 12.73]], "asks": [[884.75, 17.98], [884.76, 1.46], [884.77, 0.12], [884.8, 3.41], [884.81, 2.11], [884.82, 5.04], [884.83, 4.65], [884.84, 7.56], [884.85, 2.48], [884.86, 29.16], [884.87, 10.36], [884.88, 6.22], [884.89, 27.52], [884.9, 5.01], [884.91, 11.53], [884.92, 14.51], [884.93, 39.44], [884.94, 6.13], [884.95, 6.11], [884.96, 18.94]], "timestamp": "2025-12-06T05:12:03.225638+00:00"}, {"symbol": "BNBUSDT", "bids": [[884.51, 32.47], [884.5, 53.32], [884.49, 3.09], [884.48, 0.03], [884.47, 4.02], [884.46, 1.43], [884.45, 6.69], [884.44, 1.89], [884.43, 5.74], [884.42, 5.49], [884.41, 5.8], [884.4, 26.75], [884.39, 9.58], [884.38, 31.19], [884.37, 15.26], [884.36, 13.61], [884.35, 13.02], [884.34, 0.32], [884.33, 31.27], [884.32, 19.54]], "asks": [[884.52, 13.73], [884.53, 0.17], [884.56, 2.53], [884.57, 0.1], [884.58, 5.44], [884.59, 2.98], [884.6, 11.28], [884.61, 11.51], [884.62, 7.08], [884.63, 1.81], [884.64, 0.04], [884.65, 10.84], [884.66, 2.45], [884.67, 11.67], [884.68, 8.28], [884.69, 5.64], [884.7, 12.0], [884.71, 15.06], [884.72, 9.48], [884.73, 16.83]], "timestamp": "2025-12-06T05:12:55.042179+00:00"}, {"symbol": "BNBUSDT", "bids": [[884.9, 2.32], [884.89, 0.02], [884.88, 5.11], [884.87, 0.55], [884.86, 3.38], [884.85, 2.77], [884.84, 2.77], [884.83, 7.34], [884.82, 26.66], [884.81, 23.51], [884.8, 5.54], [884.79, 2.81], [884.78, 8.03], [884.77, 2.19], [884.76, 9.6], [884.75, 7.69], [884.74, 9.46], [884.73, 37.8], [884.72, 5.11], [884.71, 10.35]], "asks": [[884.91, 20.67], [884.92, 2.63], [884.93, 2.49], [884.94, 4.08], [884.95, 24.41], [884.96, 0.46], [884.97, 16.53], [884.98, 15.12], [884.99, 5.44], [885.0, 53.92], [885.01, 1.42], [885.02, 2.03], [885.03, 6.81], [885.04, 16.74], [885.05, 22.73], [885.06, 13.3], [885.07, 37.5], [885.08, 7.21], [885.09, 5.11], [885.1, 6.27]], "timestamp": "2025-12-06T05:13:46.657800+00:00"}, {"symbol": "BNBUSDT", "bids": [[885.0, 1.2], [884.99, 0.02], [884.96, 0.03], [884.95, 0.06], [884.94, 2.72], [884.93, 6.74], [884.92, 0.02], [884.91, 2.88], [884.9, 7.31], [884.89, 2.28], [884.88, 7.63], [884.87, 12.24], [884.86, 10.56], [884.85, 33.26], [884.84, 10.4], [884.82, 9.23], [884.81, 5.67], [884.8, 21.91], [884.79, 17.39], [884.78, 17.07]], "asks": [[885.01, 68.51], [885.02, 43.37], [885.03, 11.07], [885.04, 3.69], [885.05, 26.94], [885.06, 0.19], [885.07, 43.9], [885.08, 0.65], [885.09, 13.16], [885.1, 21.59], [885.11, 10.94], [885.12, 5.55], [885.13, 8.44], [885.14, 8.73], [885.15, 7.75], [885.16, 12.84], [885.17, 6.88], [885.18, 10.51], [885.19, 8.17], [885.2, 8.39]], "timestamp": "2025-12-06T05:14:38.467224+00:00"}, {"symbol": "BNBUSDT", "bids": [[884.72, 80.48], [884.71, 40.46], [884.7, 9.36], [884.69, 19.26], [884.68, 25.36], [884.67, 45.16], [884.66, 38.84], [884.65, 32.63], [884.64, 25.44], [884.63, 14.25], [884.62, 10.54], [884.61, 1.89], [884.6, 23.74], [884.59, 2.01], [884.58, 0.13], [884.57, 15.94], [884.56, 5.6], [884.55, 10.51], [884.54, 15.6], [884.53, 19.85]], "asks": [[884.73, 2.27], [884.74, 10.49], [884.75, 0.01], [884.76, 0.02], [884.77, 0.05], [884.79, 0.01], [884.8, 0.03], [884.81, 0.56], [884.82, 7.08], [884.83, 0.02], [884.84, 2.79], [884.85, 0.44], [884.86, 11.74], [884.87, 7.49], [884.88, 8.0], [884.89, 7.53], [884.9, 4.76], [884.91, 24.94], [884.92, 7.82], [884.93, 9.97]], "timestamp": "2025-12-06T05:15:30.082913+00:00"}, {"symbol": "BNBUSDT", "bids": [[884.62, 8.3], [884.61, 0.74], [884.6, 0.01], [884.59, 2.64], [884.58, 0.03], [884.57, 0.9], [884.56, 1.01], [884.55, 0.05], [884.54, 1.11], [884.52, 6.98], [884.51, 0.36], [884.5, 23.24], [884.49, 3.48], [884.48, 6.39], [884.47, 5.53], [884.46, 4.7], [884.45, 14.02], [884.44, 20.98], [884.43, 5.11], [884.42, 5.01]], "asks": [[884.63, 83.38], [884.64, 0.2], [884.65, 0.13], [884.66, 0.02], [884.67, 5.25], [884.68, 46.58], [884.69, 32.26], [884.7, 39.94], [884.71, 31.5], [884.72, 10.89], [884.73, 11.41], [884.74, 2.74], [884.75, 7.09], [884.76, 5.11], [884.77, 10.6], [884.78, 39.4], [884.79, 4.27], [884.8, 7.05], [884.81, 2.17], [884.82, 11.46]], "timestamp": "2025-12-06T05:16:21.644509+00:00"}, {"symbol": "BNBUSDT", "bids": [[884.3, 20.26], [884.29, 0.01], [884.28, 6.17], [884.27, 0.77], [884.26, 8.13], [884.25, 55.92], [884.24, 8.25], [884.23, 2.53], [884.22, 0.46], [884.2, 11.97], [884.19, 24.92], [884.18, 11.72], [884.17, 4.61], [884.16, 23.2], [884.15, 20.29], [884.14, 5.06], [884.13, 10.55], [884.12, 14.57], [884.11, 8.91], [884.1, 0.06]], "asks": [[884.31, 16.19], [884.32, 4.68], [884.33, 9.25], [884.34, 0.01], [884.35, 14.44], [884.36, 0.26], [884.37, 0.51], [884.38, 32.81], [884.39, 8.15], [884.4, 56.02], [884.41, 31.1], [884.42, 13.04], [884.43, 14.08], [884.44, 14.92], [884.45, 2.74], [884.46, 7.05], [884.47, 12.71], [884.48, 9.46], [884.49, 17.34], [884.5, 8.86]], "timestamp": "2025-12-06T05:17:12.966960+00:00"}, {"symbol": "BNBUSDT", "bids": [[884.0, 236.97], [883.99, 0.01], [883.98, 3.8], [883.96, 0.03], [883.95, 0.04], [883.94, 1.02], [883.93, 0.07], [883.92, 2.16], [883.91, 0.01], [883.9, 5.53], [883.89, 0.06], [883.88, 1.8], [883.87, 3.25], [883.86, 7.39], [883.85, 2.89], [883.84, 7.9], [883.83, 0.15], [883.82, 0.14], [883.81, 12.6], [883.8, 20.65]], "asks": [[884.01, 60.25], [884.02, 43.83], [884.03, 44.74], [884.04, 37.25], [884.05, 33.99], [884.06, 36.52], [884.07, 31.25], [884.08, 41.52], [884.09, 32.08], [884.1, 11.05], [884.11, 3.25], [884.12, 14.23], [884.13, 21.19], [884.14, 2.57], [884.15, 0.64], [884.16, 26.31], [884.17, 12.92], [884.18, 13.63], [884.19, 3.97], [884.2, 21.01]], "timestamp": "2025-12-06T05:18:04.387119+00:00"}, {"symbol": "BNBUSDT", "bids": [[883.76, 55.86], [883.75, 40.63], [883.74, 2.49], [883.73, 12.21], [883.72, 51.39], [883.71, 21.53], [883.7, 23.09], [883.69, 0.01], [883.68, 4.16], [883.67, 1.99], [883.66, 9.69], [883.65, 0.03], [883.64, 9.3], [883.63, 44.96], [883.62, 4.01], [883.61, 0.49], [883.6, 6.24], [883.59, 4.43], [883.58, 24.27], [883.57, 10.86]], "asks": [[883.77, 2.63], [883.78, 0.03], [883.8, 0.03], [883.82, 0.02], [883.83, 0.02], [883.84, 3.7], [883.85, 1.0], [883.86, 6.96], [883.87, 0.02], [883.88, 7.35], [883.89, 0.37], [883.9, 5.15], [883.91, 6.91], [883.92, 7.25], [883.93, 8.81], [883.94, 6.32], [883.95, 19.08], [883.96, 19.97], [883.97, 5.19], [883.98, 21.27]], "timestamp": "2025-12-06T05:18:55.970216+00:00"}, {"symbol": "BNBUSDT", "bids": [[883.83, 38.17], [883.82, 15.61], [883.81, 18.77], [883.8, 9.55], [883.79, 16.12], [883.78, 21.09], [883.77, 36.33], [883.76, 27.64], [883.75, 17.03], [883.74, 26.92], [883.73, 11.36], [883.72, 7.05], [883.71, 3.67], [883.7, 5.67], [883.69, 30.9], [883.68, 12.9], [883.67, 11.77], [883.66, 14.09], [883.65, 12.17], [883.64, 7.44]], "asks": [[883.84, 37.29], [883.85, 0.02], [883.86, 0.01], [883.88, 5.53], [883.89, 0.03], [883.9, 3.38], [883.91, 2.82], [883.92, 16.45], [883.93, 1.1], [883.94, 3.34], [883.95, 12.05], [883.96, 10.59], [883.97, 3.78], [883.98, 13.48], [883.99, 7.6], [884.0, 10.1], [884.01, 28.32], [884.02, 0.1], [884.03, 21.3], [884.04, 6.77]], "timestamp": "2025-12-06T05:19:48.025793+00:00"}, {"symbol": "BNBUSDT", "bids": [[884.34, 13.31], [884.32, 5.26], [884.31, 0.05], [884.29, 0.02], [884.28, 5.29], [884.27, 0.01], [884.26, 0.24], [884.25, 6.43], [884.24, 4.67], [884.23, 16.57], [884.22, 5.32], [884.21, 0.02], [884.2, 11.22], [884.19, 36.62], [884.18, 5.49], [884.17, 3.79], [884.16, 21.31], [884.15, 11.18], [884.14, 2.51], [884.13, 9.11]], "asks": [[884.35, 31.5], [884.36, 12.5], [884.37, 8.05], [884.38, 10.55], [884.39, 8.18], [884.4, 57.1], [884.41, 2.48], [884.42, 0.01], [884.43, 4.65], [884.44, 0.01], [884.45, 0.6], [884.46, 0.05], [884.47, 5.28], [884.48, 0.26], [884.49, 0.05], [884.5, 16.15], [884.51, 26.88], [884.52, 57.4], [884.53, 0.05], [884.54, 10.23]], "timestamp": "2025-12-06T05:20:39.532090+00:00"}, {"symbol": "BNBUSDT", "bids": [[883.79, 30.25], [883.78, 0.04], [883.77, 0.02], [883.76, 5.26], [883.75, 14.78], [883.74, 6.52], [883.73, 5.74], [883.72, 20.63], [883.71, 16.52], [883.7, 5.24], [883.69, 12.95], [883.68, 8.55], [883.67, 8.43], [883.66, 5.29], [883.65, 30.72], [883.64, 8.4], [883.63, 9.83], [883.62, 5.73], [883.61, 0.42], [883.6, 16.13]], "asks": [[883.8, 20.55], [883.81, 1.58], [883.82, 12.35], [883.83, 0.55], [883.84, 0.01], [883.85, 1.46], [883.86, 5.66], [883.87, 2.92], [883.88, 0.05], [883.89, 9.61], [883.9, 12.8], [883.91, 9.73], [883.92, 21.24], [883.93, 10.34], [883.94, 8.07], [883.95, 20.61], [883.96, 5.47], [883.97, 10.35], [883.98, 5.22], [883.99, 10.85]], "timestamp": "2025-12-06T05:21:31.084930+00:00"}, {"symbol": "BNBUSDT", "bids": [[884.04, 12.11], [884.03, 0.02], [884.01, 0.05], [884.0, 0.05], [883.98, 0.01], [883.97, 0.58], [883.95, 2.58], [883.94, 8.02], [883.93, 3.52], [883.92, 14.89], [883.91, 11.35], [883.9, 0.65], [883.89, 5.92], [883.88, 8.83], [883.87, 32.52], [883.86, 7.21], [883.85, 0.66], [883.84, 5.42], [883.83, 12.72], [883.82, 14.26]], "asks": [[884.05, 64.19], [884.06, 0.43], [884.08, 5.28], [884.09, 18.7], [884.1, 36.41], [884.11, 36.11], [884.12, 34.86], [884.13, 35.54], [884.14, 9.26], [884.15, 0.02], [884.16, 16.93], [884.17, 10.37], [884.18, 16.91], [884.19, 16.06], [884.2, 7.27], [884.21, 8.17], [884.22, 0.14], [884.23, 5.2], [884.24, 7.92], [884.25, 33.65]], "timestamp": "2025-12-06T05:22:22.687908+00:00"}, {"symbol": "BNBUSDT", "bids": [[884.13, 27.56], [884.12, 50.6], [884.11, 5.48], [884.1, 31.45], [884.09, 3.73], [884.08, 15.85], [884.07, 7.47], [884.06, 17.38], [884.05, 3.42], [884.04, 28.57], [884.03, 9.22], [884.02, 23.46], [884.01, 10.13], [884.0, 15.11], [883.99, 28.8], [883.98, 0.02], [883.97, 0.02], [883.96, 7.4], [883.95, 7.59], [883.94, 1.28]], "asks": [[884.14, 7.08], [884.15, 0.01], [884.16, 0.01], [884.17, 0.08], [884.18, 0.02], [884.19, 1.78], [884.2, 0.01], [884.21, 1.35], [884.22, 1.64], [884.23, 7.25], [884.24, 5.09], [884.25, 8.41], [884.26, 5.88], [884.27, 0.55], [884.28, 23.4], [884.29, 5.68], [884.3, 19.75], [884.31, 2.29], [884.32, 14.74], [884.33, 15.55]], "timestamp": "2025-12-06T05:23:14.376461+00:00"}, {"symbol": "BNBUSDT", "bids": [[883.93, 31.06], [883.92, 0.01], [883.91, 2.48], [883.9, 0.36], [883.89, 0.12], [883.88, 1.04], [883.87, 5.45], [883.86, 10.28], [883.85, 0.75], [883.84, 7.01], [883.83, 16.49], [883.82, 20.95], [883.81, 1.13], [883.8, 10.52], [883.79, 4.08], [883.78, 0.01], [883.77, 18.63], [883.76, 5.0], [883.75, 9.77], [883.74, 8.63]], "asks": [[883.94, 16.44], [883.95, 0.01], [883.96, 0.79], [883.97, 0.14], [883.98, 0.66], [883.99, 0.04], [884.0, 6.96], [884.01, 4.89], [884.02, 0.05], [884.03, 9.95], [884.04, 13.05], [884.05, 10.85], [884.06, 4.98], [884.07, 5.69], [884.08, 23.19], [884.09, 10.88], [884.1, 12.67], [884.11, 7.99], [884.12, 19.78], [884.13, 4.89]], "timestamp": "2025-12-06T05:24:05.771384+00:00"}, {"symbol": "BNBUSDT", "bids": [[884.3, 52.27], [884.29, 35.52], [884.28, 36.73], [884.27, 18.41], [884.26, 20.87], [884.25, 0.02], [884.24, 13.1], [884.23, 27.58], [884.22, 29.94], [884.21, 2.33], [884.2, 13.29], [884.19, 2.33], [884.18, 23.93], [884.17, 1.21], [884.16, 19.06], [884.15, 15.41], [884.14, 0.04], [884.13, 4.95], [884.12, 42.03], [884.11, 2.59]], "asks": [[884.31, 2.65], [884.32, 0.02], [884.33, 13.16], [884.34, 0.36], [884.35, 9.09], [884.36, 0.01], [884.37, 0.5], [884.38, 0.04], [884.39, 1.41], [884.4, 3.62], [884.41, 1.98], [884.42, 0.28], [884.43, 12.01], [884.44, 9.4], [884.45, 7.6], [884.46, 0.05], [884.47, 2.32], [884.48, 15.2], [884.49, 3.17], [884.5, 8.21]], "timestamp": "2025-12-06T05:24:57.305227+00:00"}, {"symbol": "BNBUSDT", "bids": [[883.87, 24.66], [883.86, 11.29], [883.85, 10.25], [883.84, 20.35], [883.83, 16.01], [883.82, 0.08], [883.81, 5.17], [883.8, 15.22], [883.79, 5.19], [883.78, 10.03], [883.77, 10.79], [883.76, 23.4], [883.75, 79.95], [883.74, 0.92], [883.73, 9.66], [883.72, 28.32], [883.71, 11.94], [883.7, 7.6], [883.69, 11.74], [883.68, 15.88]], "asks": [[883.88, 2.62], [883.89, 0.26], [883.9, 0.33], [883.92, 0.13], [883.93, 1.47], [883.94, 2.86], [883.95, 7.01], [883.96, 2.89], [883.97, 16.34], [883.98, 0.53], [883.99, 0.73], [884.0, 0.01], [884.01, 4.94], [884.02, 9.16], [884.03, 4.93], [884.04, 8.05], [884.05, 4.99], [884.06, 3.6], [884.07, 6.89], [884.08, 8.95]], "timestamp": "2025-12-06T05:25:48.751494+00:00"}, {"symbol": "BNBUSDT", "bids": [[883.49, 2.54], [883.47, 0.92], [883.46, 0.03], [883.44, 0.03], [883.43, 0.01], [883.42, 5.34], [883.41, 0.54], [883.4, 0.55], [883.39, 0.12], [883.38, 0.61], [883.37, 3.06], [883.36, 9.93], [883.35, 17.52], [883.34, 8.01], [883.33, 11.17], [883.32, 25.9], [883.31, 5.44], [883.3, 5.6], [883.29, 10.37], [883.28, 20.71]], "asks": [[883.5, 93.33], [883.51, 13.43], [883.52, 0.63], [883.53, 1.21], [883.54, 5.12], [883.55, 0.24], [883.56, 8.83], [883.57, 18.49], [883.58, 11.6], [883.59, 14.86], [883.6, 12.81], [883.61, 25.14], [883.62, 23.22], [883.63, 5.81], [883.64, 13.88], [883.65, 16.32], [883.66, 16.03], [883.67, 8.96], [883.68, 21.47], [883.69, 12.36]], "timestamp": "2025-12-06T05:26:41.160437+00:00"}, {"symbol": "BNBUSDT", "bids": [[883.42, 18.46], [883.41, 5.43], [883.4, 2.54], [883.39, 1.0], [883.38, 15.76], [883.37, 0.67], [883.36, 12.6], [883.35, 16.36], [883.34, 4.0], [883.33, 12.82], [883.32, 12.29], [883.31, 12.89], [883.3, 25.55], [883.29, 5.6], [883.28, 8.02], [883.27, 0.29], [883.26, 5.81], [883.25, 17.82], [883.24, 7.38], [883.23, 16.17]], "asks": [[883.43, 9.08], [883.44, 0.12], [883.45, 0.33], [883.46, 0.2], [883.47, 2.79], [883.48, 5.3], [883.49, 9.94], [883.5, 0.7], [883.51, 7.01], [883.52, 10.58], [883.53, 5.41], [883.54, 8.36], [883.55, 0.44], [883.56, 10.13], [883.57, 8.42], [883.58, 4.9], [883.59, 4.93], [883.6, 13.94], [883.61, 8.25], [883.62, 10.56]], "timestamp": "2025-12-06T05:27:33.076040+00:00"}, {"symbol": "BNBUSDT", "bids": [[883.4, 17.91], [883.39, 0.12], [883.38, 0.24], [883.37, 1.39], [883.36, 5.1], [883.35, 0.09], [883.34, 3.0], [883.33, 7.82], [883.32, 2.87], [883.31, 11.37], [883.3, 2.42], [883.29, 0.04], [883.28, 6.57], [883.27, 0.54], [883.26, 6.09], [883.25, 10.33], [883.24, 0.03], [883.23, 9.73], [883.22, 12.7], [883.21, 9.07]], "asks": [[883.41, 58.94], [883.42, 22.28], [883.43, 1.19], [883.44, 0.25], [883.45, 0.24], [883.46, 4.99], [883.47, 3.28], [883.48, 5.2], [883.49, 5.2], [883.5, 10.51], [883.51, 2.43], [883.52, 5.22], [883.53, 5.41], [883.54, 8.78], [883.55, 3.87], [883.56, 10.24], [883.57, 16.42], [883.58, 5.3], [883.59, 10.66], [883.6, 0.06]], "timestamp": "2025-12-06T05:28:24.589022+00:00"}, {"symbol": "BNBUSDT", "bids": [[883.54, 43.2], [883.53, 6.12], [883.52, 8.88], [883.51, 0.02], [883.5, 0.5], [883.49, 4.98], [883.48, 0.02], [883.47, 3.34], [883.46, 4.85], [883.45, 7.0], [883.44, 10.72], [883.43, 5.66], [883.42, 0.66], [883.41, 17.33], [883.4, 16.52], [883.39, 7.2], [883.38, 6.88], [883.37, 11.69], [883.36, 7.78], [883.35, 10.01]], "asks": [[883.55, 9.74], [883.56, 1.43], [883.57, 2.02], [883.58, 7.17], [883.59, 0.28], [883.6, 14.39], [883.61, 0.72], [883.62, 83.63], [883.63, 14.44], [883.64, 3.55], [883.65, 6.83], [883.66, 0.31], [883.67, 0.83], [883.68, 9.61], [883.69, 13.27], [883.7, 33.55], [883.71, 1.42], [883.72, 19.93], [883.73, 21.36], [883.74, 0.38]], "timestamp": "2025-12-06T05:29:16.279010+00:00"}, {"symbol": "BNBUSDT", "bids": [[883.57, 8.05], [883.56, 0.01], [883.53, 7.26], [883.52, 3.48], [883.51, 7.12], [883.5, 7.48], [883.49, 0.01], [883.48, 10.19], [883.47, 18.59], [883.46, 8.04], [883.45, 10.77], [883.44, 4.88], [883.43, 0.03], [883.41, 4.88], [883.4, 0.27], [883.39, 5.99], [883.38, 8.69], [883.37, 3.79], [883.36, 9.35], [883.35, 13.88]], "asks": [[883.58, 23.71], [883.59, 0.02], [883.6, 0.02], [883.61, 4.4], [883.62, 25.27], [883.63, 11.0], [883.64, 13.25], [883.65, 79.18], [883.66, 4.06], [883.67, 5.28], [883.68, 0.29], [883.69, 4.44], [883.7, 6.8], [883.71, 0.02], [883.72, 9.73], [883.73, 14.73], [883.74, 13.64], [883.75, 9.49], [883.76, 21.05], [883.77, 5.67]], "timestamp": "2025-12-06T05:30:07.815156+00:00"}, {"symbol": "BNBUSDT", "bids": [[883.37, 112.15], [883.36, 12.98], [883.35, 8.03], [883.34, 8.67], [883.33, 5.01], [883.32, 3.28], [883.31, 7.23], [883.3, 4.21], [883.29, 12.65], [883.28, 4.47], [883.26, 9.28], [883.25, 10.4], [883.24, 7.69], [883.23, 17.58], [883.22, 9.19], [883.21, 32.65], [883.2, 27.96], [883.19, 4.86], [883.18, 2.57], [883.17, 17.27]], "asks": [[883.38, 7.4], [883.4, 0.02], [883.41, 0.22], [883.43, 0.02], [883.44, 0.02], [883.45, 0.01], [883.46, 0.21], [883.47, 1.48], [883.48, 12.75], [883.49, 5.37], [883.5, 0.37], [883.51, 2.43], [883.52, 36.36], [883.53, 6.42], [883.54, 8.0], [883.55, 7.59], [883.56, 42.86], [883.57, 3.68], [883.58, 5.97], [883.59, 79.49]], "timestamp": "2025-12-06T05:30:59.574111+00:00"}, {"symbol": "BNBUSDT", "bids": [[883.45, 39.35], [883.44, 13.59], [883.43, 7.13], [883.42, 7.51], [883.41, 13.25], [883.4, 4.7], [883.39, 7.99], [883.38, 5.57], [883.37, 3.74], [883.36, 11.04], [883.35, 1.09], [883.34, 17.73], [883.33, 6.2], [883.32, 14.22], [883.31, 4.83], [883.3, 6.92], [883.29, 9.46], [883.28, 7.42], [883.27, 7.34], [883.26, 4.93]], "asks": [[883.46, 5.61], [883.47, 0.03], [883.48, 0.01], [883.49, 0.42], [883.5, 0.01], [883.51, 0.01], [883.52, 13.15], [883.53, 4.7], [883.54, 4.09], [883.55, 72.18], [883.56, 4.52], [883.57, 0.34], [883.58, 0.61], [883.59, 5.75], [883.6, 7.45], [883.61, 9.07], [883.62, 15.44], [883.63, 15.49], [883.64, 9.18], [883.65, 5.51]], "timestamp": "2025-12-06T05:31:51.192034+00:00"}, {"symbol": "BNBUSDT", "bids": [[883.59, 21.82], [883.58, 3.34], [883.57, 2.67], [883.56, 5.34], [883.55, 2.13], [883.53, 0.03], [883.52, 0.04], [883.51, 0.02], [883.5, 2.97], [883.49, 8.25], [883.48, 10.58], [883.47, 4.29], [883.46, 14.55], [883.45, 10.74], [883.44, 20.94], [883.43, 9.96], [883.42, 6.14], [883.41, 8.59], [883.4, 7.83], [883.39, 13.33]], "asks": [[883.6, 5.68], [883.61, 1.93], [883.62, 9.85], [883.63, 0.39], [883.64, 24.23], [883.65, 13.26], [883.66, 2.73], [883.67, 85.38], [883.68, 1.87], [883.69, 0.41], [883.7, 1.14], [883.71, 8.87], [883.72, 5.07], [883.73, 5.45], [883.74, 3.58], [883.75, 19.68], [883.76, 4.3], [883.77, 2.34], [883.78, 16.09], [883.79, 1.24]], "timestamp": "2025-12-06T05:32:42.516838+00:00"}, {"symbol": "BNBUSDT", "bids": [[883.16, 27.8], [883.15, 2.19], [883.13, 5.24], [883.12, 1.45], [883.11, 5.13], [883.1, 8.81], [883.09, 0.12], [883.08, 3.76], [883.07, 5.2], [883.06, 0.79], [883.05, 7.36], [883.04, 7.66], [883.03, 4.6], [883.02, 8.81], [883.01, 31.33], [883.0, 117.73], [882.99, 5.97], [882.98, 0.02], [882.97, 1.15], [882.96, 16.09]], "asks": [[883.17, 14.45], [883.18, 13.42], [883.19, 7.65], [883.2, 6.36], [883.21, 5.19], [883.22, 0.27], [883.23, 71.34], [883.24, 0.02], [883.25, 2.39], [883.26, 5.73], [883.27, 0.56], [883.28, 9.27], [883.29, 0.9], [883.3, 3.43], [883.31, 2.96], [883.32, 11.9], [883.33, 17.46], [883.34, 4.97], [883.35, 7.08], [883.36, 10.34]], "timestamp": "2025-12-06T05:33:34.062526+00:00"}, {"symbol": "BNBUSDT", "bids": [[882.45, 27.57], [882.44, 0.06], [882.42, 0.15], [882.41, 5.68], [882.4, 4.44], [882.39, 16.41], [882.38, 0.71], [882.37, 5.25], [882.36, 0.04], [882.35, 3.44], [882.34, 5.5], [882.33, 16.26], [882.32, 0.15], [882.31, 5.4], [882.3, 5.13], [882.29, 7.51], [882.28, 6.09], [882.27, 0.68], [882.26, 6.47], [882.25, 9.5]], "asks": [[882.46, 17.87], [882.48, 21.81], [882.49, 12.28], [882.5, 65.64], [882.51, 22.02], [882.52, 5.38], [882.53, 15.53], [882.54, 0.1], [882.55, 12.92], [882.56, 9.53], [882.57, 2.66], [882.58, 7.44], [882.59, 2.32], [882.6, 2.09], [882.61, 5.0], [882.62, 2.69], [882.63, 2.35], [882.64, 1.52], [882.65, 2.61], [882.66, 1.03]], "timestamp": "2025-12-06T05:34:25.330514+00:00"}, {"symbol": "BNBUSDT", "bids": [[883.0, 65.73], [882.99, 55.4], [882.98, 1.57], [882.97, 3.07], [882.96, 8.08], [882.95, 0.03], [882.93, 4.74], [882.92, 0.01], [882.91, 4.9], [882.9, 4.74], [882.89, 2.32], [882.88, 12.65], [882.87, 19.87], [882.86, 9.83], [882.85, 23.21], [882.84, 25.59], [882.83, 10.78], [882.82, 9.6], [882.81, 8.02], [882.8, 24.54]], "asks": [[883.01, 1.99], [883.02, 0.68], [883.03, 0.07], [883.04, 0.03], [883.05, 0.01], [883.06, 1.0], [883.07, 0.04], [883.08, 2.75], [883.09, 5.32], [883.1, 10.02], [883.11, 0.8], [883.12, 4.92], [883.13, 4.84], [883.14, 2.17], [883.15, 23.95], [883.16, 12.52], [883.17, 3.75], [883.18, 17.74], [883.19, 16.05], [883.2, 13.2]], "timestamp": "2025-12-06T05:35:16.577699+00:00"}, {"symbol": "BNBUSDT", "bids": [[882.93, 0.01], [882.91, 0.02], [882.9, 0.02], [882.89, 0.09], [882.88, 1.5], [882.87, 0.04], [882.85, 9.88], [882.84, 0.04], [882.83, 0.03], [882.82, 0.03], [882.81, 1.03], [882.8, 5.15], [882.79, 2.65], [882.78, 16.5], [882.77, 12.42], [882.76, 12.53], [882.75, 12.7], [882.74, 8.23], [882.73, 7.21], [882.72, 11.31]], "asks": [[882.94, 80.59], [882.95, 0.23], [882.96, 0.01], [882.97, 4.93], [882.98, 29.71], [882.99, 45.23], [883.0, 57.27], [883.01, 46.55], [883.02, 40.14], [883.03, 28.73], [883.04, 11.02], [883.05, 21.38], [883.06, 0.01], [883.07, 10.27], [883.08, 15.81], [883.09, 32.06], [883.1, 9.62], [883.11, 0.6], [883.12, 3.32], [883.13, 30.56]], "timestamp": "2025-12-06T05:36:08.672114+00:00"}, {"symbol": "BNBUSDT", "bids": [[882.86, 73.77], [882.85, 0.01], [882.84, 4.69], [882.83, 3.26], [882.82, 1.03], [882.81, 0.02], [882.8, 5.05], [882.79, 0.46], [882.78, 2.27], [882.77, 16.01], [882.76, 4.07], [882.75, 7.81], [882.74, 3.83], [882.73, 4.8], [882.72, 13.53], [882.71, 9.22], [882.7, 4.87], [882.69, 11.81], [882.68, 20.87], [882.67, 12.4]], "asks": [[882.87, 17.41], [882.88, 2.58], [882.9, 1.23], [882.91, 8.26], [882.92, 0.02], [882.93, 2.27], [882.94, 3.02], [882.95, 9.17], [882.96, 0.88], [882.97, 0.91], [882.99, 1.76], [883.0, 10.45], [883.01, 2.36], [883.02, 5.74], [883.03, 5.96], [883.04, 9.46], [883.05, 7.9], [883.06, 7.14], [883.07, 10.81], [883.08, 17.92]], "timestamp": "2025-12-06T05:37:00.905952+00:00"}, {"symbol": "BNBUSDT", "bids": [[883.05, 60.87], [883.04, 28.08], [883.03, 33.9], [883.02, 0.01], [883.0, 13.77], [882.99, 34.13], [882.98, 5.27], [882.97, 3.15], [882.96, 32.2], [882.95, 15.07], [882.94, 11.86], [882.93, 2.72], [882.92, 2.62], [882.91, 7.16], [882.9, 0.09], [882.89, 4.84], [882.88, 7.9], [882.87, 13.73], [882.86, 11.81], [882.85, 0.96]], "asks": [[883.06, 3.71], [883.07, 0.02], [883.08, 0.03], [883.09, 1.0], [883.1, 2.04], [883.11, 0.05], [883.12, 2.66], [883.13, 16.38], [883.14, 15.45], [883.15, 0.8], [883.16, 3.9], [883.17, 0.52], [883.18, 16.29], [883.19, 2.32], [883.2, 10.29], [883.21, 0.61], [883.22, 5.09], [883.23, 9.91], [883.24, 5.04], [883.25, 0.4]], "timestamp": "2025-12-06T05:37:53.273495+00:00"}, {"symbol": "BNBUSDT", "bids": [[883.39, 93.84], [883.38, 1.5], [883.37, 4.81], [883.36, 6.05], [883.35, 4.47], [883.34, 5.09], [883.33, 12.87], [883.32, 8.58], [883.31, 8.11], [883.3, 15.53], [883.29, 23.63], [883.28, 7.14], [883.27, 2.49], [883.26, 4.36], [883.25, 13.53], [883.24, 12.18], [883.23, 7.22], [883.22, 8.42], [883.21, 0.01], [883.2, 15.08]], "asks": [[883.4, 10.83], [883.41, 3.76], [883.43, 0.04], [883.44, 0.04], [883.45, 0.09], [883.46, 1.16], [883.47, 0.01], [883.48, 1.54], [883.49, 3.4], [883.5, 8.25], [883.51, 0.11], [883.52, 0.02], [883.53, 0.02], [883.54, 0.06], [883.55, 0.57], [883.56, 9.98], [883.57, 3.13], [883.58, 23.72], [883.59, 5.62], [883.6, 8.22]], "timestamp": "2025-12-06T05:38:45.703272+00:00"}, {"symbol": "BNBUSDT", "bids": [[883.11, 59.37], [883.1, 15.02], [883.09, 2.91], [883.08, 0.55], [883.07, 9.37], [883.06, 5.89], [883.05, 19.03], [883.04, 15.43], [883.03, 3.87], [883.02, 2.51], [883.01, 5.23], [883.0, 4.57], [882.99, 11.72], [882.98, 5.06], [882.97, 0.74], [882.96, 10.65], [882.95, 13.93], [882.94, 3.14], [882.93, 18.84], [882.92, 20.5]], "asks": [[883.12, 3.15], [883.13, 0.01], [883.14, 0.01], [883.15, 1.39], [883.16, 3.26], [883.17, 3.11], [883.18, 4.88], [883.19, 2.73], [883.2, 7.22], [883.21, 5.41], [883.22, 0.02], [883.23, 6.55], [883.24, 4.12], [883.25, 6.75], [883.26, 19.59], [883.27, 12.24], [883.28, 9.51], [883.29, 15.2], [883.3, 19.29], [883.31, 5.26]], "timestamp": "2025-12-06T05:39:37.324824+00:00"}, {"symbol": "BNBUSDT", "bids": [[883.2, 9.82], [883.19, 0.05], [883.18, 5.11], [883.16, 11.8], [883.15, 5.64], [883.14, 10.81], [883.13, 8.39], [883.12, 14.27], [883.11, 1.77], [883.1, 4.92], [883.09, 8.75], [883.08, 0.28], [883.07, 8.28], [883.06, 9.52], [883.05, 4.35], [883.04, 23.54], [883.03, 3.43], [883.02, 4.93], [883.01, 0.01], [883.0, 7.22]], "asks": [[883.21, 24.54], [883.22, 0.03], [883.23, 0.11], [883.24, 17.79], [883.25, 17.88], [883.26, 2.92], [883.27, 7.52], [883.28, 16.3], [883.29, 0.66], [883.3, 4.91], [883.31, 5.4], [883.32, 35.0], [883.33, 3.05], [883.34, 4.58], [883.35, 18.43], [883.36, 14.18], [883.37, 10.4], [883.38, 19.01], [883.39, 28.64], [883.4, 14.33]], "timestamp": "2025-12-06T05:40:28.845823+00:00"}, {"symbol": "BNBUSDT", "bids": [[883.25, 37.52], [883.24, 6.88], [883.23, 8.25], [883.22, 0.6], [883.21, 5.2], [883.2, 1.62], [883.19, 1.19], [883.18, 0.27], [883.17, 2.48], [883.16, 9.78], [883.15, 0.01], [883.14, 11.61], [883.13, 2.99], [883.12, 11.94], [883.11, 16.24], [883.1, 10.39], [883.09, 1.51], [883.08, 9.99], [883.07, 8.27], [883.06, 3.86]], "asks": [[883.26, 7.83], [883.27, 0.02], [883.28, 0.15], [883.29, 14.23], [883.3, 7.77], [883.31, 26.35], [883.32, 12.76], [883.33, 11.05], [883.34, 11.56], [883.35, 8.66], [883.36, 5.64], [883.37, 8.9], [883.38, 16.39], [883.39, 5.74], [883.4, 6.81], [883.41, 9.31], [883.42, 7.09], [883.43, 4.44], [883.44, 4.83], [883.45, 13.65]], "timestamp": "2025-12-06T05:41:20.229948+00:00"}, {"symbol": "BNBUSDT", "bids": [[883.29, 49.52], [883.28, 0.02], [883.27, 15.89], [883.26, 12.92], [883.25, 12.34], [883.24, 1.31], [883.23, 5.89], [883.22, 1.01], [883.21, 0.11], [883.2, 3.95], [883.19, 2.19], [883.18, 0.47], [883.17, 7.34], [883.16, 10.27], [883.15, 0.34], [883.14, 5.12], [883.13, 7.5], [883.12, 16.0], [883.11, 11.37], [883.1, 9.4]], "asks": [[883.3, 48.06], [883.31, 0.8], [883.32, 0.02], [883.34, 0.03], [883.35, 0.1], [883.36, 3.77], [883.37, 7.33], [883.38, 4.79], [883.39, 4.73], [883.4, 8.84], [883.41, 10.11], [883.42, 6.48], [883.43, 8.37], [883.44, 10.82], [883.45, 17.32], [883.46, 18.0], [883.47, 8.76], [883.48, 22.28], [883.49, 4.17], [883.5, 9.96]], "timestamp": "2025-12-06T05:42:11.648545+00:00"}, {"symbol": "BNBUSDT", "bids": [[883.31, 40.61], [883.3, 0.01], [883.29, 1.5], [883.28, 11.34], [883.27, 28.15], [883.26, 23.07], [883.25, 12.77], [883.24, 14.24], [883.23, 21.03], [883.22, 26.31], [883.21, 0.14], [883.2, 15.06], [883.19, 3.51], [883.18, 5.01], [883.17, 13.6], [883.16, 4.11], [883.15, 1.01], [883.14, 0.02], [883.13, 4.83], [883.12, 12.4]], "asks": [[883.32, 0.03], [883.34, 0.01], [883.35, 0.01], [883.36, 1.5], [883.37, 0.21], [883.38, 1.17], [883.39, 0.04], [883.4, 6.94], [883.41, 6.8], [883.42, 3.11], [883.43, 12.21], [883.44, 7.21], [883.45, 4.4], [883.46, 6.44], [883.47, 0.07], [883.48, 0.62], [883.49, 7.64], [883.5, 17.77], [883.51, 1.74], [883.52, 15.71]], "timestamp": "2025-12-06T05:43:03.135455+00:00"}, {"symbol": "BNBUSDT", "bids": [[883.4, 21.5], [883.39, 0.02], [883.36, 0.01], [883.35, 2.27], [883.34, 4.69], [883.33, 5.18], [883.32, 3.15], [883.31, 5.61], [883.3, 1.02], [883.29, 5.82], [883.28, 8.15], [883.27, 5.25], [883.26, 20.24], [883.25, 4.9], [883.24, 6.31], [883.23, 2.04], [883.22, 12.66], [883.21, 8.89], [883.2, 11.58], [883.19, 16.04]], "asks": [[883.41, 43.44], [883.42, 7.32], [883.44, 5.88], [883.45, 10.72], [883.46, 0.51], [883.47, 5.26], [883.48, 27.92], [883.49, 19.71], [883.5, 8.08], [883.51, 2.89], [883.52, 8.8], [883.53, 10.35], [883.54, 4.11], [883.55, 1.38], [883.56, 11.96], [883.57, 2.4], [883.58, 0.02], [883.59, 28.64], [883.6, 24.32], [883.61, 2.42]], "timestamp": "2025-12-06T05:43:54.587801+00:00"}, {"symbol": "BNBUSDT", "bids": [[883.11, 35.88], [883.1, 0.01], [883.09, 3.26], [883.08, 2.55], [883.07, 6.93], [883.06, 0.12], [883.05, 0.14], [883.04, 14.57], [883.03, 8.35], [883.02, 3.5], [883.01, 4.0], [883.0, 10.4], [882.99, 8.06], [882.98, 1.3], [882.97, 9.78], [882.96, 5.16], [882.95, 0.75], [882.94, 8.44], [882.93, 18.62], [882.92, 7.25]], "asks": [[883.12, 7.35], [883.13, 0.66], [883.14, 0.16], [883.15, 0.02], [883.16, 0.18], [883.17, 1.49], [883.18, 5.36], [883.19, 2.33], [883.2, 6.82], [883.21, 4.83], [883.22, 6.61], [883.23, 4.52], [883.24, 14.7], [883.25, 0.02], [883.26, 0.07], [883.27, 8.22], [883.28, 21.24], [883.29, 7.66], [883.3, 29.87], [883.31, 0.93]], "timestamp": "2025-12-06T05:44:46.144913+00:00"}, {"symbol": "BNBUSDT", "bids": [[883.23, 2.62], [883.22, 0.02], [883.2, 0.02], [883.17, 2.91], [883.16, 5.68], [883.15, 9.59], [883.14, 22.96], [883.13, 0.01], [883.12, 2.47], [883.11, 5.16], [883.1, 0.01], [883.09, 2.36], [883.08, 8.23], [883.07, 5.76], [883.06, 0.31], [883.05, 1.0], [883.04, 3.08], [883.03, 5.52], [883.02, 8.6], [883.01, 6.3]], "asks": [[883.24, 45.1], [883.25, 15.61], [883.26, 10.39], [883.27, 8.15], [883.28, 35.18], [883.29, 1.84], [883.3, 2.63], [883.31, 17.79], [883.32, 19.82], [883.33, 11.95], [883.34, 2.19], [883.35, 27.49], [883.36, 37.92], [883.37, 12.38], [883.38, 20.25], [883.39, 2.73], [883.4, 25.38], [883.41, 34.49], [883.42, 0.04], [883.43, 18.18]], "timestamp": "2025-12-06T05:45:37.791749+00:00"}, {"symbol": "BNBUSDT", "bids": [[883.19, 60.15], [883.18, 17.54], [883.17, 38.71], [883.16, 5.94], [883.15, 8.72], [883.14, 3.26], [883.13, 0.02], [883.12, 7.33], [883.11, 4.49], [883.1, 2.8], [883.09, 5.48], [883.08, 5.36], [883.07, 9.01], [883.06, 7.09], [883.05, 3.4], [883.04, 14.39], [883.03, 9.44], [883.02, 2.89], [883.01, 4.96], [883.0, 4.71]], "asks": [[883.2, 0.49], [883.21, 1.17], [883.23, 0.01], [883.24, 0.01], [883.25, 1.33], [883.26, 5.13], [883.27, 3.48], [883.28, 5.51], [883.29, 1.75], [883.3, 5.44], [883.31, 0.02], [883.32, 0.02], [883.33, 4.06], [883.34, 1.36], [883.35, 7.4], [883.36, 9.88], [883.37, 6.03], [883.38, 29.38], [883.39, 7.44], [883.4, 21.96]], "timestamp": "2025-12-06T05:46:29.697875+00:00"}, {"symbol": "BNBUSDT", "bids": [[883.39, 17.81], [883.38, 0.03], [883.37, 2.03], [883.36, 8.68], [883.35, 12.44], [883.34, 17.1], [883.33, 8.28], [883.32, 23.43], [883.31, 24.28], [883.3, 26.9], [883.29, 1.16], [883.28, 2.49], [883.27, 3.08], [883.26, 4.78], [883.25, 14.64], [883.24, 1.25], [883.23, 3.96], [883.22, 2.29], [883.21, 5.1], [883.2, 1.63]], "asks": [[883.4, 10.51], [883.41, 20.54], [883.42, 0.02], [883.43, 0.79], [883.44, 0.05], [883.45, 1.14], [883.46, 1.33], [883.47, 5.38], [883.48, 7.17], [883.49, 1.14], [883.5, 7.0], [883.51, 13.31], [883.52, 9.93], [883.53, 5.38], [883.54, 19.58], [883.55, 10.35], [883.56, 3.1], [883.57, 9.17], [883.58, 26.18], [883.59, 16.47]], "timestamp": "2025-12-06T05:47:21.245379+00:00"}, {"symbol": "BNBUSDT", "bids": [[883.32, 3.15], [883.3, 0.1], [883.29, 0.03], [883.28, 2.27], [883.27, 1.24], [883.26, 4.67], [883.25, 7.31], [883.24, 4.05], [883.23, 5.49], [883.22, 0.02], [883.21, 11.33], [883.2, 10.79], [883.19, 1.12], [883.18, 5.21], [883.17, 7.82], [883.16, 13.5], [883.15, 8.26], [883.14, 5.41], [883.13, 23.15], [883.12, 30.08]], "asks": [[883.33, 22.44], [883.34, 0.14], [883.35, 2.97], [883.36, 6.19], [883.37, 2.8], [883.38, 11.97], [883.39, 7.31], [883.4, 24.7], [883.41, 5.73], [883.42, 19.63], [883.43, 1.23], [883.44, 7.81], [883.45, 3.84], [883.46, 3.26], [883.47, 0.23], [883.48, 16.14], [883.49, 17.93], [883.5, 2.95], [883.51, 7.96], [883.52, 8.93]], "timestamp": "2025-12-06T05:48:12.570815+00:00"}, {"symbol": "BNBUSDT", "bids": [[883.4, 69.3], [883.39, 7.51], [883.38, 8.25], [883.37, 12.77], [883.36, 6.0], [883.35, 1.6], [883.34, 0.27], [883.33, 7.14], [883.32, 6.2], [883.31, 7.92], [883.3, 11.8], [883.29, 5.29], [883.28, 8.21], [883.27, 8.35], [883.26, 5.64], [883.25, 10.44], [883.24, 7.36], [883.23, 27.31], [883.22, 1.56], [883.21, 0.85]], "asks": [[883.41, 4.1], [883.42, 0.02], [883.44, 5.48], [883.45, 3.08], [883.46, 4.69], [883.47, 0.01], [883.48, 5.35], [883.49, 0.21], [883.5, 2.34], [883.51, 0.32], [883.52, 3.81], [883.53, 1.74], [883.54, 4.68], [883.55, 0.09], [883.56, 4.45], [883.57, 2.16], [883.58, 1.13], [883.59, 15.46], [883.6, 14.43], [883.61, 15.77]], "timestamp": "2025-12-06T05:49:03.775206+00:00"}, {"symbol": "BNBUSDT", "bids": [[883.55, 12.24], [883.54, 0.03], [883.53, 0.01], [883.52, 5.27], [883.51, 5.1], [883.49, 0.02], [883.48, 3.43], [883.47, 1.03], [883.46, 3.26], [883.45, 2.85], [883.44, 14.99], [883.43, 5.58], [883.42, 4.74], [883.41, 9.73], [883.4, 9.22], [883.39, 9.03], [883.38, 12.43], [883.37, 20.34], [883.36, 9.98], [883.35, 21.02]], "asks": [[883.56, 32.77], [883.57, 6.55], [883.58, 0.01], [883.59, 2.73], [883.6, 27.95], [883.61, 27.58], [883.62, 20.02], [883.63, 14.88], [883.64, 5.89], [883.65, 2.62], [883.66, 7.93], [883.67, 18.78], [883.68, 7.83], [883.69, 9.47], [883.7, 28.97], [883.71, 0.86], [883.72, 12.26], [883.73, 12.91], [883.74, 20.41], [883.75, 14.93]], "timestamp": "2025-12-06T05:49:55.114136+00:00"}, {"symbol": "BNBUSDT", "bids": [[883.67, 9.68], [883.66, 0.04], [883.65, 2.03], [883.64, 0.02], [883.62, 3.51], [883.61, 0.3], [883.6, 14.37], [883.59, 11.78], [883.58, 2.51], [883.57, 5.76], [883.56, 7.15], [883.55, 2.18], [883.54, 5.04], [883.53, 1.85], [883.52, 5.2], [883.51, 6.3], [883.5, 3.82], [883.49, 12.32], [883.48, 16.25], [883.47, 0.72]], "asks": [[883.68, 9.74], [883.7, 0.02], [883.71, 2.85], [883.72, 22.66], [883.73, 8.51], [883.74, 6.88], [883.75, 9.28], [883.76, 12.46], [883.77, 22.26], [883.78, 2.04], [883.79, 17.37], [883.8, 6.62], [883.81, 2.37], [883.82, 1.45], [883.83, 2.8], [883.84, 18.46], [883.85, 1.15], [883.86, 25.54], [883.87, 15.1], [883.88, 23.96]], "timestamp": "2025-12-06T05:50:47.633102+00:00"}, {"symbol": "BNBUSDT", "bids": [[884.0, 20.04], [883.99, 2.62], [883.98, 1.92], [883.96, 3.94], [883.95, 10.14], [883.94, 0.17], [883.93, 0.33], [883.92, 9.75], [883.91, 6.81], [883.9, 6.02], [883.89, 15.9], [883.88, 7.79], [883.87, 7.82], [883.86, 21.26], [883.85, 3.56], [883.84, 14.02], [883.83, 7.29], [883.82, 18.08], [883.81, 6.1], [883.8, 12.82]], "asks": [[884.01, 8.02], [884.02, 0.85], [884.03, 0.52], [884.04, 0.03], [884.05, 0.02], [884.06, 1.68], [884.07, 9.81], [884.08, 0.04], [884.09, 7.61], [884.1, 6.31], [884.11, 5.5], [884.12, 32.09], [884.13, 2.86], [884.14, 8.74], [884.15, 28.89], [884.16, 9.14], [884.17, 7.22], [884.18, 10.18], [884.19, 15.32], [884.2, 16.5]], "timestamp": "2025-12-06T05:51:39.251928+00:00"}, {"symbol": "BNBUSDT", "bids": [[883.7, 15.57], [883.69, 2.12], [883.68, 6.86], [883.67, 1.63], [883.66, 9.39], [883.65, 1.36], [883.64, 8.75], [883.63, 6.74], [883.62, 2.63], [883.61, 4.96], [883.6, 10.04], [883.59, 8.05], [883.58, 1.01], [883.57, 4.84], [883.56, 17.47], [883.55, 6.49], [883.54, 11.63], [883.53, 1.22], [883.52, 9.86], [883.51, 4.75]], "asks": [[883.71, 11.62], [883.72, 0.76], [883.74, 2.26], [883.75, 7.73], [883.76, 1.37], [883.77, 5.55], [883.78, 16.94], [883.79, 1.08], [883.8, 30.67], [883.81, 6.49], [883.82, 12.01], [883.83, 6.21], [883.84, 7.02], [883.85, 26.31], [883.86, 10.49], [883.87, 8.32], [883.88, 4.46], [883.89, 30.21], [883.9, 15.78], [883.91, 14.89]], "timestamp": "2025-12-06T05:52:30.540071+00:00"}, {"symbol": "BNBUSDT", "bids": [[883.95, 16.09], [883.94, 0.02], [883.92, 4.61], [883.91, 15.65], [883.9, 6.35], [883.89, 0.91], [883.88, 14.17], [883.87, 11.54], [883.86, 4.46], [883.85, 1.96], [883.84, 30.76], [883.83, 34.14], [883.82, 7.73], [883.81, 5.02], [883.8, 11.46], [883.79, 10.83], [883.78, 10.21], [883.77, 11.35], [883.76, 21.21], [883.75, 5.05]], "asks": [[883.96, 16.83], [883.97, 0.01], [883.98, 0.02], [883.99, 3.49], [884.0, 0.04], [884.01, 1.1], [884.02, 5.29], [884.03, 0.01], [884.04, 0.67], [884.05, 0.55], [884.06, 4.48], [884.07, 13.45], [884.08, 12.4], [884.09, 4.07], [884.1, 14.94], [884.11, 5.04], [884.12, 6.63], [884.13, 3.77], [884.14, 21.15], [884.15, 5.53]], "timestamp": "2025-12-06T05:53:22.305966+00:00"}, {"symbol": "BNBUSDT", "bids": [[884.04, 69.91], [884.03, 48.11], [884.02, 32.02], [884.01, 19.01], [884.0, 9.03], [883.99, 0.01], [883.98, 42.1], [883.97, 0.21], [883.96, 23.78], [883.95, 21.0], [883.94, 5.03], [883.93, 20.9], [883.92, 16.33], [883.91, 5.05], [883.9, 6.06], [883.89, 5.13], [883.88, 26.38], [883.87, 8.57], [883.86, 7.15], [883.85, 14.06]], "asks": [[884.05, 0.63], [884.06, 0.14], [884.07, 0.01], [884.08, 0.01], [884.1, 0.04], [884.11, 0.04], [884.12, 0.01], [884.13, 0.01], [884.14, 2.52], [884.15, 0.12], [884.16, 1.29], [884.17, 1.12], [884.18, 1.8], [884.19, 5.12], [884.2, 2.09], [884.21, 7.83], [884.22, 0.43], [884.23, 3.06], [884.24, 5.04], [884.25, 6.2]], "timestamp": "2025-12-06T05:54:14.590417+00:00"}, {"symbol": "BNBUSDT", "bids": [[884.04, 3.65], [884.03, 1.73], [884.02, 1.16], [884.01, 2.27], [884.0, 8.56], [883.99, 0.36], [883.98, 5.05], [883.97, 2.24], [883.95, 12.2], [883.94, 4.13], [883.93, 28.6], [883.92, 14.99], [883.91, 1.34], [883.9, 13.69], [883.89, 6.11], [883.88, 11.2], [883.87, 10.2], [883.86, 33.77], [883.85, 15.35], [883.84, 23.2]], "asks": [[884.05, 19.47], [884.06, 12.66], [884.07, 13.11], [884.08, 7.92], [884.09, 5.36], [884.1, 2.21], [884.11, 1.5], [884.12, 2.85], [884.13, 3.71], [884.14, 2.03], [884.15, 0.32], [884.16, 20.1], [884.17, 8.87], [884.18, 2.56], [884.19, 18.81], [884.2, 11.67], [884.21, 6.83], [884.22, 3.45], [884.23, 19.48], [884.24, 6.54]], "timestamp": "2025-12-06T05:55:06.706722+00:00"}, {"symbol": "BNBUSDT", "bids": [[884.43, 0.23], [884.42, 0.02], [884.4, 0.03], [884.37, 0.01], [884.36, 4.56], [884.35, 9.05], [884.34, 3.15], [884.33, 2.31], [884.32, 4.67], [884.31, 1.77], [884.3, 10.39], [884.29, 2.22], [884.28, 7.23], [884.27, 2.3], [884.26, 13.06], [884.25, 24.21], [884.24, 19.79], [884.23, 6.14], [884.22, 9.04], [884.21, 19.08]], "asks": [[884.44, 52.02], [884.45, 11.21], [884.46, 8.01], [884.47, 8.64], [884.48, 0.05], [884.49, 2.81], [884.5, 7.83], [884.51, 11.73], [884.52, 4.37], [884.53, 6.71], [884.54, 1.37], [884.55, 22.48], [884.56, 7.12], [884.57, 15.05], [884.58, 16.19], [884.59, 4.46], [884.6, 14.01], [884.61, 7.97], [884.62, 35.24], [884.63, 0.23]], "timestamp": "2025-12-06T05:55:58.088583+00:00"}, {"symbol": "BNBUSDT", "bids": [[884.05, 22.11], [884.04, 39.69], [884.03, 5.79], [884.02, 0.01], [884.01, 1.19], [884.0, 1.21], [883.99, 5.66], [883.98, 0.15], [883.97, 20.04], [883.96, 7.75], [883.95, 12.9], [883.94, 4.35], [883.93, 12.41], [883.92, 8.38], [883.91, 12.39], [883.9, 24.55], [883.89, 13.03], [883.88, 14.01], [883.87, 3.43], [883.86, 12.7]], "asks": [[884.06, 22.32], [884.07, 0.4], [884.08, 0.04], [884.09, 0.91], [884.1, 2.15], [884.11, 6.54], [884.12, 17.49], [884.13, 14.49], [884.14, 14.12], [884.15, 6.13], [884.16, 1.38], [884.17, 2.56], [884.18, 4.57], [884.19, 8.33], [884.2, 1.6], [884.21, 0.01], [884.22, 8.06], [884.24, 7.4], [884.25, 4.14], [884.26, 3.36]], "timestamp": "2025-12-06T05:56:49.824631+00:00"}, {"symbol": "BNBUSDT", "bids": [[883.91, 74.81], [883.9, 0.04], [883.89, 0.04], [883.88, 12.78], [883.87, 16.17], [883.86, 3.89], [883.85, 7.29], [883.84, 25.15], [883.83, 1.17], [883.82, 11.42], [883.81, 10.44], [883.8, 19.72], [883.79, 13.67], [883.78, 9.34], [883.77, 11.38], [883.76, 9.48], [883.75, 9.77], [883.74, 3.44], [883.73, 11.16], [883.72, 8.44]], "asks": [[883.92, 8.39], [883.93, 1.34], [883.94, 0.03], [883.96, 0.03], [883.97, 5.35], [883.98, 0.01], [883.99, 0.01], [884.0, 0.04], [884.01, 4.11], [884.02, 8.95], [884.03, 10.64], [884.04, 11.97], [884.05, 18.16], [884.06, 0.02], [884.07, 2.31], [884.08, 0.01], [884.09, 1.15], [884.1, 0.04], [884.11, 0.04], [884.12, 0.01]], "timestamp": "2025-12-06T05:57:41.538618+00:00"}, {"symbol": "BNBUSDT", "bids": [[884.0, 55.6], [883.99, 0.04], [883.98, 0.17], [883.96, 13.55], [883.95, 2.85], [883.94, 3.17], [883.93, 18.65], [883.92, 11.95], [883.91, 2.97], [883.9, 5.42], [883.89, 16.9], [883.88, 1.51], [883.87, 1.51], [883.86, 3.4], [883.85, 1.4], [883.84, 11.96], [883.83, 0.07], [883.82, 30.2], [883.81, 15.06], [883.8, 22.56]], "asks": [[884.01, 48.28], [884.02, 11.67], [884.03, 7.8], [884.04, 8.19], [884.05, 2.41], [884.07, 0.02], [884.08, 5.1], [884.09, 3.85], [884.1, 6.27], [884.11, 7.4], [884.12, 0.29], [884.13, 8.59], [884.14, 11.12], [884.15, 8.47], [884.16, 5.57], [884.17, 5.08], [884.18, 5.04], [884.19, 11.02], [884.2, 7.27], [884.21, 21.96]], "timestamp": "2025-12-06T05:58:32.701899+00:00"}, {"symbol": "BNBUSDT", "bids": [[883.67, 0.99], [883.66, 0.03], [883.65, 0.03], [883.62, 0.32], [883.6, 7.69], [883.59, 0.4], [883.58, 0.24], [883.57, 2.78], [883.56, 25.06], [883.55, 2.22], [883.54, 7.94], [883.53, 29.47], [883.52, 19.6], [883.51, 3.32], [883.5, 17.04], [883.49, 22.47], [883.48, 5.94], [883.47, 22.91], [883.46, 1.2], [883.45, 1.04]], "asks": [[883.68, 66.72], [883.69, 59.73], [883.7, 52.15], [883.71, 37.14], [883.72, 57.81], [883.73, 18.72], [883.74, 4.98], [883.75, 8.2], [883.76, 5.14], [883.77, 7.28], [883.78, 0.81], [883.79, 1.08], [883.8, 8.41], [883.81, 5.29], [883.82, 1.6], [883.83, 3.18], [883.84, 11.78], [883.85, 3.59], [883.86, 10.67], [883.87, 7.93]], "timestamp": "2025-12-06T05:59:23.927368+00:00"}, {"symbol": "BNBUSDT", "bids": [[883.03, 2.53], [883.0, 11.46], [882.99, 2.45], [882.98, 0.06], [882.97, 0.02], [882.96, 0.04], [882.95, 11.63], [882.94, 1.93], [882.93, 2.74], [882.92, 7.32], [882.91, 13.77], [882.9, 63.63], [882.89, 1.14], [882.88, 2.17], [882.87, 0.06], [882.86, 9.4], [882.85, 24.94], [882.84, 7.23], [882.83, 20.24], [882.82, 12.15]], "asks": [[883.04, 49.25], [883.05, 12.74], [883.06, 10.3], [883.07, 13.43], [883.08, 14.65], [883.09, 4.69], [883.1, 5.17], [883.11, 22.02], [883.12, 7.72], [883.13, 2.46], [883.14, 5.82], [883.15, 34.35], [883.16, 2.05], [883.17, 11.85], [883.18, 23.25], [883.19, 9.94], [883.2, 12.21], [883.21, 19.58], [883.22, 0.01], [883.23, 2.77]], "timestamp": "2025-12-06T06:00:15.869705+00:00"}]