[{"id": "783044246", "price": 883.5, "amount": 0.66, "side": "buy", "timestamp": 1764999813023}, {"id": "783044247", "price": 883.49, "amount": 0.02, "side": "sell", "timestamp": 1764999813459}, {"id": "783044248", "price": 883.49, "amount": 0.02, "side": "sell", "timestamp": 1764999814484}, {"id": "783044249", "price": 883.49, "amount": 0.01, "side": "sell", "timestamp": 1764999814792}, {"id": "783044250", "price": 883.5, "amount": 0.02, "side": "buy", "timestamp": 1764999815497}, {"id": "783044251", "price": 883.49, "amount": 0.02, "side": "sell", "timestamp": 1764999815509}, {"id": "783044252", "price": 883.49, "amount": 0.02, "side": "sell", "timestamp": 1764999816519}, {"id": "783044253", "price": 883.49, "amount": 0.03, "side": "sell", "timestamp": 1764999817135}, {"id": "783044254", "price": 883.49, "amount": 9.44, "side": "sell", "timestamp": 1764999817463}, {"id": "783044255", "price": 883.47, "amount": 0.12, "side": "sell", "timestamp": 1764999817466}, {"id": "783044256", "price": 883.46, "amount": 0.01, "side": "sell", "timestamp": 1764999817466}, {"id": "783044257", "price": 883.44, "amount": 0.01, "side": "sell", "timestamp": 1764999817466}, {"id": "783044258", "price": 883.44, "amount": 0.61, "side": "buy", "timestamp": 1764999817524}, {"id": "783044259", "price": 883.43, "amount": 0.02, "side": "sell", "timestamp": 1764999817557}, {"id": "783044260", "price": 883.43, "amount": 0.02, "side": "sell", "timestamp": 1764999818610}, {"id": "783044261", "price": 883.44, "amount": 0.1, "side": "buy", "timestamp": 1764999819065}, {"id": "783044262", "price": 883.43, "amount": 0.02, "side": "sell", "timestamp": 1764999819655}, {"id": "783044263", "price": 883.43, "amount": 0.01, "side": "sell", "timestamp": 1764999819922}, {"id": "783044264", "price": 883.41, "amount": 0.02, "side": "sell", "timestamp": 1764999819924}, {"id": "783044265", "price": 883.4, "amount": 0.03, "side": "sell", "timestamp": 1764999819924}, {"id": "783044266", "price": 883.38, "amount": 0.03, "side": "sell", "timestamp": 1764999819924}, {"id": "783044267", "price": 883.37, "amount": 0.04, "side": "sell", "timestamp": 1764999819924}, {"id": "783044268", "price": 883.36, "amount": 0.01, "side": "sell", "timestamp": 1764999819924}, {"id": "783044269", "price": 883.35, "amount": 0.01, "side": "sell", "timestamp": 1764999820334}, {"id": "783044270", "price": 883.35, "amount": 0.02, "side": "sell", "timestamp": 1764999820676}, {"id": "783044271", "price": 883.35, "amount": 0.02, "side": "sell", "timestamp": 1764999821693}, {"id": "783044272", "price": 883.35, "amount": 0.08, "side": "sell", "timestamp": 1764999822722}, {"id": "783044273", "price": 883.35, "amount": 0.02, "side": "sell", "timestamp": 1764999823733}, {"id": "783044274", "price": 883.35, "amount": 0.03, "side": "sell", "timestamp": 1764999824317}, {"id": "783044275", "price": 883.35, "amount": 0.12, "side": "sell", "timestamp": 1764999824680}, {"id": "783044276", "price": 883.35, "amount": 0.01, "side": "sell", "timestamp": 1764999824787}, {"id": "783044277", "price": 883.36, "amount": 1.88, "side": "buy", "timestamp": 1764999825041}, {"id": "783044278", "price": 883.38, "amount": 0.35, "side": "buy", "timestamp": 1764999825041}, {"id": "783044279", "price": 883.4, "amount": 0.02, "side": "buy", "timestamp": 1764999825043}, {"id": "783044280", "price": 883.41, "amount": 0.02, "side": "sell", "timestamp": 1764999825871}, {"id": "783044281", "price": 883.41, "amount": 0.01, "side": "sell", "timestamp": 1764999826147}, {"id": "783044282", "price": 883.42, "amount": 0.06, "side": "buy", "timestamp": 1764999826379}, {"id": "783044283", "price": 883.41, "amount": 0.02, "side": "sell", "timestamp": 1764999826880}, {"id": "783044284", "price": 883.42, "amount": 6.89, "side": "buy", "timestamp": 1764999827892}, {"id": "783044285", "price": 883.41, "amount": 0.02, "side": "sell", "timestamp": 1764999827908}, {"id": "783044286", "price": 883.41, "amount": 0.01, "side": "sell", "timestamp": 1764999828108}, {"id": "783044287", "price": 883.41, "amount": 0.02, "side": "sell", "timestamp": 1764999828932}, {"id": "783044288", "price": 883.42, "amount": 0.01, "side": "buy", "timestamp": 1764999829115}, {"id": "783044289", "price": 883.41, "amount": 10.4, "side": "sell", "timestamp": 1764999829634}, {"id": "783044290", "price": 883.41, "amount": 0.02, "side": "sell", "timestamp": 1764999829965}, {"id": "783044291", "price": 883.41, "amount": 0.02, "side": "sell", "timestamp": 1764999830988}, {"id": "783044292", "price": 883.41, "amount": 15.45, "side": "sell", "timestamp": 1764999831936}, {"id": "783044293", "price": 883.4, "amount": 0.02, "side": "sell", "timestamp": 1764999832012}, {"id": "783044294", "price": 883.4, "amount": 0.02, "side": "sell", "timestamp": 1764999833046}, {"id": "783044295", "price": 883.4, "amount": 0.02, "side": "sell", "timestamp": 1764999834055}, {"id": "783044376", "price": 883.14, "amount": 0.01, "side": "buy", "timestamp": 1764999859893}, {"id": "783044377", "price": 883.13, "amount": 0.02, "side": "sell", "timestamp": 1764999860459}, {"id": "783044378", "price": 883.13, "amount": 0.02, "side": "sell", "timestamp": 1764999861481}, {"id": "783044379", "price": 883.13, "amount": 0.03, "side": "sell", "timestamp": 1764999862062}, {"id": "783044380", "price": 883.13, "amount": 0.01, "side": "sell", "timestamp": 1764999862303}, {"id": "783044381", "price": 883.13, "amount": 0.02, "side": "sell", "timestamp": 1764999862512}, {"id": "783044382", "price": 883.13, "amount": 1.77, "side": "sell", "timestamp": 1764999862947}, {"id": "783044383", "price": 883.13, "amount": 0.02, "side": "sell", "timestamp": 1764999863541}, {"id": "783044384", "price": 883.13, "amount": 0.01, "side": "sell", "timestamp": 1764999863666}, {"id": "783044385", "price": 883.13, "amount": 1.09, "side": "sell", "timestamp": 1764999864378}, {"id": "783044386", "price": 883.12, "amount": 0.05, "side": "sell", "timestamp": 1764999864382}, {"id": "783044387", "price": 883.11, "amount": 0.02, "side": "sell", "timestamp": 1764999864564}, {"id": "783044388", "price": 883.12, "amount": 0.01, "side": "buy", "timestamp": 1764999864691}, {"id": "783044389", "price": 883.11, "amount": 0.02, "side": "sell", "timestamp": 1764999865573}, {"id": "783044390", "price": 883.11, "amount": 0.02, "side": "sell", "timestamp": 1764999866598}, {"id": "783044391", "price": 883.12, "amount": 0.06, "side": "buy", "timestamp": 1764999867032}, {"id": "783044392", "price": 883.11, "amount": 0.02, "side": "sell", "timestamp": 1764999867620}, {"id": "783044393", "price": 883.11, "amount": 0.02, "side": "sell", "timestamp": 1764999868630}, {"id": "783044394", "price": 883.12, "amount": 0.03, "side": "buy", "timestamp": 1764999868950}, {"id": "783044395", "price": 883.11, "amount": 0.02, "side": "sell", "timestamp": 1764999869652}, {"id": "783044396", "price": 883.11, "amount": 0.06, "side": "sell", "timestamp": 1764999869770}, {"id": "783044397", "price": 883.11, "amount": 0.01, "side": "sell", "timestamp": 1764999870101}, {"id": "783044398", "price": 883.11, "amount": 0.02, "side": "sell", "timestamp": 1764999870709}, {"id": "783044399", "price": 883.12, "amount": 0.05, "side": "buy", "timestamp": 1764999871688}, {"id": "783044400", "price": 883.11, "amount": 0.02, "side": "sell", "timestamp": 1764999871803}, {"id": "783044401", "price": 883.11, "amount": 0.02, "side": "sell", "timestamp": 1764999872811}, {"id": "783044402", "price": 883.12, "amount": 0.06, "side": "buy", "timestamp": 1764999873466}, {"id": "783044403", "price": 883.12, "amount": 0.01, "side": "buy", "timestamp": 1764999873576}, {"id": "783044404", "price": 883.11, "amount": 0.02, "side": "sell", "timestamp": 1764999873866}, {"id": "783044405", "price": 883.12, "amount": 0.04, "side": "buy", "timestamp": 1764999874705}, {"id": "783044406", "price": 883.12, "amount": 0.12, "side": "buy", "timestamp": 1764999874857}, {"id": "783044407", "price": 883.11, "amount": 0.03, "side": "sell", "timestamp": 1764999874875}, {"id": "783044408", "price": 883.11, "amount": 0.08, "side": "sell", "timestamp": 1764999875898}, {"id": "783044409", "price": 883.12, "amount": 0.03, "side": "buy", "timestamp": 1764999876093}, {"id": "783044410", "price": 883.12, "amount": 5.0, "side": "buy", "timestamp": 1764999876441}, {"id": "783044411", "price": 883.11, "amount": 0.36, "side": "sell", "timestamp": 1764999876920}, {"id": "783044412", "price": 883.11, "amount": 0.02, "side": "sell", "timestamp": 1764999877945}, {"id": "783044413", "price": 883.11, "amount": 0.12, "side": "sell", "timestamp": 1764999878190}, {"id": "783044414", "price": 883.11, "amount": 0.02, "side": "sell", "timestamp": 1764999878968}, {"id": "783044415", "price": 883.11, "amount": 0.03, "side": "sell", "timestamp": 1764999879979}, {"id": "783044416", "price": 883.11, "amount": 0.02, "side": "sell", "timestamp": 1764999881012}, {"id": "783044417", "price": 883.12, "amount": 0.05, "side": "buy", "timestamp": 1764999881048}, {"id": "783044418", "price": 883.11, "amount": 0.02, "side": "sell", "timestamp": 1764999882032}, {"id": "783044419", "price": 883.12, "amount": 0.67, "side": "buy", "timestamp": 1764999882297}, {"id": "783044420", "price": 883.11, "amount": 0.03, "side": "sell", "timestamp": 1764999882835}, {"id": "783044421", "price": 883.11, "amount": 0.07, "side": "sell", "timestamp": 1764999882952}, {"id": "783044422", "price": 883.11, "amount": 0.02, "side": "sell", "timestamp": 1764999883054}, {"id": "783044423", "price": 883.11, "amount": 0.02, "side": "sell", "timestamp": 1764999884079}, {"id": "783044424", "price": 883.11, "amount": 0.03, "side": "sell", "timestamp": 1764999885100}, {"id": "783044425", "price": 883.11, "amount": 0.02, "side": "sell", "timestamp": 1764999886158}, {"id": "783044554", "price": 883.04, "amount": 0.02, "side": "sell", "timestamp": 1764999923668}, {"id": "783044555", "price": 883.05, "amount": 0.01, "side": "buy", "timestamp": 1764999923945}, {"id": "783044556", "price": 883.04, "amount": 0.71, "side": "sell", "timestamp": 1764999924258}, {"id": "783044557", "price": 883.02, "amount": 0.01, "side": "sell", "timestamp": 1764999924262}, {"id": "783044558", "price": 883.01, "amount": 0.02, "side": "sell", "timestamp": 1764999924262}, {"id": "783044559", "price": 883.0, "amount": 0.01, "side": "sell", "timestamp": 1764999924751}, {"id": "783044560", "price": 883.01, "amount": 0.12, "side": "buy", "timestamp": 1764999924824}, {"id": "783044561", "price": 883.0, "amount": 0.02, "side": "sell", "timestamp": 1764999924840}, {"id": "783044562", "price": 883.0, "amount": 0.02, "side": "sell", "timestamp": 1764999925859}, {"id": "783044563", "price": 883.01, "amount": 0.22, "side": "buy", "timestamp": 1764999926448}, {"id": "783044564", "price": 883.0, "amount": 0.06, "side": "sell", "timestamp": 1764999926620}, {"id": "783044565", "price": 883.0, "amount": 0.02, "side": "sell", "timestamp": 1764999926876}, {"id": "783044566", "price": 883.01, "amount": 6.25, "side": "buy", "timestamp": 1764999927892}, {"id": "783044567", "price": 883.0, "amount": 0.02, "side": "sell", "timestamp": 1764999927987}, {"id": "783044568", "price": 883.01, "amount": 1.36, "side": "buy", "timestamp": 1764999928952}, {"id": "783044569", "price": 883.03, "amount": 0.08, "side": "buy", "timestamp": 1764999928958}, {"id": "783044570", "price": 883.02, "amount": 0.02, "side": "sell", "timestamp": 1764999929119}, {"id": "783044571", "price": 883.02, "amount": 0.01, "side": "sell", "timestamp": 1764999929565}, {"id": "783044572", "price": 883.02, "amount": 0.03, "side": "sell", "timestamp": 1764999929976}, {"id": "783044573", "price": 883.02, "amount": 0.02, "side": "sell", "timestamp": 1764999930143}, {"id": "783044574", "price": 883.03, "amount": 0.05, "side": "buy", "timestamp": 1764999930210}, {"id": "783044575", "price": 883.04, "amount": 0.02, "side": "buy", "timestamp": 1764999930210}, {"id": "783044576", "price": 883.05, "amount": 0.02, "side": "buy", "timestamp": 1764999930210}, {"id": "783044577", "price": 883.07, "amount": 0.01, "side": "buy", "timestamp": 1764999930210}, {"id": "783044578", "price": 883.08, "amount": 0.06, "side": "buy", "timestamp": 1764999931124}, {"id": "783044579", "price": 883.07, "amount": 0.02, "side": "sell", "timestamp": 1764999931175}, {"id": "783044580", "price": 883.07, "amount": 0.03, "side": "sell", "timestamp": 1764999931317}, {"id": "783044581", "price": 883.07, "amount": 0.02, "side": "sell", "timestamp": 1764999931517}, {"id": "783044582", "price": 883.07, "amount": 0.02, "side": "sell", "timestamp": 1764999932207}, {"id": "783044583", "price": 883.07, "amount": 0.02, "side": "sell", "timestamp": 1764999933234}, {"id": "783044584", "price": 883.07, "amount": 0.06, "side": "sell", "timestamp": 1764999933876}, {"id": "783044585", "price": 883.07, "amount": 0.02, "side": "sell", "timestamp": 1764999934245}, {"id": "783044586", "price": 883.08, "amount": 0.05, "side": "buy", "timestamp": 1764999934309}, {"id": "783044587", "price": 883.09, "amount": 1.74, "side": "buy", "timestamp": 1764999934317}, {"id": "783044588", "price": 883.11, "amount": 0.01, "side": "buy", "timestamp": 1764999934319}, {"id": "783044589", "price": 883.13, "amount": 0.02, "side": "buy", "timestamp": 1764999934325}, {"id": "783044590", "price": 883.14, "amount": 0.01, "side": "buy", "timestamp": 1764999934325}, {"id": "783044591", "price": 883.15, "amount": 0.02, "side": "buy", "timestamp": 1764999934355}, {"id": "783044592", "price": 883.16, "amount": 0.01, "side": "buy", "timestamp": 1764999934355}, {"id": "783044593", "price": 883.17, "amount": 0.05, "side": "buy", "timestamp": 1764999934359}, {"id": "783044594", "price": 883.19, "amount": 0.17, "side": "buy", "timestamp": 1764999934366}, {"id": "783044595", "price": 883.2, "amount": 0.07, "side": "buy", "timestamp": 1764999934369}, {"id": "783044596", "price": 883.22, "amount": 0.02, "side": "buy", "timestamp": 1764999934374}, {"id": "783044597", "price": 883.23, "amount": 0.03, "side": "buy", "timestamp": 1764999934374}, {"id": "783044598", "price": 883.23, "amount": 20.0, "side": "sell", "timestamp": 1764999934780}, {"id": "783044599", "price": 883.23, "amount": 0.02, "side": "sell", "timestamp": 1764999935253}, {"id": "783044600", "price": 883.23, "amount": 0.01, "side": "sell", "timestamp": 1764999935665}, {"id": "783044601", "price": 883.23, "amount": 0.06, "side": "sell", "timestamp": 1764999936222}, {"id": "783044602", "price": 883.23, "amount": 0.03, "side": "sell", "timestamp": 1764999936617}, {"id": "783044603", "price": 883.23, "amount": 0.02, "side": "sell", "timestamp": 1764999937272}, {"id": "783044713", "price": 883.04, "amount": 2.82, "side": "sell", "timestamp": 1764999969854}, {"id": "783044714", "price": 883.05, "amount": 0.03, "side": "buy", "timestamp": 1764999969889}, {"id": "783044715", "price": 883.04, "amount": 0.02, "side": "sell", "timestamp": 1764999970071}, {"id": "783044716", "price": 883.04, "amount": 0.02, "side": "sell", "timestamp": 1764999971099}, {"id": "783044717", "price": 883.04, "amount": 0.01, "side": "sell", "timestamp": 1764999971662}, {"id": "783044718", "price": 883.04, "amount": 0.01, "side": "sell", "timestamp": 1764999971794}, {"id": "783044719", "price": 883.04, "amount": 0.02, "side": "sell", "timestamp": 1764999972117}, {"id": "783044720", "price": 883.04, "amount": 0.02, "side": "sell", "timestamp": 1764999973126}, {"id": "783044721", "price": 883.05, "amount": 0.12, "side": "buy", "timestamp": 1764999973580}, {"id": "783044722", "price": 883.05, "amount": 0.02, "side": "buy", "timestamp": 1764999974048}, {"id": "783044723", "price": 883.04, "amount": 0.02, "side": "sell", "timestamp": 1764999974164}, {"id": "783044724", "price": 883.05, "amount": 0.11, "side": "buy", "timestamp": 1764999974763}, {"id": "783044725", "price": 883.04, "amount": 0.03, "side": "sell", "timestamp": 1764999974861}, {"id": "783044726", "price": 883.04, "amount": 0.01, "side": "sell", "timestamp": 1764999974978}, {"id": "783044727", "price": 883.06, "amount": 0.07, "side": "buy", "timestamp": 1764999974994}, {"id": "783044728", "price": 883.06, "amount": 0.02, "side": "sell", "timestamp": 1764999975172}, {"id": "783044729", "price": 883.06, "amount": 0.02, "side": "sell", "timestamp": 1764999976198}, {"id": "783044730", "price": 883.07, "amount": 0.12, "side": "buy", "timestamp": 1764999976575}, {"id": "783044731", "price": 883.06, "amount": 0.02, "side": "sell", "timestamp": 1764999977222}, {"id": "783044732", "price": 883.07, "amount": 0.55, "side": "buy", "timestamp": 1764999977240}, {"id": "783044733", "price": 883.08, "amount": 0.05, "side": "buy", "timestamp": 1764999977248}, {"id": "783044734", "price": 883.11, "amount": 0.55, "side": "buy", "timestamp": 1764999977253}, {"id": "783044735", "price": 883.12, "amount": 0.03, "side": "buy", "timestamp": 1764999977260}, {"id": "783044736", "price": 883.13, "amount": 0.01, "side": "buy", "timestamp": 1764999977260}, {"id": "783044737", "price": 883.13, "amount": 0.01, "side": "sell", "timestamp": 1764999977905}, {"id": "783044738", "price": 883.14, "amount": 0.05, "side": "buy", "timestamp": 1764999978066}, {"id": "783044739", "price": 883.15, "amount": 0.02, "side": "sell", "timestamp": 1764999978245}, {"id": "783044740", "price": 883.15, "amount": 0.01, "side": "sell", "timestamp": 1764999978429}, {"id": "783044741", "price": 883.15, "amount": 0.19, "side": "sell", "timestamp": 1764999978966}, {"id": "783044742", "price": 883.15, "amount": 0.03, "side": "sell", "timestamp": 1764999979122}, {"id": "783044743", "price": 883.15, "amount": 0.02, "side": "sell", "timestamp": 1764999979269}, {"id": "783044744", "price": 883.16, "amount": 0.04, "side": "buy", "timestamp": 1764999979952}, {"id": "783044745", "price": 883.15, "amount": 0.02, "side": "sell", "timestamp": 1764999980290}, {"id": "783044746", "price": 883.16, "amount": 0.01, "side": "buy", "timestamp": 1764999980981}, {"id": "783044747", "price": 883.15, "amount": 0.02, "side": "sell", "timestamp": 1764999981312}, {"id": "783044748", "price": 883.16, "amount": 0.01, "side": "buy", "timestamp": 1764999982027}, {"id": "783044749", "price": 883.15, "amount": 0.02, "side": "sell", "timestamp": 1764999982347}, {"id": "783044750", "price": 883.16, "amount": 3.62, "side": "buy", "timestamp": 1764999982892}, {"id": "783044751", "price": 883.15, "amount": 0.02, "side": "sell", "timestamp": 1764999983356}, {"id": "783044752", "price": 883.15, "amount": 0.02, "side": "sell", "timestamp": 1764999984378}, {"id": "783044753", "price": 883.15, "amount": 0.01, "side": "sell", "timestamp": 1764999984555}, {"id": "783044754", "price": 883.15, "amount": 0.03, "side": "sell", "timestamp": 1764999985219}, {"id": "783044755", "price": 883.15, "amount": 0.02, "side": "sell", "timestamp": 1764999985410}, {"id": "783044756", "price": 883.15, "amount": 0.02, "side": "sell", "timestamp": 1764999986432}, {"id": "783044757", "price": 883.15, "amount": 0.01, "side": "sell", "timestamp": 1764999987081}, {"id": "783044758", "price": 883.15, "amount": 0.02, "side": "sell", "timestamp": 1764999987456}, {"id": "783044759", "price": 883.16, "amount": 0.16, "side": "buy", "timestamp": 1764999987623}, {"id": "783044760", "price": 883.17, "amount": 0.01, "side": "buy", "timestamp": 1764999987623}, {"id": "783044761", "price": 883.19, "amount": 0.02, "side": "sell", "timestamp": 1764999988482}, {"id": "783044762", "price": 883.19, "amount": 0.02, "side": "sell", "timestamp": 1764999989491}, {"id": "783044884", "price": 883.14, "amount": 0.02, "side": "sell", "timestamp": 1765000029009}, {"id": "783044885", "price": 883.15, "amount": 0.03, "side": "buy", "timestamp": 1765000029898}, {"id": "783044886", "price": 883.15, "amount": 0.02, "side": "sell", "timestamp": 1765000030030}, {"id": "783044887", "price": 883.16, "amount": 0.03, "side": "buy", "timestamp": 1765000030063}, {"id": "783044888", "price": 883.16, "amount": 0.03, "side": "buy", "timestamp": 1765000030446}, {"id": "783044889", "price": 883.16, "amount": 0.04, "side": "buy", "timestamp": 1765000030964}, {"id": "783044890", "price": 883.17, "amount": 0.01, "side": "buy", "timestamp": 1765000030964}, {"id": "783044891", "price": 883.17, "amount": 0.02, "side": "sell", "timestamp": 1765000031039}, {"id": "783044892", "price": 883.18, "amount": 0.03, "side": "buy", "timestamp": 1765000031991}, {"id": "783044893", "price": 883.17, "amount": 0.02, "side": "sell", "timestamp": 1765000032088}, {"id": "783044894", "price": 883.18, "amount": 0.06, "side": "buy", "timestamp": 1765000032892}, {"id": "783044895", "price": 883.19, "amount": 0.04, "side": "buy", "timestamp": 1765000032892}, {"id": "783044896", "price": 883.2, "amount": 0.79, "side": "buy", "timestamp": 1765000032892}, {"id": "783044897", "price": 883.21, "amount": 0.02, "side": "buy", "timestamp": 1765000032892}, {"id": "783044898", "price": 883.22, "amount": 2.12, "side": "buy", "timestamp": 1765000032892}, {"id": "783044899", "price": 883.23, "amount": 0.01, "side": "buy", "timestamp": 1765000032892}, {"id": "783044900", "price": 883.24, "amount": 1.24, "side": "buy", "timestamp": 1765000032892}, {"id": "783044901", "price": 883.25, "amount": 2.65, "side": "buy", "timestamp": 1765000032892}, {"id": "783044902", "price": 883.25, "amount": 0.02, "side": "sell", "timestamp": 1765000033123}, {"id": "783044903", "price": 883.25, "amount": 0.02, "side": "sell", "timestamp": 1765000033459}, {"id": "783044904", "price": 883.25, "amount": 0.02, "side": "sell", "timestamp": 1765000034132}, {"id": "783044905", "price": 883.26, "amount": 0.01, "side": "buy", "timestamp": 1765000035006}, {"id": "783044906", "price": 883.25, "amount": 0.02, "side": "sell", "timestamp": 1765000035141}, {"id": "783044907", "price": 883.26, "amount": 0.07, "side": "buy", "timestamp": 1765000035423}, {"id": "783044908", "price": 883.27, "amount": 0.02, "side": "buy", "timestamp": 1765000035423}, {"id": "783044909", "price": 883.28, "amount": 0.37, "side": "buy", "timestamp": 1765000035509}, {"id": "783044910", "price": 883.28, "amount": 0.11, "side": "buy", "timestamp": 1765000035816}, {"id": "783044911", "price": 883.27, "amount": 0.02, "side": "sell", "timestamp": 1765000036165}, {"id": "783044912", "price": 883.28, "amount": 0.63, "side": "buy", "timestamp": 1765000036462}, {"id": "783044913", "price": 883.29, "amount": 0.01, "side": "buy", "timestamp": 1765000036465}, {"id": "783044914", "price": 883.3, "amount": 0.05, "side": "buy", "timestamp": 1765000036465}, {"id": "783044915", "price": 883.31, "amount": 0.77, "side": "buy", "timestamp": 1765000036470}, {"id": "783044916", "price": 883.32, "amount": 0.03, "side": "buy", "timestamp": 1765000036473}, {"id": "783044917", "price": 883.34, "amount": 1.43, "side": "buy", "timestamp": 1765000036482}, {"id": "783044918", "price": 883.35, "amount": 0.02, "side": "buy", "timestamp": 1765000036487}, {"id": "783044919", "price": 883.36, "amount": 0.01, "side": "buy", "timestamp": 1765000036487}, {"id": "783044920", "price": 883.37, "amount": 0.02, "side": "buy", "timestamp": 1765000036487}, {"id": "783044921", "price": 883.38, "amount": 0.03, "side": "buy", "timestamp": 1765000036487}, {"id": "783044922", "price": 883.39, "amount": 0.02, "side": "buy", "timestamp": 1765000036487}, {"id": "783044923", "price": 883.4, "amount": 0.07, "side": "buy", "timestamp": 1765000036666}, {"id": "783044924", "price": 883.39, "amount": 0.02, "side": "sell", "timestamp": 1765000037189}, {"id": "783044925", "price": 883.39, "amount": 0.02, "side": "sell", "timestamp": 1765000038236}, {"id": "783044926", "price": 883.39, "amount": 0.03, "side": "sell", "timestamp": 1765000038489}, {"id": "783044927", "price": 883.39, "amount": 0.02, "side": "sell", "timestamp": 1765000039278}, {"id": "783044928", "price": 883.39, "amount": 0.04, "side": "sell", "timestamp": 1765000039824}, {"id": "783044929", "price": 883.4, "amount": 0.01, "side": "buy", "timestamp": 1765000039905}, {"id": "783044930", "price": 883.39, "amount": 0.01, "side": "sell", "timestamp": 1765000040090}, {"id": "783044931", "price": 883.39, "amount": 0.02, "side": "sell", "timestamp": 1765000040313}, {"id": "783044932", "price": 883.4, "amount": 0.06, "side": "buy", "timestamp": 1765000040580}, {"id": "783044933", "price": 883.4, "amount": 0.01, "side": "buy", "timestamp": 1765000041214}, {"id": "783045016", "price": 883.4, "amount": 0.02, "side": "sell", "timestamp": 1765000075158}, {"id": "783045017", "price": 883.4, "amount": 0.04, "side": "sell", "timestamp": 1765000075768}, {"id": "783045018", "price": 883.4, "amount": 0.1, "side": "sell", "timestamp": 1765000076125}, {"id": "783045019", "price": 883.41, "amount": 17.09, "side": "buy", "timestamp": 1765000076497}, {"id": "783045020", "price": 883.42, "amount": 0.12, "side": "buy", "timestamp": 1765000076499}, {"id": "783045021", "price": 883.43, "amount": 0.29, "side": "buy", "timestamp": 1765000076499}, {"id": "783045022", "price": 883.44, "amount": 0.03, "side": "buy", "timestamp": 1765000076499}, {"id": "783045023", "price": 883.45, "amount": 0.02, "side": "buy", "timestamp": 1765000076499}, {"id": "783045024", "price": 883.47, "amount": 0.01, "side": "buy", "timestamp": 1765000076499}, {"id": "783045025", "price": 883.48, "amount": 0.03, "side": "buy", "timestamp": 1765000076499}, {"id": "783045026", "price": 883.49, "amount": 3.5, "side": "buy", "timestamp": 1765000076499}, {"id": "783045027", "price": 883.48, "amount": 0.02, "side": "sell", "timestamp": 1765000077203}, {"id": "783045028", "price": 883.48, "amount": 0.02, "side": "sell", "timestamp": 1765000078226}, {"id": "783045029", "price": 883.48, "amount": 0.02, "side": "sell", "timestamp": 1765000079248}, {"id": "783045030", "price": 883.48, "amount": 0.01, "side": "sell", "timestamp": 1765000079651}, {"id": "783045031", "price": 883.48, "amount": 0.02, "side": "sell", "timestamp": 1765000080270}, {"id": "783045032", "price": 883.49, "amount": 0.01, "side": "buy", "timestamp": 1765000080390}, {"id": "783045033", "price": 883.48, "amount": 0.02, "side": "sell", "timestamp": 1765000081294}, {"id": "783045034", "price": 883.48, "amount": 0.07, "side": "sell", "timestamp": 1765000082305}, {"id": "783045035", "price": 883.48, "amount": 0.22, "side": "sell", "timestamp": 1765000082722}, {"id": "783045036", "price": 883.49, "amount": 4.66, "side": "buy", "timestamp": 1765000082892}, {"id": "783045037", "price": 883.48, "amount": 0.01, "side": "sell", "timestamp": 1765000082911}, {"id": "783045038", "price": 883.48, "amount": 0.07, "side": "sell", "timestamp": 1765000083055}, {"id": "783045039", "price": 883.48, "amount": 0.05, "side": "sell", "timestamp": 1765000083177}, {"id": "783045040", "price": 883.48, "amount": 0.14, "side": "sell", "timestamp": 1765000083320}, {"id": "783045041", "price": 883.48, "amount": 0.02, "side": "sell", "timestamp": 1765000084348}, {"id": "783045042", "price": 883.48, "amount": 0.01, "side": "sell", "timestamp": 1765000084907}, {"id": "783045043", "price": 883.48, "amount": 0.02, "side": "sell", "timestamp": 1765000085149}, {"id": "783045044", "price": 883.48, "amount": 0.02, "side": "sell", "timestamp": 1765000085357}, {"id": "783045045", "price": 883.48, "amount": 0.02, "side": "sell", "timestamp": 1765000086381}, {"id": "783045046", "price": 883.48, "amount": 0.01, "side": "sell", "timestamp": 1765000086548}, {"id": "783045047", "price": 883.48, "amount": 4.3, "side": "sell", "timestamp": 1765000086752}, {"id": "783045048", "price": 883.44, "amount": 0.01, "side": "sell", "timestamp": 1765000086764}, {"id": "783045049", "price": 883.41, "amount": 0.03, "side": "sell", "timestamp": 1765000086795}, {"id": "783045050", "price": 883.41, "amount": 4.81, "side": "buy", "timestamp": 1765000087291}, {"id": "783045051", "price": 883.4, "amount": 0.02, "side": "sell", "timestamp": 1765000087391}, {"id": "783045052", "price": 883.41, "amount": 0.18, "side": "buy", "timestamp": 1765000088011}, {"id": "783045053", "price": 883.4, "amount": 0.02, "side": "sell", "timestamp": 1765000088413}, {"id": "783045054", "price": 883.4, "amount": 6.14, "side": "sell", "timestamp": 1765000089095}, {"id": "783045055", "price": 883.39, "amount": 0.09, "side": "sell", "timestamp": 1765000089110}, {"id": "783045056", "price": 883.38, "amount": 0.02, "side": "sell", "timestamp": 1765000089422}, {"id": "783045057", "price": 883.38, "amount": 0.24, "side": "sell", "timestamp": 1765000089746}, {"id": "783045058", "price": 883.36, "amount": 0.01, "side": "sell", "timestamp": 1765000089749}, {"id": "783045059", "price": 883.35, "amount": 0.04, "side": "sell", "timestamp": 1765000089749}, {"id": "783045060", "price": 883.33, "amount": 0.02, "side": "sell", "timestamp": 1765000089749}, {"id": "783045061", "price": 883.33, "amount": 3.67, "side": "buy", "timestamp": 1765000090169}, {"id": "783045062", "price": 883.32, "amount": 0.07, "side": "sell", "timestamp": 1765000090382}, {"id": "783045063", "price": 883.32, "amount": 0.02, "side": "sell", "timestamp": 1765000091477}, {"id": "783045064", "price": 883.32, "amount": 0.07, "side": "sell", "timestamp": 1765000091752}, {"id": "783045065", "price": 883.32, "amount": 0.02, "side": "sell", "timestamp": 1765000092489}, {"id": "783045165", "price": 883.65, "amount": 0.02, "side": "sell", "timestamp": 1765000130209}, {"id": "783045166", "price": 883.65, "amount": 59.4, "side": "sell", "timestamp": 1765000130333}, {"id": "783045167", "price": 883.65, "amount": 0.74, "side": "sell", "timestamp": 1765000130910}, {"id": "783045168", "price": 883.65, "amount": 0.02, "side": "sell", "timestamp": 1765000131232}, {"id": "783045169", "price": 883.65, "amount": 0.02, "side": "sell", "timestamp": 1765000132254}, {"id": "783045170", "price": 883.66, "amount": 7.15, "side": "buy", "timestamp": 1765000132892}, {"id": "783045171", "price": 883.65, "amount": 0.02, "side": "sell", "timestamp": 1765000133278}, {"id": "783045172", "price": 883.66, "amount": 0.11, "side": "buy", "timestamp": 1765000133624}, {"id": "783045173", "price": 883.65, "amount": 3.05, "side": "sell", "timestamp": 1765000134301}, {"id": "783045174", "price": 883.64, "amount": 0.07, "side": "sell", "timestamp": 1765000134325}, {"id": "783045175", "price": 883.61, "amount": 0.99, "side": "sell", "timestamp": 1765000134349}, {"id": "783045176", "price": 883.6, "amount": 0.75, "side": "sell", "timestamp": 1765000134349}, {"id": "783045177", "price": 883.59, "amount": 0.01, "side": "sell", "timestamp": 1765000134358}, {"id": "783045178", "price": 883.58, "amount": 0.03, "side": "sell", "timestamp": 1765000134358}, {"id": "783045179", "price": 883.57, "amount": 0.01, "side": "sell", "timestamp": 1765000134358}, {"id": "783045180", "price": 883.56, "amount": 0.01, "side": "sell", "timestamp": 1765000134360}, {"id": "783045181", "price": 883.55, "amount": 0.02, "side": "sell", "timestamp": 1765000134360}, {"id": "783045182", "price": 883.54, "amount": 0.02, "side": "sell", "timestamp": 1765000134362}, {"id": "783045183", "price": 883.53, "amount": 0.01, "side": "sell", "timestamp": 1765000134406}, {"id": "783045184", "price": 883.52, "amount": 0.04, "side": "sell", "timestamp": 1765000134406}, {"id": "783045185", "price": 883.5, "amount": 0.04, "side": "sell", "timestamp": 1765000134406}, {"id": "783045186", "price": 883.47, "amount": 0.01, "side": "sell", "timestamp": 1765000134636}, {"id": "783045187", "price": 883.48, "amount": 0.13, "side": "buy", "timestamp": 1765000135046}, {"id": "783045188", "price": 883.47, "amount": 0.02, "side": "sell", "timestamp": 1765000135355}, {"id": "783045189", "price": 883.47, "amount": 0.02, "side": "sell", "timestamp": 1765000136377}, {"id": "783045190", "price": 883.47, "amount": 0.02, "side": "sell", "timestamp": 1765000137399}, {"id": "783045191", "price": 883.47, "amount": 0.14, "side": "sell", "timestamp": 1765000137579}, {"id": "783045192", "price": 883.46, "amount": 0.01, "side": "sell", "timestamp": 1765000137579}, {"id": "783045193", "price": 883.45, "amount": 0.02, "side": "sell", "timestamp": 1765000138425}, {"id": "783045194", "price": 883.44, "amount": 1.09, "side": "sell", "timestamp": 1765000138456}, {"id": "783045195", "price": 883.45, "amount": 0.09, "side": "buy", "timestamp": 1765000139044}, {"id": "783045196", "price": 883.44, "amount": 0.02, "side": "sell", "timestamp": 1765000139447}, {"id": "783045197", "price": 883.44, "amount": 0.02, "side": "sell", "timestamp": 1765000140469}, {"id": "783045198", "price": 883.45, "amount": 0.04, "side": "buy", "timestamp": 1765000141081}, {"id": "783045199", "price": 883.45, "amount": 0.04, "side": "buy", "timestamp": 1765000141430}, {"id": "783045200", "price": 883.44, "amount": 0.02, "side": "sell", "timestamp": 1765000141495}, {"id": "783045201", "price": 883.44, "amount": 0.02, "side": "sell", "timestamp": 1765000141662}, {"id": "783045202", "price": 883.44, "amount": 0.27, "side": "sell", "timestamp": 1765000141778}, {"id": "783045203", "price": 883.43, "amount": 0.02, "side": "sell", "timestamp": 1765000141778}, {"id": "783045204", "price": 883.41, "amount": 0.02, "side": "sell", "timestamp": 1765000141778}, {"id": "783045205", "price": 883.4, "amount": 0.01, "side": "sell", "timestamp": 1765000141778}, {"id": "783045206", "price": 883.39, "amount": 0.84, "side": "sell", "timestamp": 1765000141778}, {"id": "783045207", "price": 883.4, "amount": 0.51, "side": "buy", "timestamp": 1765000141789}, {"id": "783045208", "price": 883.39, "amount": 0.31, "side": "sell", "timestamp": 1765000141952}, {"id": "783045209", "price": 883.39, "amount": 0.01, "side": "sell", "timestamp": 1765000142343}, {"id": "783045210", "price": 883.4, "amount": 0.07, "side": "buy", "timestamp": 1765000142382}, {"id": "783045211", "price": 883.39, "amount": 0.03, "side": "sell", "timestamp": 1765000142506}, {"id": "783045212", "price": 883.39, "amount": 0.06, "side": "sell", "timestamp": 1765000143150}, {"id": "783045213", "price": 883.39, "amount": 0.02, "side": "sell", "timestamp": 1765000143529}, {"id": "783045214", "price": 883.4, "amount": 1.6, "side": "buy", "timestamp": 1765000143619}, {"id": "783045343", "price": 883.73, "amount": 2.76, "side": "buy", "timestamp": 1765000187892}, {"id": "783045344", "price": 883.74, "amount": 0.44, "side": "buy", "timestamp": 1765000187896}, {"id": "783045345", "price": 883.73, "amount": 0.02, "side": "sell", "timestamp": 1765000188499}, {"id": "783045346", "price": 883.73, "amount": 0.02, "side": "sell", "timestamp": 1765000188800}, {"id": "783045347", "price": 883.74, "amount": 0.55, "side": "buy", "timestamp": 1765000188859}, {"id": "783045348", "price": 883.73, "amount": 1.99, "side": "sell", "timestamp": 1765000189137}, {"id": "783045349", "price": 883.71, "amount": 0.3, "side": "sell", "timestamp": 1765000189137}, {"id": "783045350", "price": 883.68, "amount": 0.01, "side": "sell", "timestamp": 1765000189137}, {"id": "783045351", "price": 883.67, "amount": 3.24, "side": "sell", "timestamp": 1765000189137}, {"id": "783045352", "price": 883.66, "amount": 0.01, "side": "sell", "timestamp": 1765000189137}, {"id": "783045353", "price": 883.65, "amount": 4.07, "side": "sell", "timestamp": 1765000189137}, {"id": "783045354", "price": 883.64, "amount": 14.23, "side": "sell", "timestamp": 1765000189137}, {"id": "783045355", "price": 883.63, "amount": 7.66, "side": "sell", "timestamp": 1765000189137}, {"id": "783045356", "price": 883.62, "amount": 3.09, "side": "sell", "timestamp": 1765000189137}, {"id": "783045357", "price": 883.61, "amount": 5.05, "side": "sell", "timestamp": 1765000189137}, {"id": "783045358", "price": 883.6, "amount": 0.49, "side": "sell", "timestamp": 1765000189137}, {"id": "783045359", "price": 883.59, "amount": 4.24, "side": "sell", "timestamp": 1765000189137}, {"id": "783045360", "price": 883.58, "amount": 5.42, "side": "sell", "timestamp": 1765000189137}, {"id": "783045361", "price": 883.57, "amount": 8.23, "side": "sell", "timestamp": 1765000189137}, {"id": "783045362", "price": 883.56, "amount": 8.51, "side": "sell", "timestamp": 1765000189137}, {"id": "783045363", "price": 883.55, "amount": 9.71, "side": "sell", "timestamp": 1765000189137}, {"id": "783045364", "price": 883.54, "amount": 8.3, "side": "sell", "timestamp": 1765000189137}, {"id": "783045365", "price": 883.53, "amount": 7.95, "side": "sell", "timestamp": 1765000189137}, {"id": "783045366", "price": 883.52, "amount": 13.03, "side": "sell", "timestamp": 1765000189137}, {"id": "783045367", "price": 883.51, "amount": 3.97, "side": "sell", "timestamp": 1765000189137}, {"id": "783045368", "price": 883.5, "amount": 0.02, "side": "sell", "timestamp": 1765000189137}, {"id": "783045369", "price": 883.49, "amount": 0.7, "side": "sell", "timestamp": 1765000189137}, {"id": "783045370", "price": 883.55, "amount": 0.02, "side": "buy", "timestamp": 1765000189147}, {"id": "783045371", "price": 883.59, "amount": 5.67, "side": "sell", "timestamp": 1765000189459}, {"id": "783045372", "price": 883.58, "amount": 0.02, "side": "sell", "timestamp": 1765000189459}, {"id": "783045373", "price": 883.55, "amount": 0.02, "side": "sell", "timestamp": 1765000189543}, {"id": "783045374", "price": 883.56, "amount": 0.05, "side": "buy", "timestamp": 1765000189851}, {"id": "783045375", "price": 883.55, "amount": 0.02, "side": "sell", "timestamp": 1765000190566}, {"id": "783045376", "price": 883.56, "amount": 1.0, "side": "buy", "timestamp": 1765000190617}, {"id": "783045377", "price": 883.55, "amount": 0.03, "side": "sell", "timestamp": 1765000190817}, {"id": "783045378", "price": 883.55, "amount": 0.02, "side": "sell", "timestamp": 1765000191589}, {"id": "783045379", "price": 883.56, "amount": 12.13, "side": "buy", "timestamp": 1765000191852}, {"id": "783045380", "price": 883.56, "amount": 15.1, "side": "buy", "timestamp": 1765000192110}, {"id": "783045381", "price": 883.57, "amount": 14.9, "side": "buy", "timestamp": 1765000192110}, {"id": "783045382", "price": 883.58, "amount": 24.81, "side": "buy", "timestamp": 1765000192110}, {"id": "783045383", "price": 883.59, "amount": 5.39, "side": "buy", "timestamp": 1765000192110}, {"id": "783045384", "price": 883.6, "amount": 13.43, "side": "buy", "timestamp": 1765000192110}, {"id": "783045385", "price": 883.61, "amount": 15.28, "side": "buy", "timestamp": 1765000192110}, {"id": "783045386", "price": 883.62, "amount": 2.26, "side": "buy", "timestamp": 1765000192110}, {"id": "783045387", "price": 883.63, "amount": 8.83, "side": "buy", "timestamp": 1765000192110}, {"id": "783045388", "price": 883.6, "amount": 0.01, "side": "sell", "timestamp": 1765000192190}, {"id": "783045389", "price": 883.56, "amount": 0.09, "side": "sell", "timestamp": 1765000192610}, {"id": "783045390", "price": 883.55, "amount": 0.01, "side": "sell", "timestamp": 1765000193015}, {"id": "783045391", "price": 883.55, "amount": 0.02, "side": "sell", "timestamp": 1765000193634}, {"id": "783045392", "price": 883.55, "amount": 0.02, "side": "sell", "timestamp": 1765000194656}, {"id": "783045490", "price": 883.78, "amount": 0.03, "side": "sell", "timestamp": 1765000226152}, {"id": "783045491", "price": 883.78, "amount": 0.01, "side": "sell", "timestamp": 1765000226285}, {"id": "783045492", "price": 883.78, "amount": 0.02, "side": "sell", "timestamp": 1765000226592}, {"id": "783045493", "price": 883.78, "amount": 0.02, "side": "sell", "timestamp": 1765000227707}, {"id": "783045494", "price": 883.78, "amount": 0.02, "side": "sell", "timestamp": 1765000228783}, {"id": "783045495", "price": 883.78, "amount": 0.02, "side": "sell", "timestamp": 1765000229825}, {"id": "783045496", "price": 883.79, "amount": 12.06, "side": "buy", "timestamp": 1765000230039}, {"id": "783045497", "price": 883.79, "amount": 0.5, "side": "buy", "timestamp": 1765000230496}, {"id": "783045498", "price": 883.78, "amount": 0.02, "side": "sell", "timestamp": 1765000230836}, {"id": "783045499", "price": 883.79, "amount": 1.07, "side": "buy", "timestamp": 1765000231132}, {"id": "783045500", "price": 883.78, "amount": 0.02, "side": "sell", "timestamp": 1765000231913}, {"id": "783045501", "price": 883.78, "amount": 0.16, "side": "sell", "timestamp": 1765000232342}, {"id": "783045502", "price": 883.78, "amount": 0.01, "side": "sell", "timestamp": 1765000232515}, {"id": "783045503", "price": 883.78, "amount": 0.02, "side": "sell", "timestamp": 1765000232961}, {"id": "783045504", "price": 883.78, "amount": 0.02, "side": "sell", "timestamp": 1765000233971}, {"id": "783045505", "price": 883.78, "amount": 0.05, "side": "sell", "timestamp": 1765000234984}, {"id": "783045506", "price": 883.79, "amount": 0.03, "side": "buy", "timestamp": 1765000235021}, {"id": "783045507", "price": 883.79, "amount": 0.06, "side": "buy", "timestamp": 1765000235327}, {"id": "783045508", "price": 883.78, "amount": 0.02, "side": "sell", "timestamp": 1765000236054}, {"id": "783045509", "price": 883.78, "amount": 0.02, "side": "sell", "timestamp": 1765000237135}, {"id": "783045510", "price": 883.78, "amount": 3.74, "side": "sell", "timestamp": 1765000238122}, {"id": "783045511", "price": 883.76, "amount": 0.01, "side": "sell", "timestamp": 1765000238128}, {"id": "783045512", "price": 883.74, "amount": 1.02, "side": "sell", "timestamp": 1765000238172}, {"id": "783045513", "price": 883.72, "amount": 0.03, "side": "sell", "timestamp": 1765000238186}, {"id": "783045514", "price": 883.71, "amount": 0.03, "side": "sell", "timestamp": 1765000238186}, {"id": "783045515", "price": 883.7, "amount": 0.02, "side": "sell", "timestamp": 1765000238186}, {"id": "783045516", "price": 883.69, "amount": 0.02, "side": "sell", "timestamp": 1765000238186}, {"id": "783045517", "price": 883.69, "amount": 0.33, "side": "buy", "timestamp": 1765000238211}, {"id": "783045518", "price": 883.68, "amount": 0.01, "side": "sell", "timestamp": 1765000238266}, {"id": "783045519", "price": 883.67, "amount": 0.01, "side": "sell", "timestamp": 1765000238266}, {"id": "783045520", "price": 883.67, "amount": 0.02, "side": "sell", "timestamp": 1765000239316}, {"id": "783045521", "price": 883.67, "amount": 0.01, "side": "sell", "timestamp": 1765000239518}, {"id": "783045522", "price": 883.68, "amount": 0.01, "side": "buy", "timestamp": 1765000239694}, {"id": "783045523", "price": 883.67, "amount": 0.11, "side": "sell", "timestamp": 1765000239748}, {"id": "783045524", "price": 883.67, "amount": 0.02, "side": "sell", "timestamp": 1765000240341}, {"id": "783045525", "price": 883.67, "amount": 0.03, "side": "sell", "timestamp": 1765000240535}, {"id": "783045526", "price": 883.68, "amount": 0.12, "side": "buy", "timestamp": 1765000240577}, {"id": "783045527", "price": 883.68, "amount": 0.03, "side": "buy", "timestamp": 1765000240812}, {"id": "783045528", "price": 883.67, "amount": 0.02, "side": "sell", "timestamp": 1765000241365}, {"id": "783045529", "price": 883.67, "amount": 0.03, "side": "sell", "timestamp": 1765000242018}, {"id": "783045530", "price": 883.68, "amount": 0.12, "side": "buy", "timestamp": 1765000242052}, {"id": "783045531", "price": 883.67, "amount": 0.01, "side": "sell", "timestamp": 1765000242088}, {"id": "783045532", "price": 883.67, "amount": 0.02, "side": "sell", "timestamp": 1765000242435}, {"id": "783045533", "price": 883.68, "amount": 5.53, "side": "buy", "timestamp": 1765000242892}, {"id": "783045534", "price": 883.67, "amount": 0.02, "side": "sell", "timestamp": 1765000243444}, {"id": "783045535", "price": 883.67, "amount": 0.02, "side": "sell", "timestamp": 1765000244464}, {"id": "783045536", "price": 883.67, "amount": 0.02, "side": "sell", "timestamp": 1765000245560}, {"id": "783045537", "price": 883.67, "amount": 0.01, "side": "sell", "timestamp": 1765000245831}, {"id": "783045538", "price": 883.67, "amount": 0.02, "side": "sell", "timestamp": 1765000246632}, {"id": "783045539", "price": 883.67, "amount": 0.02, "side": "sell", "timestamp": 1765000247644}, {"id": "783045628", "price": 883.86, "amount": 0.02, "side": "sell", "timestamp": 1765000282687}, {"id": "783045629", "price": 883.87, "amount": 0.12, "side": "buy", "timestamp": 1765000282732}, {"id": "783045630", "price": 883.87, "amount": 0.01, "side": "buy", "timestamp": 1765000282930}, {"id": "783045631", "price": 883.86, "amount": 0.01, "side": "sell", "timestamp": 1765000283060}, {"id": "783045632", "price": 883.86, "amount": 0.02, "side": "sell", "timestamp": 1765000283762}, {"id": "783045633", "price": 883.87, "amount": 0.21, "side": "buy", "timestamp": 1765000284668}, {"id": "783045634", "price": 883.88, "amount": 0.49, "side": "buy", "timestamp": 1765000284669}, {"id": "783045635", "price": 883.89, "amount": 0.35, "side": "buy", "timestamp": 1765000284670}, {"id": "783045636", "price": 883.9, "amount": 0.23, "side": "buy", "timestamp": 1765000284670}, {"id": "783045637", "price": 883.91, "amount": 0.03, "side": "buy", "timestamp": 1765000284670}, {"id": "783045638", "price": 883.92, "amount": 0.04, "side": "buy", "timestamp": 1765000284670}, {"id": "783045639", "price": 883.94, "amount": 0.05, "side": "buy", "timestamp": 1765000284673}, {"id": "783045640", "price": 883.95, "amount": 0.58, "side": "buy", "timestamp": 1765000284673}, {"id": "783045641", "price": 883.95, "amount": 0.02, "side": "sell", "timestamp": 1765000284771}, {"id": "783045642", "price": 883.96, "amount": 0.03, "side": "buy", "timestamp": 1765000284914}, {"id": "783045643", "price": 883.95, "amount": 0.02, "side": "sell", "timestamp": 1765000285843}, {"id": "783045644", "price": 883.95, "amount": 0.02, "side": "sell", "timestamp": 1765000286857}, {"id": "783045645", "price": 883.96, "amount": 2.45, "side": "buy", "timestamp": 1765000287145}, {"id": "783045646", "price": 883.97, "amount": 0.48, "side": "buy", "timestamp": 1765000287148}, {"id": "783045647", "price": 883.98, "amount": 0.01, "side": "buy", "timestamp": 1765000287150}, {"id": "783045648", "price": 883.99, "amount": 0.13, "side": "buy", "timestamp": 1765000287150}, {"id": "783045649", "price": 883.99, "amount": 0.02, "side": "sell", "timestamp": 1765000287865}, {"id": "783045650", "price": 883.99, "amount": 0.05, "side": "sell", "timestamp": 1765000288463}, {"id": "783045651", "price": 883.99, "amount": 0.02, "side": "sell", "timestamp": 1765000288735}, {"id": "783045652", "price": 883.99, "amount": 0.02, "side": "sell", "timestamp": 1765000288924}, {"id": "783045653", "price": 883.99, "amount": 0.01, "side": "sell", "timestamp": 1765000289855}, {"id": "783045654", "price": 884.0, "amount": 0.01, "side": "buy", "timestamp": 1765000289958}, {"id": "783045655", "price": 883.99, "amount": 0.02, "side": "sell", "timestamp": 1765000290002}, {"id": "783045656", "price": 883.99, "amount": 0.02, "side": "sell", "timestamp": 1765000291056}, {"id": "783045657", "price": 884.0, "amount": 15.62, "side": "buy", "timestamp": 1765000291067}, {"id": "783045658", "price": 884.01, "amount": 6.5, "side": "buy", "timestamp": 1765000291068}, {"id": "783045659", "price": 884.01, "amount": 0.03, "side": "buy", "timestamp": 1765000291860}, {"id": "783045660", "price": 884.0, "amount": 0.02, "side": "sell", "timestamp": 1765000292122}, {"id": "783045661", "price": 884.0, "amount": 0.03, "side": "sell", "timestamp": 1765000293130}, {"id": "783045662", "price": 884.0, "amount": 0.02, "side": "sell", "timestamp": 1765000294191}, {"id": "783045663", "price": 884.01, "amount": 2.0, "side": "buy", "timestamp": 1765000294583}, {"id": "783045664", "price": 884.01, "amount": 0.31, "side": "buy", "timestamp": 1765000294988}, {"id": "783045665", "price": 884.0, "amount": 0.29, "side": "sell", "timestamp": 1765000295032}, {"id": "783045666", "price": 884.0, "amount": 0.02, "side": "sell", "timestamp": 1765000295207}, {"id": "783045667", "price": 884.01, "amount": 0.03, "side": "buy", "timestamp": 1765000295295}, {"id": "783045668", "price": 884.0, "amount": 0.01, "side": "sell", "timestamp": 1765000295665}, {"id": "783045669", "price": 884.01, "amount": 5.02, "side": "buy", "timestamp": 1765000295902}, {"id": "783045670", "price": 884.0, "amount": 0.02, "side": "sell", "timestamp": 1765000296231}, {"id": "783045671", "price": 884.0, "amount": 0.03, "side": "sell", "timestamp": 1765000297064}, {"id": "783045672", "price": 884.0, "amount": 0.02, "side": "sell", "timestamp": 1765000297259}, {"id": "783045673", "price": 884.01, "amount": 1.34, "side": "buy", "timestamp": 1765000297539}, {"id": "783045674", "price": 884.01, "amount": 4.95, "side": "buy", "timestamp": 1765000297892}, {"id": "783045675", "price": 884.01, "amount": 0.07, "side": "buy", "timestamp": 1765000298134}, {"id": "783045676", "price": 884.0, "amount": 0.02, "side": "sell", "timestamp": 1765000298278}, {"id": "783045677", "price": 884.0, "amount": 0.02, "side": "sell", "timestamp": 1765000299300}, {"id": "783045748", "price": 883.79, "amount": 0.44, "side": "sell", "timestamp": 1765000325461}, {"id": "783045749", "price": 883.78, "amount": 0.03, "side": "sell", "timestamp": 1765000325461}, {"id": "783045750", "price": 883.77, "amount": 0.01, "side": "sell", "timestamp": 1765000325461}, {"id": "783045751", "price": 883.76, "amount": 0.19, "side": "sell", "timestamp": 1765000325461}, {"id": "783045752", "price": 883.75, "amount": 0.12, "side": "sell", "timestamp": 1765000325461}, {"id": "783045753", "price": 883.74, "amount": 0.03, "side": "sell", "timestamp": 1765000325461}, {"id": "783045754", "price": 883.73, "amount": 0.01, "side": "sell", "timestamp": 1765000325461}, {"id": "783045755", "price": 883.72, "amount": 0.02, "side": "sell", "timestamp": 1765000325461}, {"id": "783045756", "price": 883.71, "amount": 1.12, "side": "sell", "timestamp": 1765000325461}, {"id": "783045757", "price": 883.71, "amount": 0.02, "side": "sell", "timestamp": 1765000325750}, {"id": "783045758", "price": 883.71, "amount": 0.02, "side": "sell", "timestamp": 1765000326773}, {"id": "783045759", "price": 883.71, "amount": 0.09, "side": "sell", "timestamp": 1765000327578}, {"id": "783045760", "price": 883.7, "amount": 0.02, "side": "sell", "timestamp": 1765000327783}, {"id": "783045761", "price": 883.7, "amount": 0.02, "side": "sell", "timestamp": 1765000328816}, {"id": "783045762", "price": 883.7, "amount": 0.02, "side": "sell", "timestamp": 1765000329850}, {"id": "783045763", "price": 883.7, "amount": 0.01, "side": "sell", "timestamp": 1765000329957}, {"id": "783045764", "price": 883.71, "amount": 1.25, "side": "buy", "timestamp": 1765000330147}, {"id": "783045765", "price": 883.7, "amount": 0.02, "side": "sell", "timestamp": 1765000330917}, {"id": "783045766", "price": 883.71, "amount": 0.14, "side": "buy", "timestamp": 1765000331078}, {"id": "783045767", "price": 883.7, "amount": 0.01, "side": "sell", "timestamp": 1765000331663}, {"id": "783045768", "price": 883.7, "amount": 0.02, "side": "sell", "timestamp": 1765000331955}, {"id": "783045769", "price": 883.7, "amount": 0.02, "side": "sell", "timestamp": 1765000333066}, {"id": "783045770", "price": 883.7, "amount": 0.02, "side": "sell", "timestamp": 1765000334092}, {"id": "783045771", "price": 883.7, "amount": 0.03, "side": "sell", "timestamp": 1765000335009}, {"id": "783045772", "price": 883.7, "amount": 0.03, "side": "sell", "timestamp": 1765000335342}, {"id": "783045773", "price": 883.7, "amount": 0.01, "side": "sell", "timestamp": 1765000335962}, {"id": "783045774", "price": 883.7, "amount": 0.02, "side": "sell", "timestamp": 1765000336117}, {"id": "783045775", "price": 883.71, "amount": 0.03, "side": "buy", "timestamp": 1765000336164}, {"id": "783045776", "price": 883.7, "amount": 0.04, "side": "sell", "timestamp": 1765000337132}, {"id": "783045777", "price": 883.7, "amount": 0.03, "side": "sell", "timestamp": 1765000337384}, {"id": "783045778", "price": 883.7, "amount": 0.02, "side": "sell", "timestamp": 1765000338212}, {"id": "783045779", "price": 883.7, "amount": 0.02, "side": "sell", "timestamp": 1765000339262}, {"id": "783045780", "price": 883.71, "amount": 0.07, "side": "buy", "timestamp": 1765000339893}, {"id": "783045781", "price": 883.7, "amount": 0.01, "side": "sell", "timestamp": 1765000340022}, {"id": "783045782", "price": 883.7, "amount": 0.02, "side": "sell", "timestamp": 1765000340286}, {"id": "783045783", "price": 883.7, "amount": 0.02, "side": "sell", "timestamp": 1765000341310}, {"id": "783045784", "price": 883.7, "amount": 0.03, "side": "sell", "timestamp": 1765000342322}, {"id": "783045785", "price": 883.7, "amount": 0.02, "side": "sell", "timestamp": 1765000343337}, {"id": "783045786", "price": 883.7, "amount": 0.02, "side": "sell", "timestamp": 1765000344346}, {"id": "783045787", "price": 883.7, "amount": 0.04, "side": "sell", "timestamp": 1765000344732}, {"id": "783045788", "price": 883.7, "amount": 0.01, "side": "sell", "timestamp": 1765000344912}, {"id": "783045789", "price": 883.7, "amount": 0.02, "side": "sell", "timestamp": 1765000345360}, {"id": "783045790", "price": 883.7, "amount": 0.02, "side": "sell", "timestamp": 1765000346371}, {"id": "783045791", "price": 883.7, "amount": 0.02, "side": "sell", "timestamp": 1765000347381}, {"id": "783045792", "price": 883.7, "amount": 0.02, "side": "sell", "timestamp": 1765000347723}, {"id": "783045793", "price": 883.71, "amount": 3.82, "side": "buy", "timestamp": 1765000347892}, {"id": "783045794", "price": 883.7, "amount": 0.02, "side": "sell", "timestamp": 1765000348391}, {"id": "783045795", "price": 883.7, "amount": 0.01, "side": "sell", "timestamp": 1765000348618}, {"id": "783045796", "price": 883.7, "amount": 0.02, "side": "sell", "timestamp": 1765000349405}, {"id": "783045797", "price": 883.7, "amount": 0.02, "side": "sell", "timestamp": 1765000350414}, {"id": "783045941", "price": 883.94, "amount": 0.01, "side": "buy", "timestamp": 1765000380802}, {"id": "783045942", "price": 883.95, "amount": 0.03, "side": "buy", "timestamp": 1765000380802}, {"id": "783045943", "price": 883.95, "amount": 0.02, "side": "sell", "timestamp": 1765000381418}, {"id": "783045944", "price": 883.95, "amount": 0.02, "side": "sell", "timestamp": 1765000382446}, {"id": "783045945", "price": 883.95, "amount": 0.02, "side": "sell", "timestamp": 1765000383455}, {"id": "783045946", "price": 883.95, "amount": 0.02, "side": "sell", "timestamp": 1765000384463}, {"id": "783045947", "price": 883.95, "amount": 0.02, "side": "sell", "timestamp": 1765000385484}, {"id": "783045948", "price": 883.95, "amount": 0.01, "side": "sell", "timestamp": 1765000386267}, {"id": "783045949", "price": 883.95, "amount": 0.02, "side": "sell", "timestamp": 1765000386494}, {"id": "783045950", "price": 883.95, "amount": 5.02, "side": "sell", "timestamp": 1765000387503}, {"id": "783045951", "price": 883.94, "amount": 5.1, "side": "sell", "timestamp": 1765000387594}, {"id": "783045952", "price": 883.93, "amount": 0.13, "side": "sell", "timestamp": 1765000387598}, {"id": "783045953", "price": 883.92, "amount": 0.01, "side": "sell", "timestamp": 1765000387599}, {"id": "783045954", "price": 883.91, "amount": 0.04, "side": "sell", "timestamp": 1765000387603}, {"id": "783045955", "price": 883.91, "amount": 0.04, "side": "buy", "timestamp": 1765000388042}, {"id": "783045956", "price": 883.9, "amount": 0.02, "side": "sell", "timestamp": 1765000388513}, {"id": "783045957", "price": 883.91, "amount": 0.05, "side": "buy", "timestamp": 1765000388906}, {"id": "783045958", "price": 883.9, "amount": 0.02, "side": "sell", "timestamp": 1765000389523}, {"id": "783045959", "price": 883.9, "amount": 0.01, "side": "sell", "timestamp": 1765000389943}, {"id": "783045960", "price": 883.9, "amount": 0.02, "side": "sell", "timestamp": 1765000390531}, {"id": "783045961", "price": 883.91, "amount": 0.06, "side": "buy", "timestamp": 1765000390537}, {"id": "783045962", "price": 883.9, "amount": 0.02, "side": "sell", "timestamp": 1765000391543}, {"id": "783045963", "price": 883.91, "amount": 0.03, "side": "buy", "timestamp": 1765000392315}, {"id": "783045964", "price": 883.9, "amount": 0.01, "side": "sell", "timestamp": 1765000392441}, {"id": "783045965", "price": 883.9, "amount": 0.02, "side": "sell", "timestamp": 1765000392590}, {"id": "783045966", "price": 883.91, "amount": 4.45, "side": "buy", "timestamp": 1765000392892}, {"id": "783045967", "price": 883.9, "amount": 0.02, "side": "sell", "timestamp": 1765000393600}, {"id": "783045968", "price": 883.91, "amount": 0.08, "side": "buy", "timestamp": 1765000393957}, {"id": "783045969", "price": 883.9, "amount": 0.01, "side": "sell", "timestamp": 1765000394459}, {"id": "783045970", "price": 883.9, "amount": 0.02, "side": "sell", "timestamp": 1765000394642}, {"id": "783045971", "price": 883.9, "amount": 0.02, "side": "sell", "timestamp": 1765000395701}, {"id": "783045972", "price": 883.91, "amount": 0.06, "side": "buy", "timestamp": 1765000396671}, {"id": "783045973", "price": 883.9, "amount": 0.02, "side": "sell", "timestamp": 1765000396726}, {"id": "783045974", "price": 883.9, "amount": 0.01, "side": "sell", "timestamp": 1765000397441}, {"id": "783045975", "price": 883.9, "amount": 0.02, "side": "sell", "timestamp": 1765000397748}, {"id": "783045976", "price": 883.91, "amount": 1.79, "side": "buy", "timestamp": 1765000397977}, {"id": "783045977", "price": 883.92, "amount": 0.02, "side": "buy", "timestamp": 1765000397977}, {"id": "783045978", "price": 883.95, "amount": 0.01, "side": "buy", "timestamp": 1765000397977}, {"id": "783045979", "price": 883.96, "amount": 3.31, "side": "buy", "timestamp": 1765000397977}, {"id": "783045980", "price": 883.95, "amount": 0.05, "side": "sell", "timestamp": 1765000398703}, {"id": "783045981", "price": 883.96, "amount": 0.03, "side": "buy", "timestamp": 1765000399294}, {"id": "783045982", "price": 883.95, "amount": 0.02, "side": "sell", "timestamp": 1765000399779}, {"id": "783045983", "price": 883.96, "amount": 0.01, "side": "buy", "timestamp": 1765000399892}, {"id": "783045984", "price": 883.96, "amount": 0.01, "side": "buy", "timestamp": 1765000400036}, {"id": "783045985", "price": 883.96, "amount": 3.39, "side": "buy", "timestamp": 1765000400665}, {"id": "783045986", "price": 883.95, "amount": 0.02, "side": "sell", "timestamp": 1765000400680}, {"id": "783045987", "price": 883.95, "amount": 0.02, "side": "sell", "timestamp": 1765000400803}, {"id": "783045988", "price": 883.95, "amount": 0.02, "side": "sell", "timestamp": 1765000401155}, {"id": "783045989", "price": 883.96, "amount": 0.03, "side": "buy", "timestamp": 1765000401298}, {"id": "783045990", "price": 883.95, "amount": 0.02, "side": "sell", "timestamp": 1765000401823}, {"id": "783046062", "price": 884.03, "amount": 0.02, "side": "sell", "timestamp": 1765000432458}, {"id": "783046063", "price": 884.04, "amount": 1.39, "side": "buy", "timestamp": 1765000432892}, {"id": "783046064", "price": 884.07, "amount": 0.3, "side": "buy", "timestamp": 1765000432892}, {"id": "783046065", "price": 884.08, "amount": 0.01, "side": "buy", "timestamp": 1765000432892}, {"id": "783046066", "price": 884.09, "amount": 0.06, "side": "buy", "timestamp": 1765000432892}, {"id": "783046067", "price": 884.1, "amount": 1.24, "side": "buy", "timestamp": 1765000432892}, {"id": "783046068", "price": 884.11, "amount": 2.94, "side": "buy", "timestamp": 1765000432892}, {"id": "783046069", "price": 884.1, "amount": 1.44, "side": "sell", "timestamp": 1765000433399}, {"id": "783046070", "price": 884.08, "amount": 0.02, "side": "sell", "timestamp": 1765000433480}, {"id": "783046071", "price": 884.08, "amount": 5.16, "side": "sell", "timestamp": 1765000433909}, {"id": "783046072", "price": 884.05, "amount": 0.03, "side": "buy", "timestamp": 1765000434329}, {"id": "783046073", "price": 884.04, "amount": 0.02, "side": "sell", "timestamp": 1765000434511}, {"id": "783046074", "price": 884.04, "amount": 0.02, "side": "sell", "timestamp": 1765000435533}, {"id": "783046075", "price": 884.04, "amount": 0.02, "side": "sell", "timestamp": 1765000436558}, {"id": "783046076", "price": 884.05, "amount": 4.3, "side": "buy", "timestamp": 1765000436659}, {"id": "783046077", "price": 884.04, "amount": 0.02, "side": "sell", "timestamp": 1765000437566}, {"id": "783046078", "price": 884.04, "amount": 0.02, "side": "sell", "timestamp": 1765000438587}, {"id": "783046079", "price": 884.04, "amount": 0.03, "side": "sell", "timestamp": 1765000439610}, {"id": "783046080", "price": 884.04, "amount": 0.02, "side": "sell", "timestamp": 1765000440619}, {"id": "783046081", "price": 884.04, "amount": 0.02, "side": "sell", "timestamp": 1765000441628}, {"id": "783046082", "price": 884.04, "amount": 20.02, "side": "sell", "timestamp": 1765000442652}, {"id": "783046083", "price": 884.05, "amount": 0.26, "side": "buy", "timestamp": 1765000442774}, {"id": "783046084", "price": 884.04, "amount": 0.01, "side": "sell", "timestamp": 1765000443247}, {"id": "783046085", "price": 884.05, "amount": 0.01, "side": "buy", "timestamp": 1765000443261}, {"id": "783046086", "price": 884.04, "amount": 0.02, "side": "sell", "timestamp": 1765000443675}, {"id": "783046087", "price": 884.04, "amount": 0.02, "side": "sell", "timestamp": 1765000444685}, {"id": "783046088", "price": 884.04, "amount": 0.02, "side": "sell", "timestamp": 1765000445708}, {"id": "783046089", "price": 884.04, "amount": 0.02, "side": "sell", "timestamp": 1765000446741}, {"id": "783046090", "price": 884.04, "amount": 3.77, "side": "sell", "timestamp": 1765000447742}, {"id": "783046091", "price": 884.03, "amount": 2.06, "side": "sell", "timestamp": 1765000447744}, {"id": "783046092", "price": 884.02, "amount": 0.1, "side": "sell", "timestamp": 1765000447745}, {"id": "783046093", "price": 884.01, "amount": 0.02, "side": "sell", "timestamp": 1765000447745}, {"id": "783046094", "price": 884.0, "amount": 0.02, "side": "sell", "timestamp": 1765000447751}, {"id": "783046095", "price": 884.0, "amount": 0.02, "side": "sell", "timestamp": 1765000448840}, {"id": "783046096", "price": 884.0, "amount": 0.03, "side": "sell", "timestamp": 1765000448968}, {"id": "783046097", "price": 884.01, "amount": 0.44, "side": "buy", "timestamp": 1765000449179}, {"id": "783046098", "price": 884.0, "amount": 0.04, "side": "sell", "timestamp": 1765000449896}, {"id": "783046099", "price": 884.01, "amount": 0.01, "side": "buy", "timestamp": 1765000450455}, {"id": "783046100", "price": 884.0, "amount": 0.05, "side": "sell", "timestamp": 1765000450478}, {"id": "783046101", "price": 884.01, "amount": 27.07, "side": "buy", "timestamp": 1765000450889}, {"id": "783046102", "price": 884.02, "amount": 12.29, "side": "buy", "timestamp": 1765000450889}, {"id": "783046103", "price": 884.02, "amount": 0.02, "side": "sell", "timestamp": 1765000450969}, {"id": "783046104", "price": 884.02, "amount": 0.1, "side": "sell", "timestamp": 1765000451532}, {"id": "783046105", "price": 884.02, "amount": 0.02, "side": "sell", "timestamp": 1765000452045}, {"id": "783046106", "price": 884.02, "amount": 0.03, "side": "sell", "timestamp": 1765000452643}, {"id": "783046107", "price": 884.02, "amount": 0.02, "side": "sell", "timestamp": 1765000453086}, {"id": "783046108", "price": 884.02, "amount": 0.02, "side": "sell", "timestamp": 1765000454111}, {"id": "783046109", "price": 884.03, "amount": 1.07, "side": "buy", "timestamp": 1765000454320}, {"id": "783046110", "price": 884.04, "amount": 0.01, "side": "buy", "timestamp": 1765000454320}, {"id": "783046111", "price": 884.05, "amount": 1.92, "side": "buy", "timestamp": 1765000454320}, {"id": "783046170", "price": 884.15, "amount": 0.03, "side": "buy", "timestamp": 1765000478823}, {"id": "783046171", "price": 884.14, "amount": 0.81, "side": "sell", "timestamp": 1765000479040}, {"id": "783046172", "price": 884.1, "amount": 0.02, "side": "sell", "timestamp": 1765000479043}, {"id": "783046173", "price": 884.09, "amount": 0.04, "side": "sell", "timestamp": 1765000479043}, {"id": "783046174", "price": 884.08, "amount": 0.06, "side": "sell", "timestamp": 1765000479070}, {"id": "783046175", "price": 884.05, "amount": 0.01, "side": "sell", "timestamp": 1765000479086}, {"id": "783046176", "price": 884.05, "amount": 0.11, "side": "buy", "timestamp": 1765000479537}, {"id": "783046177", "price": 884.04, "amount": 0.02, "side": "sell", "timestamp": 1765000479741}, {"id": "783046178", "price": 884.04, "amount": 0.02, "side": "sell", "timestamp": 1765000480763}, {"id": "783046179", "price": 884.04, "amount": 0.02, "side": "sell", "timestamp": 1765000481785}, {"id": "783046180", "price": 884.04, "amount": 0.01, "side": "sell", "timestamp": 1765000482012}, {"id": "783046181", "price": 884.05, "amount": 0.2, "side": "buy", "timestamp": 1765000482236}, {"id": "783046182", "price": 884.04, "amount": 0.01, "side": "sell", "timestamp": 1765000482599}, {"id": "783046183", "price": 884.05, "amount": 0.47, "side": "buy", "timestamp": 1765000482730}, {"id": "783046184", "price": 884.04, "amount": 0.02, "side": "sell", "timestamp": 1765000482809}, {"id": "783046185", "price": 884.04, "amount": 0.02, "side": "sell", "timestamp": 1765000483831}, {"id": "783046186", "price": 884.04, "amount": 0.02, "side": "sell", "timestamp": 1765000484856}, {"id": "783046187", "price": 884.05, "amount": 0.07, "side": "buy", "timestamp": 1765000484950}, {"id": "783046188", "price": 884.04, "amount": 0.02, "side": "sell", "timestamp": 1765000485880}, {"id": "783046189", "price": 884.04, "amount": 0.02, "side": "sell", "timestamp": 1765000486904}, {"id": "783046190", "price": 884.05, "amount": 3.46, "side": "buy", "timestamp": 1765000487892}, {"id": "783046191", "price": 884.04, "amount": 0.02, "side": "sell", "timestamp": 1765000487926}, {"id": "783046192", "price": 884.04, "amount": 0.02, "side": "sell", "timestamp": 1765000488950}, {"id": "783046193", "price": 884.04, "amount": 0.02, "side": "sell", "timestamp": 1765000489973}, {"id": "783046194", "price": 884.04, "amount": 0.01, "side": "sell", "timestamp": 1765000490829}, {"id": "783046195", "price": 884.04, "amount": 0.02, "side": "sell", "timestamp": 1765000490998}, {"id": "783046196", "price": 884.04, "amount": 0.02, "side": "sell", "timestamp": 1765000492020}, {"id": "783046197", "price": 884.05, "amount": 0.01, "side": "buy", "timestamp": 1765000492696}, {"id": "783046198", "price": 884.04, "amount": 0.05, "side": "sell", "timestamp": 1765000493005}, {"id": "783046199", "price": 884.04, "amount": 0.02, "side": "sell", "timestamp": 1765000494064}, {"id": "783046200", "price": 884.04, "amount": 0.01, "side": "sell", "timestamp": 1765000494316}, {"id": "783046201", "price": 884.04, "amount": 0.02, "side": "sell", "timestamp": 1765000495086}, {"id": "783046202", "price": 884.04, "amount": 0.02, "side": "sell", "timestamp": 1765000496109}, {"id": "783046203", "price": 884.04, "amount": 0.02, "side": "sell", "timestamp": 1765000497133}, {"id": "783046204", "price": 884.04, "amount": 0.84, "side": "sell", "timestamp": 1765000498157}, {"id": "783046205", "price": 884.04, "amount": 0.02, "side": "sell", "timestamp": 1765000498540}, {"id": "783046206", "price": 884.04, "amount": 0.02, "side": "sell", "timestamp": 1765000499179}, {"id": "783046207", "price": 884.04, "amount": 0.02, "side": "sell", "timestamp": 1765000500202}, {"id": "783046208", "price": 884.04, "amount": 0.02, "side": "sell", "timestamp": 1765000501225}, {"id": "783046209", "price": 884.05, "amount": 0.06, "side": "buy", "timestamp": 1765000501278}, {"id": "783046210", "price": 884.05, "amount": 0.02, "side": "buy", "timestamp": 1765000501788}, {"id": "783046211", "price": 884.04, "amount": 0.01, "side": "sell", "timestamp": 1765000502143}, {"id": "783046212", "price": 884.04, "amount": 0.02, "side": "sell", "timestamp": 1765000502258}, {"id": "783046213", "price": 884.05, "amount": 2.74, "side": "buy", "timestamp": 1765000502892}, {"id": "783046214", "price": 884.04, "amount": 0.02, "side": "sell", "timestamp": 1765000503285}, {"id": "783046215", "price": 884.04, "amount": 0.02, "side": "sell", "timestamp": 1765000504294}, {"id": "783046216", "price": 884.04, "amount": 0.02, "side": "sell", "timestamp": 1765000505317}, {"id": "783046217", "price": 884.04, "amount": 0.03, "side": "sell", "timestamp": 1765000505643}, {"id": "783046218", "price": 884.04, "amount": 0.02, "side": "sell", "timestamp": 1765000506094}, {"id": "783046219", "price": 884.04, "amount": 0.02, "side": "sell", "timestamp": 1765000506343}, {"id": "783046321", "price": 884.24, "amount": 0.01, "side": "buy", "timestamp": 1765000542773}, {"id": "783046322", "price": 884.25, "amount": 0.67, "side": "buy", "timestamp": 1765000542773}, {"id": "783046323", "price": 884.27, "amount": 0.06, "side": "buy", "timestamp": 1765000542773}, {"id": "783046324", "price": 884.28, "amount": 0.04, "side": "buy", "timestamp": 1765000542773}, {"id": "783046325", "price": 884.29, "amount": 0.06, "side": "buy", "timestamp": 1765000542773}, {"id": "783046326", "price": 884.3, "amount": 0.5, "side": "buy", "timestamp": 1765000542773}, {"id": "783046327", "price": 884.31, "amount": 0.05, "side": "buy", "timestamp": 1765000542773}, {"id": "783046328", "price": 884.32, "amount": 0.41, "side": "buy", "timestamp": 1765000542773}, {"id": "783046329", "price": 884.32, "amount": 0.04, "side": "buy", "timestamp": 1765000542921}, {"id": "783046330", "price": 884.33, "amount": 0.01, "side": "buy", "timestamp": 1765000542921}, {"id": "783046331", "price": 884.34, "amount": 0.02, "side": "buy", "timestamp": 1765000542921}, {"id": "783046332", "price": 884.35, "amount": 0.14, "side": "buy", "timestamp": 1765000542992}, {"id": "783046333", "price": 884.36, "amount": 0.02, "side": "buy", "timestamp": 1765000543210}, {"id": "783046334", "price": 884.35, "amount": 0.03, "side": "sell", "timestamp": 1765000543420}, {"id": "783046335", "price": 884.35, "amount": 0.04, "side": "sell", "timestamp": 1765000543553}, {"id": "783046336", "price": 884.35, "amount": 0.02, "side": "sell", "timestamp": 1765000544445}, {"id": "783046337", "price": 884.36, "amount": 0.01, "side": "buy", "timestamp": 1765000544639}, {"id": "783046338", "price": 884.35, "amount": 0.06, "side": "sell", "timestamp": 1765000544702}, {"id": "783046339", "price": 884.35, "amount": 0.02, "side": "sell", "timestamp": 1765000545469}, {"id": "783046340", "price": 884.35, "amount": 0.02, "side": "sell", "timestamp": 1765000546492}, {"id": "783046341", "price": 884.36, "amount": 0.18, "side": "buy", "timestamp": 1765000547312}, {"id": "783046342", "price": 884.35, "amount": 0.02, "side": "sell", "timestamp": 1765000547509}, {"id": "783046343", "price": 884.35, "amount": 0.01, "side": "sell", "timestamp": 1765000547666}, {"id": "783046344", "price": 884.36, "amount": 0.04, "side": "buy", "timestamp": 1765000547838}, {"id": "783046345", "price": 884.35, "amount": 0.02, "side": "sell", "timestamp": 1765000548532}, {"id": "783046346", "price": 884.35, "amount": 1.71, "side": "sell", "timestamp": 1765000549500}, {"id": "783046347", "price": 884.35, "amount": 0.02, "side": "sell", "timestamp": 1765000550583}, {"id": "783046348", "price": 884.36, "amount": 0.06, "side": "buy", "timestamp": 1765000551009}, {"id": "783046349", "price": 884.35, "amount": 0.02, "side": "sell", "timestamp": 1765000551605}, {"id": "783046350", "price": 884.36, "amount": 1.71, "side": "buy", "timestamp": 1765000551768}, {"id": "783046351", "price": 884.35, "amount": 0.02, "side": "sell", "timestamp": 1765000552628}, {"id": "783046352", "price": 884.36, "amount": 4.25, "side": "buy", "timestamp": 1765000552892}, {"id": "783046353", "price": 884.35, "amount": 0.02, "side": "sell", "timestamp": 1765000553652}, {"id": "783046354", "price": 884.35, "amount": 0.02, "side": "sell", "timestamp": 1765000554676}, {"id": "783046355", "price": 884.36, "amount": 1.22, "side": "buy", "timestamp": 1765000555271}, {"id": "783046356", "price": 884.37, "amount": 0.3, "side": "buy", "timestamp": 1765000555271}, {"id": "783046357", "price": 884.39, "amount": 0.71, "side": "buy", "timestamp": 1765000555271}, {"id": "783046358", "price": 884.4, "amount": 0.04, "side": "buy", "timestamp": 1765000555271}, {"id": "783046359", "price": 884.42, "amount": 0.04, "side": "buy", "timestamp": 1765000555271}, {"id": "783046360", "price": 884.43, "amount": 0.04, "side": "buy", "timestamp": 1765000555271}, {"id": "783046361", "price": 884.44, "amount": 0.24, "side": "buy", "timestamp": 1765000555271}, {"id": "783046362", "price": 884.44, "amount": 0.01, "side": "buy", "timestamp": 1765000555377}, {"id": "783046363", "price": 884.43, "amount": 0.02, "side": "sell", "timestamp": 1765000555702}, {"id": "783046364", "price": 884.43, "amount": 0.05, "side": "sell", "timestamp": 1765000556033}, {"id": "783046365", "price": 884.43, "amount": 0.01, "side": "sell", "timestamp": 1765000556613}, {"id": "783046366", "price": 884.43, "amount": 0.02, "side": "sell", "timestamp": 1765000556724}, {"id": "783046367", "price": 884.43, "amount": 0.06, "side": "sell", "timestamp": 1765000557142}, {"id": "783046368", "price": 884.43, "amount": 0.02, "side": "sell", "timestamp": 1765000557733}, {"id": "783046369", "price": 884.44, "amount": 0.03, "side": "buy", "timestamp": 1765000557782}, {"id": "783046370", "price": 884.44, "amount": 0.06, "side": "buy", "timestamp": 1765000557919}, {"id": "783046465", "price": 884.15, "amount": 1.19, "side": "buy", "timestamp": 1765000590109}, {"id": "783046466", "price": 884.14, "amount": 0.01, "side": "sell", "timestamp": 1765000590174}, {"id": "783046467", "price": 884.14, "amount": 0.27, "side": "sell", "timestamp": 1765000590970}, {"id": "783046468", "price": 884.13, "amount": 0.01, "side": "sell", "timestamp": 1765000591039}, {"id": "783046469", "price": 884.11, "amount": 0.05, "side": "sell", "timestamp": 1765000591044}, {"id": "783046470", "price": 884.1, "amount": 0.03, "side": "sell", "timestamp": 1765000591047}, {"id": "783046471", "price": 884.09, "amount": 0.04, "side": "sell", "timestamp": 1765000591047}, {"id": "783046472", "price": 884.08, "amount": 0.01, "side": "sell", "timestamp": 1765000591047}, {"id": "783046473", "price": 884.07, "amount": 0.9, "side": "sell", "timestamp": 1765000591047}, {"id": "783046474", "price": 884.06, "amount": 1.24, "side": "sell", "timestamp": 1765000591047}, {"id": "783046475", "price": 884.06, "amount": 0.28, "side": "sell", "timestamp": 1765000591523}, {"id": "783046476", "price": 884.05, "amount": 0.02, "side": "sell", "timestamp": 1765000591533}, {"id": "783046477", "price": 884.05, "amount": 1.94, "side": "buy", "timestamp": 1765000591904}, {"id": "783046478", "price": 884.04, "amount": 0.02, "side": "sell", "timestamp": 1765000591980}, {"id": "783046479", "price": 884.04, "amount": 0.02, "side": "sell", "timestamp": 1765000592421}, {"id": "783046480", "price": 884.04, "amount": 0.01, "side": "sell", "timestamp": 1765000592680}, {"id": "783046481", "price": 884.05, "amount": 0.06, "side": "buy", "timestamp": 1765000592907}, {"id": "783046482", "price": 884.04, "amount": 0.02, "side": "sell", "timestamp": 1765000593010}, {"id": "783046483", "price": 884.04, "amount": 0.02, "side": "sell", "timestamp": 1765000594034}, {"id": "783046484", "price": 884.05, "amount": 0.01, "side": "buy", "timestamp": 1765000594152}, {"id": "783046485", "price": 884.04, "amount": 0.08, "side": "sell", "timestamp": 1765000594959}, {"id": "783046486", "price": 884.04, "amount": 0.02, "side": "sell", "timestamp": 1765000596081}, {"id": "783046487", "price": 884.04, "amount": 0.02, "side": "sell", "timestamp": 1765000597104}, {"id": "783046488", "price": 884.04, "amount": 0.01, "side": "sell", "timestamp": 1765000597259}, {"id": "783046489", "price": 884.05, "amount": 4.61, "side": "buy", "timestamp": 1765000597892}, {"id": "783046490", "price": 884.04, "amount": 0.02, "side": "sell", "timestamp": 1765000598113}, {"id": "783046491", "price": 884.05, "amount": 0.15, "side": "buy", "timestamp": 1765000598501}, {"id": "783046492", "price": 884.05, "amount": 0.21, "side": "buy", "timestamp": 1765000598624}, {"id": "783046493", "price": 884.04, "amount": 0.01, "side": "sell", "timestamp": 1765000599020}, {"id": "783046494", "price": 884.04, "amount": 0.02, "side": "sell", "timestamp": 1765000599136}, {"id": "783046495", "price": 884.05, "amount": 0.2, "side": "buy", "timestamp": 1765000599214}, {"id": "783046496", "price": 884.05, "amount": 13.4, "side": "buy", "timestamp": 1765000599597}, {"id": "783046497", "price": 884.04, "amount": 0.02, "side": "sell", "timestamp": 1765000600159}, {"id": "783046498", "price": 884.05, "amount": 0.01, "side": "buy", "timestamp": 1765000600274}, {"id": "783046499", "price": 884.04, "amount": 0.02, "side": "sell", "timestamp": 1765000601181}, {"id": "783046500", "price": 884.04, "amount": 0.02, "side": "sell", "timestamp": 1765000602203}, {"id": "783046501", "price": 884.04, "amount": 0.02, "side": "sell", "timestamp": 1765000603227}, {"id": "783046502", "price": 884.04, "amount": 0.02, "side": "sell", "timestamp": 1765000604236}, {"id": "783046503", "price": 884.05, "amount": 0.01, "side": "buy", "timestamp": 1765000604745}, {"id": "783046504", "price": 884.04, "amount": 0.01, "side": "sell", "timestamp": 1765000604791}, {"id": "783046505", "price": 884.05, "amount": 0.29, "side": "buy", "timestamp": 1765000604953}, {"id": "783046506", "price": 884.04, "amount": 0.02, "side": "sell", "timestamp": 1765000605258}, {"id": "783046507", "price": 884.05, "amount": 1.62, "side": "buy", "timestamp": 1765000605761}, {"id": "783046508", "price": 884.06, "amount": 0.01, "side": "buy", "timestamp": 1765000606230}, {"id": "783046509", "price": 884.05, "amount": 0.02, "side": "sell", "timestamp": 1765000606281}, {"id": "783046510", "price": 884.05, "amount": 0.02, "side": "sell", "timestamp": 1765000607291}, {"id": "783046511", "price": 884.05, "amount": 0.01, "side": "sell", "timestamp": 1765000607686}, {"id": "783046512", "price": 884.06, "amount": 0.01, "side": "buy", "timestamp": 1765000607687}, {"id": "783046513", "price": 884.05, "amount": 0.02, "side": "sell", "timestamp": 1765000608300}, {"id": "783046514", "price": 884.05, "amount": 0.02, "side": "sell", "timestamp": 1765000609310}, {"id": "783046598", "price": 884.04, "amount": 0.02, "side": "sell", "timestamp": 1765000640143}, {"id": "783046599", "price": 884.05, "amount": 0.04, "side": "buy", "timestamp": 1765000640679}, {"id": "783046600", "price": 884.04, "amount": 0.02, "side": "sell", "timestamp": 1765000641169}, {"id": "783046601", "price": 884.05, "amount": 0.03, "side": "buy", "timestamp": 1765000641940}, {"id": "783046602", "price": 884.04, "amount": 0.02, "side": "sell", "timestamp": 1765000642188}, {"id": "783046603", "price": 884.04, "amount": 0.02, "side": "sell", "timestamp": 1765000643222}, {"id": "783046604", "price": 884.04, "amount": 0.01, "side": "sell", "timestamp": 1765000643754}, {"id": "783046605", "price": 884.04, "amount": 0.02, "side": "sell", "timestamp": 1765000644245}, {"id": "783046606", "price": 884.04, "amount": 0.01, "side": "sell", "timestamp": 1765000644728}, {"id": "783046607", "price": 884.04, "amount": 0.02, "side": "sell", "timestamp": 1765000645268}, {"id": "783046608", "price": 884.04, "amount": 0.01, "side": "sell", "timestamp": 1765000646056}, {"id": "783046609", "price": 884.04, "amount": 0.02, "side": "sell", "timestamp": 1765000646287}, {"id": "783046610", "price": 884.04, "amount": 0.01, "side": "sell", "timestamp": 1765000646753}, {"id": "783046611", "price": 884.04, "amount": 0.02, "side": "sell", "timestamp": 1765000647299}, {"id": "783046612", "price": 884.04, "amount": 0.02, "side": "sell", "timestamp": 1765000648317}, {"id": "783046613", "price": 884.04, "amount": 0.03, "side": "sell", "timestamp": 1765000648723}, {"id": "783046614", "price": 884.04, "amount": 0.02, "side": "sell", "timestamp": 1765000649338}, {"id": "783046615", "price": 884.04, "amount": 0.01, "side": "sell", "timestamp": 1765000649928}, {"id": "783046616", "price": 884.04, "amount": 0.02, "side": "sell", "timestamp": 1765000650346}, {"id": "783046617", "price": 884.04, "amount": 0.02, "side": "sell", "timestamp": 1765000651369}, {"id": "783046618", "price": 884.04, "amount": 0.02, "side": "sell", "timestamp": 1765000652380}, {"id": "783046619", "price": 884.05, "amount": 0.01, "side": "buy", "timestamp": 1765000652589}, {"id": "783046620", "price": 884.04, "amount": 0.01, "side": "sell", "timestamp": 1765000652620}, {"id": "783046621", "price": 884.04, "amount": 0.02, "side": "sell", "timestamp": 1765000653389}, {"id": "783046622", "price": 884.04, "amount": 39.54, "side": "sell", "timestamp": 1765000654410}, {"id": "783046623", "price": 884.03, "amount": 0.02, "side": "sell", "timestamp": 1765000654415}, {"id": "783046624", "price": 884.02, "amount": 0.01, "side": "sell", "timestamp": 1765000654415}, {"id": "783046625", "price": 884.01, "amount": 0.07, "side": "sell", "timestamp": 1765000654415}, {"id": "783046626", "price": 884.0, "amount": 0.03, "side": "sell", "timestamp": 1765000654415}, {"id": "783046627", "price": 883.99, "amount": 0.29, "side": "sell", "timestamp": 1765000654665}, {"id": "783046628", "price": 883.99, "amount": 0.03, "side": "sell", "timestamp": 1765000654879}, {"id": "783046629", "price": 883.99, "amount": 0.01, "side": "sell", "timestamp": 1765000654980}, {"id": "783046630", "price": 884.0, "amount": 0.01, "side": "buy", "timestamp": 1765000655383}, {"id": "783046631", "price": 883.99, "amount": 0.02, "side": "sell", "timestamp": 1765000655419}, {"id": "783046632", "price": 884.0, "amount": 0.56, "side": "buy", "timestamp": 1765000655503}, {"id": "783046633", "price": 883.99, "amount": 0.01, "side": "sell", "timestamp": 1765000655667}, {"id": "783046634", "price": 883.99, "amount": 12.23, "side": "sell", "timestamp": 1765000655902}, {"id": "783046635", "price": 883.98, "amount": 0.29, "side": "sell", "timestamp": 1765000655902}, {"id": "783046636", "price": 883.95, "amount": 12.95, "side": "sell", "timestamp": 1765000655902}, {"id": "783046637", "price": 883.92, "amount": 0.19, "side": "sell", "timestamp": 1765000655912}, {"id": "783046638", "price": 883.91, "amount": 0.02, "side": "sell", "timestamp": 1765000656431}, {"id": "783046639", "price": 883.91, "amount": 0.02, "side": "sell", "timestamp": 1765000657471}, {"id": "783046640", "price": 883.91, "amount": 0.02, "side": "sell", "timestamp": 1765000658479}, {"id": "783046641", "price": 883.91, "amount": 0.02, "side": "sell", "timestamp": 1765000659509}, {"id": "783046642", "price": 883.91, "amount": 0.01, "side": "sell", "timestamp": 1765000659796}, {"id": "783046643", "price": 883.91, "amount": 0.02, "side": "sell", "timestamp": 1765000660556}, {"id": "783046644", "price": 883.92, "amount": 2.92, "side": "buy", "timestamp": 1765000660810}, {"id": "783046645", "price": 883.91, "amount": 0.63, "side": "sell", "timestamp": 1765000661367}, {"id": "783046646", "price": 883.92, "amount": 0.03, "side": "buy", "timestamp": 1765000661459}, {"id": "783046647", "price": 883.91, "amount": 0.02, "side": "sell", "timestamp": 1765000661581}, {"id": "783046716", "price": 884.0, "amount": 0.06, "side": "sell", "timestamp": 1765000690784}, {"id": "783046717", "price": 884.0, "amount": 0.01, "side": "sell", "timestamp": 1765000691664}, {"id": "783046718", "price": 884.0, "amount": 0.02, "side": "sell", "timestamp": 1765000691787}, {"id": "783046719", "price": 884.0, "amount": 0.02, "side": "sell", "timestamp": 1765000692800}, {"id": "783046720", "price": 884.01, "amount": 0.48, "side": "buy", "timestamp": 1765000693557}, {"id": "783046721", "price": 884.0, "amount": 0.01, "side": "sell", "timestamp": 1765000693635}, {"id": "783046722", "price": 884.0, "amount": 0.02, "side": "sell", "timestamp": 1765000693814}, {"id": "783046723", "price": 884.0, "amount": 0.03, "side": "sell", "timestamp": 1765000694829}, {"id": "783046724", "price": 884.01, "amount": 0.01, "side": "buy", "timestamp": 1765000695479}, {"id": "783046725", "price": 884.01, "amount": 0.38, "side": "buy", "timestamp": 1765000695602}, {"id": "783046726", "price": 884.0, "amount": 0.02, "side": "sell", "timestamp": 1765000695838}, {"id": "783046727", "price": 884.0, "amount": 0.98, "side": "sell", "timestamp": 1765000696129}, {"id": "783046728", "price": 884.0, "amount": 0.02, "side": "sell", "timestamp": 1765000696849}, {"id": "783046729", "price": 884.01, "amount": 0.03, "side": "buy", "timestamp": 1765000696966}, {"id": "783046730", "price": 884.0, "amount": 0.02, "side": "sell", "timestamp": 1765000697879}, {"id": "783046731", "price": 884.0, "amount": 0.02, "side": "sell", "timestamp": 1765000698889}, {"id": "783046732", "price": 884.0, "amount": 0.02, "side": "sell", "timestamp": 1765000699913}, {"id": "783046733", "price": 884.0, "amount": 0.02, "side": "sell", "timestamp": 1765000700100}, {"id": "783046734", "price": 884.0, "amount": 0.02, "side": "sell", "timestamp": 1765000700938}, {"id": "783046735", "price": 884.01, "amount": 0.02, "side": "buy", "timestamp": 1765000701076}, {"id": "783046736", "price": 884.01, "amount": 0.1, "side": "buy", "timestamp": 1765000701590}, {"id": "783046737", "price": 884.0, "amount": 0.01, "side": "sell", "timestamp": 1765000701697}, {"id": "783046738", "price": 884.01, "amount": 0.02, "side": "buy", "timestamp": 1765000701723}, {"id": "783046739", "price": 884.0, "amount": 0.02, "side": "sell", "timestamp": 1765000701956}, {"id": "783046740", "price": 884.01, "amount": 0.01, "side": "buy", "timestamp": 1765000702210}, {"id": "783046741", "price": 884.01, "amount": 0.12, "side": "buy", "timestamp": 1765000702434}, {"id": "783046742", "price": 884.0, "amount": 0.02, "side": "sell", "timestamp": 1765000702973}, {"id": "783046743", "price": 884.0, "amount": 0.01, "side": "sell", "timestamp": 1765000703665}, {"id": "783046744", "price": 884.0, "amount": 0.02, "side": "sell", "timestamp": 1765000703992}, {"id": "783046745", "price": 884.0, "amount": 0.04, "side": "sell", "timestamp": 1765000705002}, {"id": "783046746", "price": 884.0, "amount": 0.06, "side": "sell", "timestamp": 1765000705294}, {"id": "783046747", "price": 884.0, "amount": 0.02, "side": "sell", "timestamp": 1765000706027}, {"id": "783046748", "price": 884.0, "amount": 0.02, "side": "sell", "timestamp": 1765000707050}, {"id": "783046749", "price": 884.0, "amount": 0.01, "side": "sell", "timestamp": 1765000707571}, {"id": "783046750", "price": 884.01, "amount": 6.71, "side": "buy", "timestamp": 1765000707892}, {"id": "783046751", "price": 884.0, "amount": 0.02, "side": "sell", "timestamp": 1765000708064}, {"id": "783046752", "price": 884.0, "amount": 0.85, "side": "sell", "timestamp": 1765000708643}, {"id": "783046753", "price": 884.0, "amount": 0.02, "side": "sell", "timestamp": 1765000709088}, {"id": "783046754", "price": 884.01, "amount": 0.04, "side": "buy", "timestamp": 1765000709281}, {"id": "783046755", "price": 884.0, "amount": 0.01, "side": "sell", "timestamp": 1765000709932}, {"id": "783046756", "price": 884.0, "amount": 0.02, "side": "sell", "timestamp": 1765000710118}, {"id": "783046757", "price": 884.01, "amount": 0.01, "side": "buy", "timestamp": 1765000710466}, {"id": "783046758", "price": 884.01, "amount": 0.02, "side": "buy", "timestamp": 1765000710842}, {"id": "783046759", "price": 884.01, "amount": 0.06, "side": "buy", "timestamp": 1765000711086}, {"id": "783046760", "price": 884.0, "amount": 0.02, "side": "sell", "timestamp": 1765000711130}, {"id": "783046761", "price": 884.01, "amount": 0.01, "side": "buy", "timestamp": 1765000711329}, {"id": "783046762", "price": 884.01, "amount": 0.03, "side": "buy", "timestamp": 1765000711535}, {"id": "783046763", "price": 884.01, "amount": 0.06, "side": "buy", "timestamp": 1765000711740}, {"id": "783046764", "price": 884.0, "amount": 0.02, "side": "sell", "timestamp": 1765000712156}, {"id": "783046765", "price": 884.0, "amount": 0.12, "side": "sell", "timestamp": 1765000712595}, {"id": "783046851", "price": 883.84, "amount": 0.32, "side": "sell", "timestamp": 1765000746738}, {"id": "783046852", "price": 883.83, "amount": 0.03, "side": "sell", "timestamp": 1765000746738}, {"id": "783046853", "price": 883.82, "amount": 3.22, "side": "sell", "timestamp": 1765000746796}, {"id": "783046854", "price": 883.81, "amount": 0.04, "side": "sell", "timestamp": 1765000746798}, {"id": "783046855", "price": 883.8, "amount": 0.02, "side": "sell", "timestamp": 1765000746798}, {"id": "783046856", "price": 883.8, "amount": 0.03, "side": "buy", "timestamp": 1765000747027}, {"id": "783046857", "price": 883.79, "amount": 0.02, "side": "sell", "timestamp": 1765000747307}, {"id": "783046858", "price": 883.79, "amount": 0.14, "side": "sell", "timestamp": 1765000747577}, {"id": "783046859", "price": 883.78, "amount": 0.01, "side": "sell", "timestamp": 1765000747577}, {"id": "783046860", "price": 883.77, "amount": 0.02, "side": "sell", "timestamp": 1765000747577}, {"id": "783046861", "price": 883.76, "amount": 1.25, "side": "sell", "timestamp": 1765000747577}, {"id": "783046862", "price": 883.74, "amount": 0.03, "side": "sell", "timestamp": 1765000747577}, {"id": "783046863", "price": 883.73, "amount": 0.03, "side": "sell", "timestamp": 1765000747577}, {"id": "783046864", "price": 883.72, "amount": 0.02, "side": "sell", "timestamp": 1765000748329}, {"id": "783046865", "price": 883.72, "amount": 0.03, "side": "sell", "timestamp": 1765000749351}, {"id": "783046866", "price": 883.72, "amount": 0.03, "side": "sell", "timestamp": 1765000749704}, {"id": "783046867", "price": 883.72, "amount": 0.03, "side": "sell", "timestamp": 1765000749864}, {"id": "783046868", "price": 883.72, "amount": 0.01, "side": "sell", "timestamp": 1765000750084}, {"id": "783046869", "price": 883.72, "amount": 0.02, "side": "sell", "timestamp": 1765000750374}, {"id": "783046870", "price": 883.73, "amount": 0.06, "side": "buy", "timestamp": 1765000750456}, {"id": "783046871", "price": 883.72, "amount": 0.02, "side": "sell", "timestamp": 1765000751412}, {"id": "783046872", "price": 883.72, "amount": 0.02, "side": "sell", "timestamp": 1765000752449}, {"id": "783046873", "price": 883.72, "amount": 16.97, "side": "sell", "timestamp": 1765000752605}, {"id": "783046874", "price": 883.72, "amount": 0.06, "side": "sell", "timestamp": 1765000753095}, {"id": "783046875", "price": 883.72, "amount": 2.31, "side": "sell", "timestamp": 1765000753231}, {"id": "783046876", "price": 883.71, "amount": 0.03, "side": "sell", "timestamp": 1765000753232}, {"id": "783046877", "price": 883.7, "amount": 0.02, "side": "sell", "timestamp": 1765000753464}, {"id": "783046878", "price": 883.7, "amount": 0.03, "side": "sell", "timestamp": 1765000753864}, {"id": "783046879", "price": 883.7, "amount": 0.02, "side": "sell", "timestamp": 1765000754508}, {"id": "783046880", "price": 883.7, "amount": 0.01, "side": "sell", "timestamp": 1765000754900}, {"id": "783046881", "price": 883.7, "amount": 0.02, "side": "sell", "timestamp": 1765000755073}, {"id": "783046882", "price": 883.7, "amount": 0.02, "side": "sell", "timestamp": 1765000755521}, {"id": "783046883", "price": 883.71, "amount": 0.01, "side": "buy", "timestamp": 1765000756473}, {"id": "783046884", "price": 883.7, "amount": 0.02, "side": "sell", "timestamp": 1765000756540}, {"id": "783046885", "price": 883.71, "amount": 0.06, "side": "buy", "timestamp": 1765000757207}, {"id": "783046886", "price": 883.71, "amount": 0.03, "side": "buy", "timestamp": 1765000757334}, {"id": "783046887", "price": 883.7, "amount": 1.3, "side": "sell", "timestamp": 1765000757552}, {"id": "783046888", "price": 883.69, "amount": 0.3, "side": "sell", "timestamp": 1765000757577}, {"id": "783046889", "price": 883.68, "amount": 0.04, "side": "sell", "timestamp": 1765000757579}, {"id": "783046890", "price": 883.68, "amount": 0.01, "side": "buy", "timestamp": 1765000757601}, {"id": "783046891", "price": 883.68, "amount": 5.41, "side": "buy", "timestamp": 1765000757892}, {"id": "783046892", "price": 883.67, "amount": 0.98, "side": "sell", "timestamp": 1765000758405}, {"id": "783046893", "price": 883.67, "amount": 0.02, "side": "sell", "timestamp": 1765000758561}, {"id": "783046894", "price": 883.67, "amount": 0.02, "side": "sell", "timestamp": 1765000759583}, {"id": "783046895", "price": 883.67, "amount": 0.08, "side": "sell", "timestamp": 1765000759836}, {"id": "783046896", "price": 883.67, "amount": 0.01, "side": "sell", "timestamp": 1765000759945}, {"id": "783046897", "price": 883.67, "amount": 0.02, "side": "sell", "timestamp": 1765000760606}, {"id": "783046898", "price": 883.67, "amount": 0.02, "side": "sell", "timestamp": 1765000761616}, {"id": "783046899", "price": 883.67, "amount": 0.02, "side": "sell", "timestamp": 1765000762630}, {"id": "783046900", "price": 883.67, "amount": 0.03, "side": "sell", "timestamp": 1765000763650}, {"id": "783047055", "price": 883.25, "amount": 0.06, "side": "sell", "timestamp": 1765000806517}, {"id": "783047056", "price": 883.23, "amount": 0.01, "side": "sell", "timestamp": 1765000806622}, {"id": "783047057", "price": 883.22, "amount": 0.02, "side": "sell", "timestamp": 1765000806622}, {"id": "783047058", "price": 883.21, "amount": 0.11, "side": "sell", "timestamp": 1765000806622}, {"id": "783047059", "price": 883.2, "amount": 0.06, "side": "sell", "timestamp": 1765000806622}, {"id": "783047060", "price": 883.2, "amount": 0.62, "side": "sell", "timestamp": 1765000806723}, {"id": "783047061", "price": 883.19, "amount": 0.85, "side": "sell", "timestamp": 1765000806745}, {"id": "783047062", "price": 883.17, "amount": 0.01, "side": "sell", "timestamp": 1765000806746}, {"id": "783047063", "price": 883.15, "amount": 0.04, "side": "sell", "timestamp": 1765000806780}, {"id": "783047064", "price": 883.14, "amount": 0.2, "side": "sell", "timestamp": 1765000806887}, {"id": "783047065", "price": 883.12, "amount": 30.75, "side": "sell", "timestamp": 1765000807195}, {"id": "783047066", "price": 883.11, "amount": 0.02, "side": "sell", "timestamp": 1765000807197}, {"id": "783047067", "price": 883.08, "amount": 0.07, "side": "sell", "timestamp": 1765000807203}, {"id": "783047068", "price": 883.07, "amount": 1.15, "side": "sell", "timestamp": 1765000807203}, {"id": "783047069", "price": 883.06, "amount": 0.02, "side": "sell", "timestamp": 1765000807234}, {"id": "783047070", "price": 883.05, "amount": 0.04, "side": "sell", "timestamp": 1765000807259}, {"id": "783047071", "price": 883.04, "amount": 0.06, "side": "sell", "timestamp": 1765000807259}, {"id": "783047072", "price": 883.04, "amount": 2.0, "side": "buy", "timestamp": 1765000807414}, {"id": "783047073", "price": 883.04, "amount": 2.0, "side": "buy", "timestamp": 1765000807651}, {"id": "783047074", "price": 883.04, "amount": 2.0, "side": "buy", "timestamp": 1765000807867}, {"id": "783047075", "price": 883.04, "amount": 2.58, "side": "buy", "timestamp": 1765000808035}, {"id": "783047076", "price": 883.04, "amount": 2.0, "side": "buy", "timestamp": 1765000808360}, {"id": "783047077", "price": 883.03, "amount": 0.6, "side": "sell", "timestamp": 1765000808362}, {"id": "783047078", "price": 883.02, "amount": 0.02, "side": "sell", "timestamp": 1765000808362}, {"id": "783047079", "price": 883.0, "amount": 0.44, "side": "sell", "timestamp": 1765000808362}, {"id": "783047080", "price": 883.01, "amount": 0.19, "side": "buy", "timestamp": 1765000808367}, {"id": "783047081", "price": 883.01, "amount": 2.05, "side": "buy", "timestamp": 1765000808618}, {"id": "783047082", "price": 883.01, "amount": 0.05, "side": "buy", "timestamp": 1765000808773}, {"id": "783047083", "price": 883.01, "amount": 2.0, "side": "buy", "timestamp": 1765000808879}, {"id": "783047084", "price": 883.01, "amount": 2.0, "side": "buy", "timestamp": 1765000809112}, {"id": "783047085", "price": 883.01, "amount": 2.0, "side": "buy", "timestamp": 1765000809352}, {"id": "783047086", "price": 883.01, "amount": 2.0, "side": "buy", "timestamp": 1765000809582}, {"id": "783047087", "price": 883.01, "amount": 2.0, "side": "buy", "timestamp": 1765000809804}, {"id": "783047088", "price": 883.0, "amount": 0.01, "side": "sell", "timestamp": 1765000809909}, {"id": "783047089", "price": 883.01, "amount": 2.0, "side": "buy", "timestamp": 1765000810025}, {"id": "783047090", "price": 883.0, "amount": 0.1, "side": "sell", "timestamp": 1765000810076}, {"id": "783047091", "price": 883.01, "amount": 2.0, "side": "buy", "timestamp": 1765000810250}, {"id": "783047092", "price": 883.01, "amount": 2.0, "side": "buy", "timestamp": 1765000810488}, {"id": "783047093", "price": 883.01, "amount": 2.0, "side": "buy", "timestamp": 1765000810702}, {"id": "783047094", "price": 883.01, "amount": 0.04, "side": "buy", "timestamp": 1765000810993}, {"id": "783047095", "price": 883.0, "amount": 0.02, "side": "sell", "timestamp": 1765000811215}, {"id": "783047096", "price": 883.01, "amount": 0.02, "side": "buy", "timestamp": 1765000811488}, {"id": "783047097", "price": 883.03, "amount": 0.02, "side": "sell", "timestamp": 1765000812237}, {"id": "783047098", "price": 883.04, "amount": 0.06, "side": "buy", "timestamp": 1765000812971}, {"id": "783047099", "price": 883.03, "amount": 0.02, "side": "sell", "timestamp": 1765000813259}, {"id": "783047100", "price": 883.03, "amount": 0.1, "side": "sell", "timestamp": 1765000814137}, {"id": "783047101", "price": 883.03, "amount": 0.02, "side": "sell", "timestamp": 1765000814281}, {"id": "783047102", "price": 883.03, "amount": 2.68, "side": "sell", "timestamp": 1765000814726}, {"id": "783047103", "price": 883.03, "amount": 1.05, "side": "sell", "timestamp": 1765000815243}, {"id": "783047104", "price": 883.03, "amount": 0.14, "side": "sell", "timestamp": 1765000815549}]