[{"symbol": "DOGEUSDT", "bids": [[0.13083, 4715.0], [0.13082, 61551.0], [0.13081, 132058.0], [0.1308, 119118.0], [0.13079, 179635.0], [0.13078, 300631.0], [0.13077, 281698.0], [0.13076, 500259.0], [0.13075, 466225.0], [0.13074, 259383.0], [0.13073, 288343.0], [0.13072, 406076.0], [0.13071, 499519.0], [0.1307, 970020.0], [0.13069, 332098.0], [0.13068, 1055332.0], [0.13067, 275914.0], [0.13066, 364387.0], [0.13065, 359271.0], [0.13064, 1013602.0]], "asks": [[0.13084, 192412.0], [0.13085, 252668.0], [0.13086, 205284.0], [0.13087, 284865.0], [0.13088, 389133.0], [0.13089, 736728.0], [0.1309, 369036.0], [0.13091, 413001.0], [0.13092, 368017.0], [0.13093, 405413.0], [0.13094, 985860.0], [0.13095, 376722.0], [0.13096, 346069.0], [0.13097, 520069.0], [0.13098, 551996.0], [0.13099, 428047.0], [0.131, 1109243.0], [0.13101, 538781.0], [0.13102, 593846.0], [0.13103, 351906.0]], "timestamp": "2025-12-19T17:38:24.250707+00:00"}, {"symbol": "DOGEUSDT", "bids": [[0.13075, 127786.0], [0.13074, 138391.0], [0.13073, 148219.0], [0.13072, 223346.0], [0.13071, 333526.0], [0.1307, 354247.0], [0.13069, 524827.0], [0.13068, 631487.0], [0.13067, 513045.0], [0.13066, 244815.0], [0.13065, 319338.0], [0.13064, 533919.0], [0.13063, 365779.0], [0.13062, 389798.0], [0.13061, 741199.0], [0.1306, 967599.0], [0.13059, 429832.0], [0.13058, 168902.0], [0.13057, 385455.0], [0.13056, 664795.0]], "asks": [[0.13076, 3044.0], [0.13077, 12629.0], [0.13078, 147989.0], [0.13079, 208486.0], [0.1308, 270805.0], [0.13081, 816176.0], [0.13082, 540492.0], [0.13083, 423250.0], [0.13084, 356932.0], [0.13085, 502874.0], [0.13086, 982529.0], [0.13087, 331131.0], [0.13088, 419408.0], [0.13089, 560982.0], [0.1309, 579206.0], [0.13091, 254397.0], [0.13092, 342792.0], [0.13093, 355038.0], [0.13094, 491204.0], [0.13095, 652963.0]], "timestamp": "2025-12-19T17:39:17.704322+00:00"}, {"symbol": "DOGEUSDT", "bids": [[0.1307, 13831.0], [0.13069, 38320.0], [0.13068, 65633.0], [0.13067, 209006.0], [0.13066, 287719.0], [0.13065, 447741.0], [0.13064, 514709.0], [0.13063, 498350.0], [0.13062, 340570.0], [0.13061, 396285.0], [0.1306, 444548.0], [0.13059, 420559.0], [0.13058, 272718.0], [0.13057, 384972.0], [0.13056, 969366.0], [0.13055, 578590.0], [0.13054, 213039.0], [0.13053, 320193.0], [0.13052, 286749.0], [0.13051, 806054.0]], "asks": [[0.13071, 113660.0], [0.13072, 186650.0], [0.13073, 346191.0], [0.13074, 330904.0], [0.13075, 620471.0], [0.13076, 442819.0], [0.13077, 506886.0], [0.13078, 501094.0], [0.13079, 318954.0], [0.1308, 427533.0], [0.13081, 1192490.0], [0.13082, 387415.0], [0.13083, 425062.0], [0.13084, 326377.0], [0.13085, 608844.0], [0.13086, 459008.0], [0.13087, 386252.0], [0.13088, 507137.0], [0.13089, 611716.0], [0.1309, 531815.0]], "timestamp": "2025-12-19T17:40:10.545102+00:00"}, {"symbol": "DOGEUSDT", "bids": [[0.1306, 65712.0], [0.13059, 76683.0], [0.13058, 175154.0], [0.13057, 219443.0], [0.13056, 361406.0], [0.13055, 460177.0], [0.13054, 243687.0], [0.13053, 414550.0], [0.13052, 336200.0], [0.13051, 467130.0], [0.1305, 305764.0], [0.13049, 253706.0], [0.13048, 457606.0], [0.13047, 759237.0], [0.13046, 414579.0], [0.13045, 1438631.0], [0.13044, 379613.0], [0.13043, 672640.0], [0.13042, 364653.0], [0.13041, 227812.0]], "asks": [[0.13061, 116705.0], [0.13062, 123457.0], [0.13063, 124992.0], [0.13064, 190451.0], [0.13065, 374063.0], [0.13066, 978018.0], [0.13067, 356448.0], [0.13068, 378690.0], [0.13069, 541031.0], [0.1307, 454880.0], [0.13071, 446334.0], [0.13072, 918045.0], [0.13073, 600124.0], [0.13074, 399313.0], [0.13075, 584195.0], [0.13076, 516815.0], [0.13077, 427887.0], [0.13078, 529810.0], [0.13079, 364456.0], [0.1308, 600626.0]], "timestamp": "2025-12-19T17:41:03.382765+00:00"}, {"symbol": "DOGEUSDT", "bids": [[0.13035, 9092.0], [0.13034, 43805.0], [0.13033, 136448.0], [0.13032, 163573.0], [0.13031, 172146.0], [0.1303, 267865.0], [0.13029, 224699.0], [0.13028, 301227.0], [0.13027, 439182.0], [0.13026, 303103.0], [0.13025, 229621.0], [0.13024, 443667.0], [0.13023, 432960.0], [0.13022, 209278.0], [0.13021, 359925.0], [0.1302, 883144.0], [0.13019, 812570.0], [0.13018, 504092.0], [0.13017, 218053.0], [0.13016, 416983.0]], "asks": [[0.13036, 136369.0], [0.13037, 149419.0], [0.13038, 251433.0], [0.13039, 280294.0], [0.1304, 657406.0], [0.13041, 478823.0], [0.13042, 550775.0], [0.13043, 376847.0], [0.13044, 372973.0], [0.13045, 580275.0], [0.13046, 1399798.0], [0.13047, 495329.0], [0.13048, 313982.0], [0.13049, 644739.0], [0.1305, 380226.0], [0.13051, 942837.0], [0.13052, 440233.0], [0.13053, 835187.0], [0.13054, 821373.0], [0.13055, 669745.0]], "timestamp": "2025-12-19T17:41:55.900833+00:00"}, {"symbol": "DOGEUSDT", "bids": [[0.13061, 50384.0], [0.1306, 114085.0], [0.13059, 133298.0], [0.13058, 176525.0], [0.13057, 236602.0], [0.13056, 285919.0], [0.13055, 538254.0], [0.13054, 342810.0], [0.13053, 357650.0], [0.13052, 294750.0], [0.13051, 576558.0], [0.1305, 252508.0], [0.13049, 246980.0], [0.13048, 362519.0], [0.13047, 844793.0], [0.13046, 229626.0], [0.13045, 462070.0], [0.13044, 222250.0], [0.13043, 571658.0], [0.13042, 262803.0]], "asks": [[0.13062, 119747.0], [0.13063, 65078.0], [0.13064, 217153.0], [0.13065, 355418.0], [0.13066, 625819.0], [0.13067, 644622.0], [0.13068, 552697.0], [0.13069, 774880.0], [0.1307, 426970.0], [0.13071, 483458.0], [0.13072, 510658.0], [0.13073, 1359803.0], [0.13074, 394380.0], [0.13075, 505804.0], [0.13076, 526412.0], [0.13077, 526713.0], [0.13078, 1201451.0], [0.13079, 256441.0], [0.1308, 278304.0], [0.13081, 437905.0]], "timestamp": "2025-12-19T17:42:48.858004+00:00"}, {"symbol": "DOGEUSDT", "bids": [[0.13066, 186431.0], [0.13065, 122100.0], [0.13064, 190196.0], [0.13063, 162069.0], [0.13062, 356408.0], [0.13061, 361503.0], [0.1306, 426044.0], [0.13059, 551565.0], [0.13058, 237660.0], [0.13057, 307355.0], [0.13056, 361776.0], [0.13055, 460946.0], [0.13054, 410667.0], [0.13053, 355300.0], [0.13052, 532053.0], [0.13051, 870964.0], [0.1305, 231828.0], [0.13049, 459521.0], [0.13048, 457464.0], [0.13047, 528157.0]], "asks": [[0.13067, 46163.0], [0.13068, 48257.0], [0.13069, 59067.0], [0.1307, 196422.0], [0.13071, 500811.0], [0.13072, 706710.0], [0.13073, 655876.0], [0.13074, 490593.0], [0.13075, 687268.0], [0.13076, 413442.0], [0.13077, 502386.0], [0.13078, 352256.0], [0.13079, 1132721.0], [0.1308, 489177.0], [0.13081, 518243.0], [0.13082, 248004.0], [0.13083, 369562.0], [0.13084, 581969.0], [0.13085, 704991.0], [0.13086, 481762.0]], "timestamp": "2025-12-19T17:43:41.696785+00:00"}, {"symbol": "DOGEUSDT", "bids": [[0.13064, 27828.0], [0.13063, 25597.0], [0.13062, 128801.0], [0.13061, 175465.0], [0.1306, 182105.0], [0.13059, 293286.0], [0.13058, 305120.0], [0.13057, 264592.0], [0.13056, 346649.0], [0.13055, 517384.0], [0.13054, 358374.0], [0.13053, 371355.0], [0.13052, 472851.0], [0.13051, 576511.0], [0.1305, 756245.0], [0.13049, 521256.0], [0.13048, 381714.0], [0.13047, 519127.0], [0.13046, 1042624.0], [0.13045, 501642.0]], "asks": [[0.13065, 166844.0], [0.13066, 162298.0], [0.13067, 281226.0], [0.13068, 240495.0], [0.13069, 501594.0], [0.1307, 637579.0], [0.13071, 708700.0], [0.13072, 411994.0], [0.13073, 823678.0], [0.13074, 1115804.0], [0.13075, 422396.0], [0.13076, 475725.0], [0.13077, 599816.0], [0.13078, 242192.0], [0.13079, 321219.0], [0.1308, 315449.0], [0.13081, 659071.0], [0.13082, 641828.0], [0.13083, 583692.0], [0.13084, 1210279.0]], "timestamp": "2025-12-19T17:44:34.350759+00:00"}, {"symbol": "DOGEUSDT", "bids": [[0.13018, 304195.0], [0.13017, 75674.0], [0.13016, 89143.0], [0.13015, 234141.0], [0.13014, 442829.0], [0.13013, 539679.0], [0.13012, 282522.0], [0.13011, 287643.0], [0.1301, 373877.0], [0.13009, 376108.0], [0.13008, 299537.0], [0.13007, 203293.0], [0.13006, 325064.0], [0.13005, 446043.0], [0.13004, 661507.0], [0.13003, 988259.0], [0.13002, 216310.0], [0.13001, 613872.0], [0.13, 1260595.0], [0.12999, 553970.0]], "asks": [[0.13019, 33333.0], [0.1302, 50564.0], [0.13021, 115895.0], [0.13022, 217169.0], [0.13023, 621552.0], [0.13024, 457292.0], [0.13025, 656233.0], [0.13026, 403930.0], [0.13027, 381925.0], [0.13028, 664484.0], [0.13029, 1312292.0], [0.1303, 327769.0], [0.13031, 392365.0], [0.13032, 456312.0], [0.13033, 547064.0], [0.13034, 871550.0], [0.13035, 357334.0], [0.13036, 464882.0], [0.13037, 727458.0], [0.13038, 537251.0]], "timestamp": "2025-12-19T17:45:27.374043+00:00"}, {"symbol": "DOGEUSDT", "bids": [[0.13017, 146084.0], [0.13016, 77792.0], [0.13015, 230857.0], [0.13014, 250066.0], [0.13013, 443224.0], [0.13012, 345621.0], [0.13011, 468877.0], [0.1301, 293985.0], [0.13009, 449965.0], [0.13008, 421097.0], [0.13007, 218765.0], [0.13006, 242798.0], [0.13005, 649512.0], [0.13004, 527827.0], [0.13003, 689798.0], [0.13002, 500654.0], [0.13001, 793651.0], [0.13, 1220691.0], [0.12999, 267916.0], [0.12998, 294324.0]], "asks": [[0.13018, 31505.0], [0.13019, 60686.0], [0.1302, 122050.0], [0.13021, 169634.0], [0.13022, 316467.0], [0.13023, 603777.0], [0.13024, 455515.0], [0.13025, 779485.0], [0.13026, 447091.0], [0.13027, 417792.0], [0.13028, 1266063.0], [0.13029, 664953.0], [0.1303, 413212.0], [0.13031, 471147.0], [0.13032, 485796.0], [0.13033, 541728.0], [0.13034, 603919.0], [0.13035, 672899.0], [0.13036, 413920.0], [0.13037, 635676.0]], "timestamp": "2025-12-19T17:46:20.623361+00:00"}, {"symbol": "DOGEUSDT", "bids": [[0.13005, 66447.0], [0.13004, 134751.0], [0.13003, 137246.0], [0.13002, 121698.0], [0.13001, 266808.0], [0.13, 263376.0], [0.12999, 296347.0], [0.12998, 319742.0], [0.12997, 382548.0], [0.12996, 311503.0], [0.12995, 495562.0], [0.12994, 246815.0], [0.12993, 453336.0], [0.12992, 552590.0], [0.12991, 329839.0], [0.1299, 667293.0], [0.12989, 563450.0], [0.12988, 614986.0], [0.12987, 1080789.0], [0.12986, 601357.0]], "asks": [[0.13006, 91383.0], [0.13007, 41207.0], [0.13008, 164405.0], [0.13009, 468080.0], [0.1301, 423844.0], [0.13011, 609558.0], [0.13012, 649501.0], [0.13013, 551284.0], [0.13014, 525692.0], [0.13015, 1104097.0], [0.13016, 512430.0], [0.13017, 674333.0], [0.13018, 607709.0], [0.13019, 536186.0], [0.1302, 432725.0], [0.13021, 1204385.0], [0.13022, 489890.0], [0.13023, 434048.0], [0.13024, 524834.0], [0.13025, 526831.0]], "timestamp": "2025-12-19T17:47:13.874638+00:00"}, {"symbol": "DOGEUSDT", "bids": [[0.13033, 309616.0], [0.13032, 220494.0], [0.13031, 193558.0], [0.1303, 294686.0], [0.13029, 256164.0], [0.13028, 286613.0], [0.13027, 513732.0], [0.13026, 368969.0], [0.13025, 360716.0], [0.13024, 292226.0], [0.13023, 453824.0], [0.13022, 505685.0], [0.13021, 340261.0], [0.1302, 365151.0], [0.13019, 621198.0], [0.13018, 849123.0], [0.13017, 1341242.0], [0.13016, 349741.0], [0.13015, 498484.0], [0.13014, 347871.0]], "asks": [[0.13034, 17632.0], [0.13035, 32084.0], [0.13036, 90315.0], [0.13037, 355218.0], [0.13038, 699808.0], [0.13039, 335097.0], [0.1304, 432281.0], [0.13041, 553828.0], [0.13042, 520124.0], [0.13043, 367382.0], [0.13044, 855613.0], [0.13045, 416926.0], [0.13046, 426359.0], [0.13047, 612049.0], [0.13048, 623307.0], [0.13049, 855487.0], [0.1305, 815220.0], [0.13051, 357150.0], [0.13052, 830732.0], [0.13053, 1226663.0]], "timestamp": "2025-12-19T17:48:07.530062+00:00"}, {"symbol": "DOGEUSDT", "bids": [[0.13056, 175832.0], [0.13055, 113350.0], [0.13054, 119692.0], [0.13053, 150592.0], [0.13052, 239319.0], [0.13051, 234339.0], [0.1305, 359949.0], [0.13049, 411187.0], [0.13048, 604069.0], [0.13047, 510473.0], [0.13046, 426733.0], [0.13045, 267757.0], [0.13044, 371938.0], [0.13043, 505093.0], [0.13042, 864604.0], [0.13041, 269790.0], [0.1304, 382584.0], [0.13039, 842459.0], [0.13038, 422187.0], [0.13037, 232648.0]], "asks": [[0.13057, 23573.0], [0.13058, 41686.0], [0.13059, 77192.0], [0.1306, 248550.0], [0.13061, 271361.0], [0.13062, 645177.0], [0.13063, 363329.0], [0.13064, 463684.0], [0.13065, 500446.0], [0.13066, 525549.0], [0.13067, 349866.0], [0.13068, 810083.0], [0.13069, 425725.0], [0.1307, 399413.0], [0.13071, 506956.0], [0.13072, 969590.0], [0.13073, 545269.0], [0.13074, 389431.0], [0.13075, 508075.0], [0.13076, 600696.0]], "timestamp": "2025-12-19T17:49:00.370791+00:00"}, {"symbol": "DOGEUSDT", "bids": [[0.13064, 55246.0], [0.13063, 75140.0], [0.13062, 84809.0], [0.13061, 171481.0], [0.1306, 234710.0], [0.13059, 325191.0], [0.13058, 422522.0], [0.13057, 533511.0], [0.13056, 490167.0], [0.13055, 353725.0], [0.13054, 522103.0], [0.13053, 480891.0], [0.13052, 580472.0], [0.13051, 613693.0], [0.1305, 623761.0], [0.13049, 253020.0], [0.13048, 572008.0], [0.13047, 1320317.0], [0.13046, 361340.0], [0.13045, 493872.0]], "asks": [[0.13065, 112252.0], [0.13066, 110552.0], [0.13067, 273033.0], [0.13068, 287532.0], [0.13069, 364615.0], [0.1307, 732339.0], [0.13071, 471968.0], [0.13072, 335776.0], [0.13073, 329143.0], [0.13074, 589078.0], [0.13075, 1001928.0], [0.13076, 533913.0], [0.13077, 287995.0], [0.13078, 444342.0], [0.13079, 382039.0], [0.1308, 414172.0], [0.13081, 573922.0], [0.13082, 516011.0], [0.13083, 337853.0], [0.13084, 598436.0]], "timestamp": "2025-12-19T17:49:53.311287+00:00"}, {"symbol": "DOGEUSDT", "bids": [[0.13058, 84950.0], [0.13057, 98058.0], [0.13056, 202278.0], [0.13055, 178942.0], [0.13054, 275081.0], [0.13053, 307229.0], [0.13052, 536011.0], [0.13051, 298454.0], [0.1305, 409234.0], [0.13049, 311527.0], [0.13048, 694828.0], [0.13047, 243184.0], [0.13046, 259859.0], [0.13045, 273431.0], [0.13044, 509088.0], [0.13043, 833485.0], [0.13042, 1085531.0], [0.13041, 543806.0], [0.1304, 388680.0], [0.13039, 329674.0]], "asks": [[0.13059, 90557.0], [0.1306, 71199.0], [0.13061, 189302.0], [0.13062, 309554.0], [0.13063, 322257.0], [0.13064, 563372.0], [0.13065, 419573.0], [0.13066, 478463.0], [0.13067, 550040.0], [0.13068, 398233.0], [0.13069, 459274.0], [0.1307, 1002976.0], [0.13071, 302609.0], [0.13072, 442069.0], [0.13073, 260708.0], [0.13074, 391809.0], [0.13075, 396651.0], [0.13076, 716592.0], [0.13077, 736016.0], [0.13078, 526306.0]], "timestamp": "2025-12-19T17:50:46.648045+00:00"}, {"symbol": "DOGEUSDT", "bids": [[0.13079, 74718.0], [0.13078, 22071.0], [0.13077, 118094.0], [0.13076, 195010.0], [0.13075, 197370.0], [0.13074, 257101.0], [0.13073, 448069.0], [0.13072, 365100.0], [0.13071, 223617.0], [0.1307, 402892.0], [0.13069, 440378.0], [0.13068, 331154.0], [0.13067, 322304.0], [0.13066, 290292.0], [0.13065, 437937.0], [0.13064, 1049427.0], [0.13063, 134950.0], [0.13062, 248609.0], [0.13061, 421093.0], [0.1306, 573251.0]], "asks": [[0.1308, 155675.0], [0.13081, 144153.0], [0.13082, 184575.0], [0.13083, 359684.0], [0.13084, 383464.0], [0.13085, 615013.0], [0.13086, 321189.0], [0.13087, 483322.0], [0.13088, 457102.0], [0.13089, 706537.0], [0.1309, 809086.0], [0.13091, 460609.0], [0.13092, 415656.0], [0.13093, 578502.0], [0.13094, 310987.0], [0.13095, 624393.0], [0.13096, 544019.0], [0.13097, 618122.0], [0.13098, 585428.0], [0.13099, 900097.0]], "timestamp": "2025-12-19T17:51:40.117478+00:00"}, {"symbol": "DOGEUSDT", "bids": [[0.1308, 95024.0], [0.13079, 49574.0], [0.13078, 185177.0], [0.13077, 218342.0], [0.13076, 538658.0], [0.13075, 387290.0], [0.13074, 521845.0], [0.13073, 399655.0], [0.13072, 382547.0], [0.13071, 369024.0], [0.1307, 700266.0], [0.13069, 361620.0], [0.13068, 453758.0], [0.13067, 334802.0], [0.13066, 369893.0], [0.13065, 1128941.0], [0.13064, 495573.0], [0.13063, 971767.0], [0.13062, 488633.0], [0.13061, 405868.0]], "asks": [[0.13081, 103947.0], [0.13082, 136370.0], [0.13083, 85613.0], [0.13084, 96880.0], [0.13085, 460922.0], [0.13086, 463729.0], [0.13087, 317415.0], [0.13088, 416122.0], [0.13089, 502654.0], [0.1309, 474754.0], [0.13091, 995859.0], [0.13092, 364288.0], [0.13093, 546831.0], [0.13094, 304351.0], [0.13095, 561229.0], [0.13096, 512063.0], [0.13097, 542277.0], [0.13098, 517853.0], [0.13099, 643915.0], [0.131, 305704.0]], "timestamp": "2025-12-19T17:52:33.057807+00:00"}, {"symbol": "DOGEUSDT", "bids": [[0.13052, 85303.0], [0.13051, 135178.0], [0.1305, 172534.0], [0.13049, 249004.0], [0.13048, 405437.0], [0.13047, 263575.0], [0.13046, 473637.0], [0.13045, 265636.0], [0.13044, 512889.0], [0.13043, 308448.0], [0.13042, 353716.0], [0.13041, 303761.0], [0.1304, 548392.0], [0.13039, 322628.0], [0.13038, 475064.0], [0.13037, 732991.0], [0.13036, 483432.0], [0.13035, 650947.0], [0.13034, 1060726.0], [0.13033, 360170.0]], "asks": [[0.13053, 29300.0], [0.13054, 32391.0], [0.13055, 111002.0], [0.13056, 199461.0], [0.13057, 418813.0], [0.13058, 703980.0], [0.13059, 442189.0], [0.1306, 566280.0], [0.13061, 478877.0], [0.13062, 555387.0], [0.13063, 1168038.0], [0.13064, 345663.0], [0.13065, 509567.0], [0.13066, 303965.0], [0.13067, 407459.0], [0.13068, 439372.0], [0.13069, 774130.0], [0.1307, 531970.0], [0.13071, 1051876.0], [0.13072, 998830.0]], "timestamp": "2025-12-19T17:53:26.511453+00:00"}, {"symbol": "DOGEUSDT", "bids": [[0.13046, 133036.0], [0.13045, 114113.0], [0.13044, 255360.0], [0.13043, 129166.0], [0.13042, 372736.0], [0.13041, 413321.0], [0.1304, 458081.0], [0.13039, 162574.0], [0.13038, 334119.0], [0.13037, 333925.0], [0.13036, 422230.0], [0.13035, 286718.0], [0.13034, 247495.0], [0.13033, 371543.0], [0.13032, 653672.0], [0.13031, 600004.0], [0.1303, 638954.0], [0.13029, 274092.0], [0.13028, 356621.0], [0.13027, 422047.0]], "asks": [[0.13047, 75006.0], [0.13048, 79876.0], [0.13049, 71371.0], [0.1305, 225740.0], [0.13051, 220863.0], [0.13052, 532758.0], [0.13053, 492117.0], [0.13054, 338710.0], [0.13055, 520183.0], [0.13056, 708168.0], [0.13057, 1114946.0], [0.13058, 368539.0], [0.13059, 712335.0], [0.1306, 501129.0], [0.13061, 510091.0], [0.13062, 819991.0], [0.13063, 376295.0], [0.13064, 422921.0], [0.13065, 951334.0], [0.13066, 380232.0]], "timestamp": "2025-12-19T17:54:20.272698+00:00"}, {"symbol": "DOGEUSDT", "bids": [[0.13049, 91768.0], [0.13048, 144617.0], [0.13047, 141246.0], [0.13046, 210488.0], [0.13045, 257634.0], [0.13044, 296693.0], [0.13043, 377743.0], [0.13042, 359923.0], [0.13041, 470621.0], [0.1304, 545561.0], [0.13039, 294642.0], [0.13038, 349893.0], [0.13037, 269915.0], [0.13036, 549628.0], [0.13035, 373867.0], [0.13034, 693526.0], [0.13033, 274803.0], [0.13032, 511465.0], [0.13031, 185194.0], [0.1303, 680076.0]], "asks": [[0.1305, 177339.0], [0.13051, 130259.0], [0.13052, 183874.0], [0.13053, 449252.0], [0.13054, 541788.0], [0.13055, 506181.0], [0.13056, 663447.0], [0.13057, 722707.0], [0.13058, 1013572.0], [0.13059, 622314.0], [0.1306, 504080.0], [0.13061, 693585.0], [0.13062, 328733.0], [0.13063, 386781.0], [0.13064, 424858.0], [0.13065, 861830.0], [0.13066, 513643.0], [0.13067, 372994.0], [0.13068, 645011.0], [0.13069, 1422029.0]], "timestamp": "2025-12-19T17:55:13.727180+00:00"}, {"symbol": "DOGEUSDT", "bids": [[0.13036, 71621.0], [0.13035, 190389.0], [0.13034, 213205.0], [0.13033, 426316.0], [0.13032, 345191.0], [0.13031, 317429.0], [0.1303, 493214.0], [0.13029, 245121.0], [0.13028, 297641.0], [0.13027, 401627.0], [0.13026, 472635.0], [0.13025, 327399.0], [0.13024, 606118.0], [0.13023, 378494.0], [0.13022, 836286.0], [0.13021, 318085.0], [0.1302, 649118.0], [0.13019, 371771.0], [0.13018, 620199.0], [0.13017, 527894.0]], "asks": [[0.13037, 206722.0], [0.13038, 89038.0], [0.13039, 208596.0], [0.1304, 462197.0], [0.13041, 784197.0], [0.13042, 616570.0], [0.13043, 616887.0], [0.13044, 676604.0], [0.13045, 530651.0], [0.13046, 370307.0], [0.13047, 1215740.0], [0.13048, 536496.0], [0.13049, 560391.0], [0.1305, 517924.0], [0.13051, 268482.0], [0.13052, 550310.0], [0.13053, 1271800.0], [0.13054, 510969.0], [0.13055, 408986.0], [0.13056, 506519.0]], "timestamp": "2025-12-19T17:56:06.666065+00:00"}, {"symbol": "DOGEUSDT", "bids": [[0.13038, 15329.0], [0.13037, 51183.0], [0.13036, 204419.0], [0.13035, 284895.0], [0.13034, 271844.0], [0.13033, 266387.0], [0.13032, 649587.0], [0.13031, 705761.0], [0.1303, 313344.0], [0.13029, 386433.0], [0.13028, 456799.0], [0.13027, 332725.0], [0.13026, 498986.0], [0.13025, 237271.0], [0.13024, 604798.0], [0.13023, 1168032.0], [0.13022, 404332.0], [0.13021, 285461.0], [0.1302, 773136.0], [0.13019, 613487.0]], "asks": [[0.13039, 149908.0], [0.1304, 77074.0], [0.13041, 199136.0], [0.13042, 407688.0], [0.13043, 342086.0], [0.13044, 1037237.0], [0.13045, 372701.0], [0.13046, 328887.0], [0.13047, 414719.0], [0.13048, 581375.0], [0.13049, 1191394.0], [0.1305, 574436.0], [0.13051, 521377.0], [0.13052, 590674.0], [0.13053, 747566.0], [0.13054, 280096.0], [0.13055, 321451.0], [0.13056, 740502.0], [0.13057, 836615.0], [0.13058, 472546.0]], "timestamp": "2025-12-19T17:56:59.608134+00:00"}, {"symbol": "DOGEUSDT", "bids": [[0.13041, 301212.0], [0.1304, 217200.0], [0.13039, 132430.0], [0.13038, 365119.0], [0.13037, 219642.0], [0.13036, 502533.0], [0.13035, 671070.0], [0.13034, 479661.0], [0.13033, 258059.0], [0.13032, 534566.0], [0.13031, 801120.0], [0.1303, 408268.0], [0.13029, 403660.0], [0.13028, 573603.0], [0.13027, 715395.0], [0.13026, 1060533.0], [0.13025, 311623.0], [0.13024, 446234.0], [0.13023, 563700.0], [0.13022, 485090.0]], "asks": [[0.13042, 72630.0], [0.13043, 107787.0], [0.13044, 159830.0], [0.13045, 153733.0], [0.13046, 521283.0], [0.13047, 520027.0], [0.13048, 755718.0], [0.13049, 613389.0], [0.1305, 619900.0], [0.13051, 593083.0], [0.13052, 1368982.0], [0.13053, 458573.0], [0.13054, 371209.0], [0.13055, 309251.0], [0.13056, 502187.0], [0.13057, 753827.0], [0.13058, 489304.0], [0.13059, 1210597.0], [0.1306, 649898.0], [0.13061, 601791.0]], "timestamp": "2025-12-19T17:57:52.739326+00:00"}, {"symbol": "DOGEUSDT", "bids": [[0.13006, 33398.0], [0.13005, 162867.0], [0.13004, 132527.0], [0.13003, 106909.0], [0.13002, 177290.0], [0.13001, 150187.0], [0.13, 438292.0], [0.12999, 292793.0], [0.12998, 285974.0], [0.12997, 213469.0], [0.12996, 294831.0], [0.12995, 182866.0], [0.12994, 893422.0], [0.12993, 477916.0], [0.12992, 420977.0], [0.12991, 1377407.0], [0.1299, 684929.0], [0.12989, 595369.0], [0.12988, 550747.0], [0.12987, 256783.0]], "asks": [[0.13007, 228017.0], [0.13008, 301136.0], [0.13009, 367584.0], [0.1301, 311047.0], [0.13011, 630750.0], [0.13012, 328263.0], [0.13013, 613703.0], [0.13014, 472035.0], [0.13015, 440191.0], [0.13016, 386332.0], [0.13017, 465245.0], [0.13018, 406326.0], [0.13019, 306855.0], [0.1302, 347284.0], [0.13021, 654939.0], [0.13022, 589544.0], [0.13023, 1095575.0], [0.13024, 652819.0], [0.13025, 534649.0], [0.13026, 734472.0]], "timestamp": "2025-12-19T17:58:45.680977+00:00"}, {"symbol": "DOGEUSDT", "bids": [[0.12967, 28086.0], [0.12966, 43090.0], [0.12965, 38421.0], [0.12964, 52242.0], [0.12963, 92682.0], [0.12962, 287010.0], [0.12961, 462051.0], [0.1296, 301471.0], [0.12959, 490078.0], [0.12958, 258885.0], [0.12957, 241783.0], [0.12956, 363665.0], [0.12955, 634859.0], [0.12954, 470547.0], [0.12953, 390466.0], [0.12952, 372124.0], [0.12951, 353912.0], [0.1295, 676683.0], [0.12949, 202271.0], [0.12948, 343216.0]], "asks": [[0.12968, 85686.0], [0.12969, 119329.0], [0.1297, 191408.0], [0.12971, 426404.0], [0.12972, 442194.0], [0.12973, 559154.0], [0.12974, 504853.0], [0.12975, 462316.0], [0.12976, 628264.0], [0.12977, 922580.0], [0.12978, 519745.0], [0.12979, 722507.0], [0.1298, 709488.0], [0.12981, 743569.0], [0.12982, 400110.0], [0.12983, 777803.0], [0.12984, 265610.0], [0.12985, 400040.0], [0.12986, 443770.0], [0.12987, 671092.0]], "timestamp": "2025-12-19T17:59:38.741024+00:00"}, {"symbol": "DOGEUSDT", "bids": [[0.12993, 102273.0], [0.12992, 109841.0], [0.12991, 247747.0], [0.1299, 277123.0], [0.12989, 265074.0], [0.12988, 391947.0], [0.12987, 349914.0], [0.12986, 334108.0], [0.12985, 188300.0], [0.12984, 336964.0], [0.12983, 335779.0], [0.12982, 402514.0], [0.12981, 641015.0], [0.1298, 334002.0], [0.12979, 301838.0], [0.12978, 613526.0], [0.12977, 226113.0], [0.12976, 377952.0], [0.12975, 537308.0], [0.12974, 573388.0]], "asks": [[0.12994, 114038.0], [0.12995, 88602.0], [0.12996, 88955.0], [0.12997, 199167.0], [0.12998, 387143.0], [0.12999, 726626.0], [0.13, 920352.0], [0.13001, 335548.0], [0.13002, 345130.0], [0.13003, 444748.0], [0.13004, 1220192.0], [0.13005, 525274.0], [0.13006, 377410.0], [0.13007, 513670.0], [0.13008, 768476.0], [0.13009, 284425.0], [0.1301, 663284.0], [0.13011, 575422.0], [0.13012, 1165627.0], [0.13013, 270068.0]], "timestamp": "2025-12-19T18:00:32.910402+00:00"}, {"symbol": "DOGEUSDT", "bids": [[0.12975, 77315.0], [0.12974, 90482.0], [0.12973, 107314.0], [0.12972, 206261.0], [0.12971, 329152.0], [0.1297, 234851.0], [0.12969, 326114.0], [0.12968, 385381.0], [0.12967, 464711.0], [0.12966, 310877.0], [0.12965, 682468.0], [0.12964, 405748.0], [0.12963, 391789.0], [0.12962, 190437.0], [0.12961, 661721.0], [0.1296, 672379.0], [0.12959, 351522.0], [0.12958, 448080.0], [0.12957, 344066.0], [0.12956, 877444.0]], "asks": [[0.12976, 80937.0], [0.12977, 97885.0], [0.12978, 120354.0], [0.12979, 210659.0], [0.1298, 482376.0], [0.12981, 504409.0], [0.12982, 371868.0], [0.12983, 390947.0], [0.12984, 569479.0], [0.12985, 453329.0], [0.12986, 639765.0], [0.12987, 993691.0], [0.12988, 777776.0], [0.12989, 347853.0], [0.1299, 527038.0], [0.12991, 386890.0], [0.12992, 1004686.0], [0.12993, 804569.0], [0.12994, 507671.0], [0.12995, 277543.0]], "timestamp": "2025-12-19T18:01:25.954122+00:00"}, {"symbol": "DOGEUSDT", "bids": [[0.13002, 8170.0], [0.13001, 60921.0], [0.13, 282604.0], [0.12999, 448682.0], [0.12998, 332223.0], [0.12997, 606696.0], [0.12996, 507951.0], [0.12995, 657531.0], [0.12994, 372458.0], [0.12993, 378834.0], [0.12992, 884313.0], [0.12991, 446517.0], [0.1299, 310047.0], [0.12989, 425727.0], [0.12988, 295135.0], [0.12987, 700665.0], [0.12986, 313481.0], [0.12985, 589934.0], [0.12984, 191221.0], [0.12983, 500812.0]], "asks": [[0.13003, 162072.0], [0.13004, 147001.0], [0.13005, 147772.0], [0.13006, 59000.0], [0.13007, 187278.0], [0.13008, 383202.0], [0.13009, 470532.0], [0.1301, 496927.0], [0.13011, 509729.0], [0.13012, 550967.0], [0.13013, 498158.0], [0.13014, 1115844.0], [0.13015, 799761.0], [0.13016, 540011.0], [0.13017, 335841.0], [0.13018, 932177.0], [0.13019, 392500.0], [0.1302, 610874.0], [0.13021, 314965.0], [0.13022, 466361.0]], "timestamp": "2025-12-19T18:02:18.794690+00:00"}, {"symbol": "DOGEUSDT", "bids": [[0.12994, 129710.0], [0.12993, 114268.0], [0.12992, 113040.0], [0.12991, 167580.0], [0.1299, 201266.0], [0.12989, 443371.0], [0.12988, 407265.0], [0.12987, 420602.0], [0.12986, 363441.0], [0.12985, 620825.0], [0.12984, 941769.0], [0.12983, 402655.0], [0.12982, 276409.0], [0.12981, 405190.0], [0.1298, 362939.0], [0.12979, 347353.0], [0.12978, 721398.0], [0.12977, 987036.0], [0.12976, 307873.0], [0.12975, 335442.0]], "asks": [[0.12995, 61488.0], [0.12996, 237881.0], [0.12997, 371330.0], [0.12998, 224640.0], [0.12999, 380605.0], [0.13, 598467.0], [0.13001, 495813.0], [0.13002, 467653.0], [0.13003, 584180.0], [0.13004, 511512.0], [0.13005, 952529.0], [0.13006, 244681.0], [0.13007, 512645.0], [0.13008, 378285.0], [0.13009, 264156.0], [0.1301, 328318.0], [0.13011, 518698.0], [0.13012, 577707.0], [0.13013, 461735.0], [0.13014, 477083.0]], "timestamp": "2025-12-19T18:03:12.043400+00:00"}, {"symbol": "DOGEUSDT", "bids": [[0.12993, 176249.0], [0.12992, 138675.0], [0.12991, 132953.0], [0.1299, 269211.0], [0.12989, 312790.0], [0.12988, 508944.0], [0.12987, 426254.0], [0.12986, 486735.0], [0.12985, 678420.0], [0.12984, 994684.0], [0.12983, 327051.0], [0.12982, 287261.0], [0.12981, 361244.0], [0.1298, 483154.0], [0.12979, 341659.0], [0.12978, 592418.0], [0.12977, 252173.0], [0.12976, 725837.0], [0.12975, 1106599.0], [0.12974, 453967.0]], "asks": [[0.12994, 54883.0], [0.12995, 78844.0], [0.12996, 292036.0], [0.12997, 177101.0], [0.12998, 224245.0], [0.12999, 776604.0], [0.13, 434166.0], [0.13001, 596514.0], [0.13002, 272941.0], [0.13003, 537829.0], [0.13004, 437115.0], [0.13005, 938579.0], [0.13006, 496283.0], [0.13007, 618140.0], [0.13008, 586383.0], [0.13009, 319942.0], [0.1301, 369239.0], [0.13011, 619481.0], [0.13012, 736196.0], [0.13013, 832026.0]], "timestamp": "2025-12-19T18:04:06.111988+00:00"}, {"symbol": "DOGEUSDT", "bids": [[0.12998, 194322.0], [0.12997, 177908.0], [0.12996, 215625.0], [0.12995, 236141.0], [0.12994, 289547.0], [0.12993, 418841.0], [0.12992, 434864.0], [0.12991, 438090.0], [0.1299, 676254.0], [0.12989, 895874.0], [0.12988, 464951.0], [0.12987, 371311.0], [0.12986, 306798.0], [0.12985, 276468.0], [0.12984, 405387.0], [0.12983, 707673.0], [0.12982, 333377.0], [0.12981, 339383.0], [0.1298, 518580.0], [0.12979, 1396345.0]], "asks": [[0.12999, 61239.0], [0.13, 40707.0], [0.13001, 183046.0], [0.13002, 165789.0], [0.13003, 362031.0], [0.13004, 657312.0], [0.13005, 588086.0], [0.13006, 427023.0], [0.13007, 486659.0], [0.13008, 240450.0], [0.13009, 370637.0], [0.1301, 548963.0], [0.13011, 1110881.0], [0.13012, 824675.0], [0.13013, 570127.0], [0.13014, 825401.0], [0.13015, 1236080.0], [0.13016, 888153.0], [0.13017, 1151400.0], [0.13018, 322518.0]], "timestamp": "2025-12-19T18:04:59.461695+00:00"}, {"symbol": "DOGEUSDT", "bids": [[0.13005, 193475.0], [0.13004, 193869.0], [0.13003, 323666.0], [0.13002, 159033.0], [0.13001, 370323.0], [0.13, 451926.0], [0.12999, 504321.0], [0.12998, 282563.0], [0.12997, 289277.0], [0.12996, 494027.0], [0.12995, 996045.0], [0.12994, 266071.0], [0.12993, 332530.0], [0.12992, 347983.0], [0.12991, 502590.0], [0.1299, 695814.0], [0.12989, 564248.0], [0.12988, 521285.0], [0.12987, 421411.0], [0.12986, 1355607.0]], "asks": [[0.13006, 67818.0], [0.13007, 111275.0], [0.13008, 242966.0], [0.13009, 225248.0], [0.1301, 330926.0], [0.13011, 337967.0], [0.13012, 722564.0], [0.13013, 507825.0], [0.13014, 501863.0], [0.13015, 654652.0], [0.13016, 819469.0], [0.13017, 1067942.0], [0.13018, 618486.0], [0.13019, 1264666.0], [0.1302, 790612.0], [0.13021, 545737.0], [0.13022, 386113.0], [0.13023, 1193840.0], [0.13024, 572240.0], [0.13025, 418934.0]], "timestamp": "2025-12-19T18:05:52.403560+00:00"}, {"symbol": "DOGEUSDT", "bids": [[0.13017, 104261.0], [0.13016, 241859.0], [0.13015, 143414.0], [0.13014, 202783.0], [0.13013, 428667.0], [0.13012, 509858.0], [0.13011, 532927.0], [0.1301, 470797.0], [0.13009, 428701.0], [0.13008, 522011.0], [0.13007, 1032804.0], [0.13006, 243266.0], [0.13005, 370116.0], [0.13004, 324436.0], [0.13003, 534434.0], [0.13002, 516080.0], [0.13001, 568283.0], [0.13, 1318915.0], [0.12999, 397292.0], [0.12998, 395324.0]], "asks": [[0.13018, 116682.0], [0.13019, 120389.0], [0.1302, 250871.0], [0.13021, 240267.0], [0.13022, 325599.0], [0.13023, 731707.0], [0.13024, 655376.0], [0.13025, 530790.0], [0.13026, 367600.0], [0.13027, 295824.0], [0.13028, 502658.0], [0.13029, 625128.0], [0.1303, 411764.0], [0.13031, 1234950.0], [0.13032, 716643.0], [0.13033, 806115.0], [0.13034, 345879.0], [0.13035, 299378.0], [0.13036, 968859.0], [0.13037, 892356.0]], "timestamp": "2025-12-19T18:06:45.537803+00:00"}, {"symbol": "DOGEUSDT", "bids": [[0.13014, 48971.0], [0.13013, 119574.0], [0.13012, 113996.0], [0.13011, 207468.0], [0.1301, 343009.0], [0.13009, 392321.0], [0.13008, 365010.0], [0.13007, 472980.0], [0.13006, 265822.0], [0.13005, 475383.0], [0.13004, 1032466.0], [0.13003, 576078.0], [0.13002, 342062.0], [0.13001, 293951.0], [0.13, 434067.0], [0.12999, 361562.0], [0.12998, 618254.0], [0.12997, 1176896.0], [0.12996, 313643.0], [0.12995, 394699.0]], "asks": [[0.13015, 149207.0], [0.13016, 256645.0], [0.13017, 179791.0], [0.13018, 283709.0], [0.13019, 499487.0], [0.1302, 957086.0], [0.13021, 510845.0], [0.13022, 436434.0], [0.13023, 517162.0], [0.13024, 517319.0], [0.13025, 424084.0], [0.13026, 934837.0], [0.13027, 416206.0], [0.13028, 540691.0], [0.13029, 787653.0], [0.1303, 379031.0], [0.13031, 494500.0], [0.13032, 716131.0], [0.13033, 651640.0], [0.13034, 758093.0]], "timestamp": "2025-12-19T18:07:38.900962+00:00"}, {"symbol": "DOGEUSDT", "bids": [[0.13003, 249407.0], [0.13002, 166003.0], [0.13001, 355785.0], [0.13, 455486.0], [0.12999, 493855.0], [0.12998, 292878.0], [0.12997, 349980.0], [0.12996, 537374.0], [0.12995, 498072.0], [0.12994, 384377.0], [0.12993, 1015024.0], [0.12992, 362721.0], [0.12991, 496700.0], [0.1299, 399581.0], [0.12989, 280700.0], [0.12988, 442040.0], [0.12987, 584788.0], [0.12986, 428850.0], [0.12985, 249820.0], [0.12984, 535696.0]], "asks": [[0.13004, 254716.0], [0.13005, 115450.0], [0.13006, 216629.0], [0.13007, 117641.0], [0.13008, 263579.0], [0.13009, 747096.0], [0.1301, 503487.0], [0.13011, 643633.0], [0.13012, 558103.0], [0.13013, 440553.0], [0.13014, 394588.0], [0.13015, 998461.0], [0.13016, 610684.0], [0.13017, 331025.0], [0.13018, 541397.0], [0.13019, 986023.0], [0.1302, 1112682.0], [0.13021, 373675.0], [0.13022, 406270.0], [0.13023, 529602.0]], "timestamp": "2025-12-19T18:08:32.354165+00:00"}, {"symbol": "DOGEUSDT", "bids": [[0.13002, 264195.0], [0.13001, 305925.0], [0.13, 309002.0], [0.12999, 210317.0], [0.12998, 188932.0], [0.12997, 404821.0], [0.12996, 494143.0], [0.12995, 450835.0], [0.12994, 332070.0], [0.12993, 467103.0], [0.12992, 1054387.0], [0.12991, 571392.0], [0.1299, 551093.0], [0.12989, 341163.0], [0.12988, 1228466.0], [0.12987, 338175.0], [0.12986, 564885.0], [0.12985, 451318.0], [0.12984, 292401.0], [0.12983, 486163.0]], "asks": [[0.13003, 31547.0], [0.13004, 102299.0], [0.13005, 208875.0], [0.13006, 306346.0], [0.13007, 563008.0], [0.13008, 535430.0], [0.13009, 493920.0], [0.1301, 518167.0], [0.13011, 596201.0], [0.13012, 406331.0], [0.13013, 593345.0], [0.13014, 1121120.0], [0.13015, 491264.0], [0.13016, 334244.0], [0.13017, 619399.0], [0.13018, 387089.0], [0.13019, 441269.0], [0.1302, 632137.0], [0.13021, 707071.0], [0.13022, 488934.0]], "timestamp": "2025-12-19T18:09:26.115110+00:00"}, {"symbol": "DOGEUSDT", "bids": [[0.13017, 24936.0], [0.13016, 113879.0], [0.13015, 190653.0], [0.13014, 241838.0], [0.13013, 342279.0], [0.13012, 544883.0], [0.13011, 488715.0], [0.1301, 484716.0], [0.13009, 591100.0], [0.13008, 585417.0], [0.13007, 1013598.0], [0.13006, 400053.0], [0.13005, 490413.0], [0.13004, 341769.0], [0.13003, 387988.0], [0.13002, 503079.0], [0.13001, 232460.0], [0.13, 336817.0], [0.12999, 390416.0], [0.12998, 789108.0]], "asks": [[0.13018, 277307.0], [0.13019, 183269.0], [0.1302, 163492.0], [0.13021, 331144.0], [0.13022, 476112.0], [0.13023, 734501.0], [0.13024, 705662.0], [0.13025, 438969.0], [0.13026, 346196.0], [0.13027, 528297.0], [0.13028, 1141885.0], [0.13029, 335378.0], [0.1303, 504855.0], [0.13031, 587682.0], [0.13032, 782764.0], [0.13033, 722354.0], [0.13034, 769499.0], [0.13035, 511683.0], [0.13036, 745858.0], [0.13037, 1040017.0]], "timestamp": "2025-12-19T18:10:19.261356+00:00"}, {"symbol": "DOGEUSDT", "bids": [[0.13031, 93356.0], [0.1303, 90394.0], [0.13029, 205265.0], [0.13028, 276797.0], [0.13027, 175127.0], [0.13026, 396705.0], [0.13025, 319032.0], [0.13024, 525221.0], [0.13023, 645185.0], [0.13022, 836154.0], [0.13021, 322485.0], [0.1302, 575185.0], [0.13019, 409792.0], [0.13018, 344759.0], [0.13017, 415231.0], [0.13016, 1203779.0], [0.13015, 543323.0], [0.13014, 242395.0], [0.13013, 402291.0], [0.13012, 438075.0]], "asks": [[0.13032, 146867.0], [0.13033, 111697.0], [0.13034, 200193.0], [0.13035, 455292.0], [0.13036, 761805.0], [0.13037, 420494.0], [0.13038, 613230.0], [0.13039, 474598.0], [0.1304, 409587.0], [0.13041, 544249.0], [0.13042, 720797.0], [0.13043, 1265826.0], [0.13044, 590694.0], [0.13045, 793794.0], [0.13046, 367417.0], [0.13047, 720826.0], [0.13048, 595744.0], [0.13049, 507604.0], [0.1305, 271739.0], [0.13051, 542849.0]], "timestamp": "2025-12-19T18:11:12.407842+00:00"}, {"symbol": "DOGEUSDT", "bids": [[0.13026, 432450.0], [0.13025, 272040.0], [0.13024, 121241.0], [0.13023, 187364.0], [0.13022, 343067.0], [0.13021, 621271.0], [0.1302, 520560.0], [0.13019, 395560.0], [0.13018, 318719.0], [0.13017, 348736.0], [0.13016, 1092919.0], [0.13015, 473387.0], [0.13014, 344465.0], [0.13013, 435902.0], [0.13012, 702143.0], [0.13011, 248701.0], [0.1301, 201412.0], [0.13009, 264896.0], [0.13008, 454126.0], [0.13007, 561368.0]], "asks": [[0.13027, 2557.0], [0.13028, 1691.0], [0.13029, 48853.0], [0.1303, 623822.0], [0.13031, 573121.0], [0.13032, 603717.0], [0.13033, 536307.0], [0.13034, 244861.0], [0.13035, 432651.0], [0.13036, 418086.0], [0.13037, 1100733.0], [0.13038, 625549.0], [0.13039, 431620.0], [0.1304, 526495.0], [0.13041, 691887.0], [0.13042, 461142.0], [0.13043, 570023.0], [0.13044, 739603.0], [0.13045, 814150.0], [0.13046, 459029.0]], "timestamp": "2025-12-19T18:12:05.248490+00:00"}, {"symbol": "DOGEUSDT", "bids": [[0.13037, 23861.0], [0.13036, 100282.0], [0.13035, 187511.0], [0.13034, 403239.0], [0.13033, 596467.0], [0.13032, 570699.0], [0.13031, 481254.0], [0.1303, 332772.0], [0.13029, 399853.0], [0.13028, 447350.0], [0.13027, 444626.0], [0.13026, 1033363.0], [0.13025, 454835.0], [0.13024, 437538.0], [0.13023, 257228.0], [0.13022, 220365.0], [0.13021, 214542.0], [0.1302, 533541.0], [0.13019, 788297.0], [0.13018, 196467.0]], "asks": [[0.13038, 185893.0], [0.13039, 172545.0], [0.1304, 252729.0], [0.13041, 418083.0], [0.13042, 537839.0], [0.13043, 413101.0], [0.13044, 606545.0], [0.13045, 475449.0], [0.13046, 367679.0], [0.13047, 434221.0], [0.13048, 1181781.0], [0.13049, 660061.0], [0.1305, 876073.0], [0.13051, 548719.0], [0.13052, 781496.0], [0.13053, 397622.0], [0.13054, 218643.0], [0.13055, 423667.0], [0.13056, 582386.0], [0.13057, 683865.0]], "timestamp": "2025-12-19T18:12:58.292742+00:00"}, {"symbol": "DOGEUSDT", "bids": [[0.13037, 74622.0], [0.13036, 78652.0], [0.13035, 158980.0], [0.13034, 310608.0], [0.13033, 305422.0], [0.13032, 580072.0], [0.13031, 365149.0], [0.1303, 406719.0], [0.13029, 323609.0], [0.13028, 590596.0], [0.13027, 1025584.0], [0.13026, 330769.0], [0.13025, 274091.0], [0.13024, 452069.0], [0.13023, 677932.0], [0.13022, 1038592.0], [0.13021, 238821.0], [0.1302, 677125.0], [0.13019, 512710.0], [0.13018, 201065.0]], "asks": [[0.13038, 114446.0], [0.13039, 186987.0], [0.1304, 367135.0], [0.13041, 346221.0], [0.13042, 373117.0], [0.13043, 737674.0], [0.13044, 718384.0], [0.13045, 334103.0], [0.13046, 264071.0], [0.13047, 456461.0], [0.13048, 1252743.0], [0.13049, 283174.0], [0.1305, 315300.0], [0.13051, 623820.0], [0.13052, 601617.0], [0.13053, 500484.0], [0.13054, 479556.0], [0.13055, 801009.0], [0.13056, 365648.0], [0.13057, 841923.0]], "timestamp": "2025-12-19T18:13:51.027735+00:00"}, {"symbol": "DOGEUSDT", "bids": [[0.13045, 87140.0], [0.13044, 85628.0], [0.13043, 109440.0], [0.13042, 343139.0], [0.13041, 364997.0], [0.1304, 692012.0], [0.13039, 480447.0], [0.13038, 524939.0], [0.13037, 497267.0], [0.13036, 773691.0], [0.13035, 987738.0], [0.13034, 324971.0], [0.13033, 380954.0], [0.13032, 427837.0], [0.13031, 337077.0], [0.1303, 246886.0], [0.13029, 292700.0], [0.13028, 912304.0], [0.13027, 1122794.0], [0.13026, 391126.0]], "asks": [[0.13046, 145080.0], [0.13047, 139078.0], [0.13048, 241386.0], [0.13049, 404625.0], [0.1305, 591064.0], [0.13051, 676588.0], [0.13052, 390136.0], [0.13053, 550344.0], [0.13054, 334177.0], [0.13055, 414636.0], [0.13056, 1008276.0], [0.13057, 722658.0], [0.13058, 348796.0], [0.13059, 471649.0], [0.1306, 586462.0], [0.13061, 395882.0], [0.13062, 639142.0], [0.13063, 819979.0], [0.13064, 631939.0], [0.13065, 964212.0]], "timestamp": "2025-12-19T18:14:44.671847+00:00"}, {"symbol": "DOGEUSDT", "bids": [[0.13061, 308501.0], [0.1306, 405125.0], [0.13059, 537102.0], [0.13058, 526513.0], [0.13057, 441952.0], [0.13056, 412702.0], [0.13055, 305910.0], [0.13054, 387322.0], [0.13053, 507290.0], [0.13052, 522128.0], [0.13051, 1030483.0], [0.1305, 563033.0], [0.13049, 300179.0], [0.13048, 407212.0], [0.13047, 348742.0], [0.13046, 383132.0], [0.13045, 625863.0], [0.13044, 354385.0], [0.13043, 403924.0], [0.13042, 274088.0]], "asks": [[0.13062, 14008.0], [0.13063, 19235.0], [0.13064, 125093.0], [0.13065, 180284.0], [0.13066, 695171.0], [0.13067, 466937.0], [0.13068, 918596.0], [0.13069, 487967.0], [0.1307, 457452.0], [0.13071, 465889.0], [0.13072, 233810.0], [0.13073, 463842.0], [0.13074, 1139163.0], [0.13075, 569692.0], [0.13076, 711353.0], [0.13077, 438369.0], [0.13078, 298348.0], [0.13079, 623598.0], [0.1308, 722773.0], [0.13081, 462424.0]], "timestamp": "2025-12-19T18:15:37.729974+00:00"}, {"symbol": "DOGEUSDT", "bids": [[0.13098, 186247.0], [0.13097, 206557.0], [0.13096, 204240.0], [0.13095, 312120.0], [0.13094, 284295.0], [0.13093, 822249.0], [0.13092, 389748.0], [0.13091, 463411.0], [0.1309, 449686.0], [0.13089, 363363.0], [0.13088, 596130.0], [0.13087, 1351459.0], [0.13086, 482744.0], [0.13085, 417834.0], [0.13084, 251167.0], [0.13083, 585867.0], [0.13082, 661904.0], [0.13081, 1544439.0], [0.1308, 363816.0], [0.13079, 609896.0]], "asks": [[0.13099, 130492.0], [0.131, 41763.0], [0.13101, 144846.0], [0.13102, 355705.0], [0.13103, 412325.0], [0.13104, 563832.0], [0.13105, 615427.0], [0.13106, 616931.0], [0.13107, 714296.0], [0.13108, 445030.0], [0.13109, 542642.0], [0.1311, 867358.0], [0.13111, 424645.0], [0.13112, 470666.0], [0.13113, 476224.0], [0.13114, 469966.0], [0.13115, 529400.0], [0.13116, 548762.0], [0.13117, 919946.0], [0.13118, 338974.0]], "timestamp": "2025-12-19T18:16:30.466957+00:00"}, {"symbol": "DOGEUSDT", "bids": [[0.13083, 305686.0], [0.13082, 319777.0], [0.13081, 294288.0], [0.1308, 253434.0], [0.13079, 357271.0], [0.13078, 961866.0], [0.13077, 483926.0], [0.13076, 462167.0], [0.13075, 294611.0], [0.13074, 695456.0], [0.13073, 1049092.0], [0.13072, 615158.0], [0.13071, 317642.0], [0.1307, 587365.0], [0.13069, 363059.0], [0.13068, 274566.0], [0.13067, 520804.0], [0.13066, 431054.0], [0.13065, 409272.0], [0.13064, 723575.0]], "asks": [[0.13084, 57757.0], [0.13085, 53890.0], [0.13086, 147602.0], [0.13087, 176503.0], [0.13088, 320533.0], [0.13089, 500283.0], [0.1309, 403068.0], [0.13091, 308041.0], [0.13092, 363745.0], [0.13093, 805200.0], [0.13094, 298038.0], [0.13095, 426616.0], [0.13096, 410866.0], [0.13097, 484937.0], [0.13098, 578520.0], [0.13099, 527682.0], [0.131, 715948.0], [0.13101, 966789.0], [0.13102, 500708.0], [0.13103, 493595.0]], "timestamp": "2025-12-19T18:17:23.717385+00:00"}, {"symbol": "DOGEUSDT", "bids": [[0.13071, 304078.0], [0.1307, 105749.0], [0.13069, 98329.0], [0.13068, 152948.0], [0.13067, 352352.0], [0.13066, 852483.0], [0.13065, 498519.0], [0.13064, 410415.0], [0.13063, 364055.0], [0.13062, 1052476.0], [0.13061, 366222.0], [0.1306, 354807.0], [0.13059, 377398.0], [0.13058, 448923.0], [0.13057, 545687.0], [0.13056, 394431.0], [0.13055, 658233.0], [0.13054, 1015328.0], [0.13053, 729938.0], [0.13052, 396363.0]], "asks": [[0.13072, 75633.0], [0.13073, 45469.0], [0.13074, 142245.0], [0.13075, 231888.0], [0.13076, 296842.0], [0.13077, 487656.0], [0.13078, 401464.0], [0.13079, 330960.0], [0.1308, 380858.0], [0.13081, 657814.0], [0.13082, 394800.0], [0.13083, 803450.0], [0.13084, 305598.0], [0.13085, 577940.0], [0.13086, 259762.0], [0.13087, 588163.0], [0.13088, 641460.0], [0.13089, 741840.0], [0.1309, 1507851.0], [0.13091, 318206.0]], "timestamp": "2025-12-19T18:18:18.705336+00:00"}, {"symbol": "DOGEUSDT", "bids": [[0.13081, 18078.0], [0.1308, 44835.0], [0.13079, 242803.0], [0.13078, 275585.0], [0.13077, 559298.0], [0.13076, 448767.0], [0.13075, 295837.0], [0.13074, 518816.0], [0.13073, 398139.0], [0.13072, 849254.0], [0.13071, 329449.0], [0.1307, 660635.0], [0.13069, 409966.0], [0.13068, 251500.0], [0.13067, 379007.0], [0.13066, 585708.0], [0.13065, 367660.0], [0.13064, 475791.0], [0.13063, 526590.0], [0.13062, 604196.0]], "asks": [[0.13082, 155938.0], [0.13083, 122377.0], [0.13084, 170075.0], [0.13085, 375301.0], [0.13086, 452117.0], [0.13087, 407014.0], [0.13088, 338057.0], [0.13089, 442274.0], [0.1309, 497678.0], [0.13091, 952803.0], [0.13092, 371755.0], [0.13093, 416662.0], [0.13094, 594546.0], [0.13095, 360310.0], [0.13096, 456539.0], [0.13097, 877298.0], [0.13098, 560905.0], [0.13099, 296875.0], [0.131, 451952.0], [0.13101, 800679.0]], "timestamp": "2025-12-19T18:19:12.159064+00:00"}, {"symbol": "DOGEUSDT", "bids": [[0.13103, 64931.0], [0.13102, 228336.0], [0.13101, 165098.0], [0.131, 206465.0], [0.13099, 301516.0], [0.13098, 440510.0], [0.13097, 555867.0], [0.13096, 458204.0], [0.13095, 329092.0], [0.13094, 415472.0], [0.13093, 894229.0], [0.13092, 220601.0], [0.13091, 367232.0], [0.1309, 618116.0], [0.13089, 1144879.0], [0.13088, 509178.0], [0.13087, 226278.0], [0.13086, 371930.0], [0.13085, 351435.0], [0.13084, 492437.0]], "asks": [[0.13104, 485704.0], [0.13105, 525638.0], [0.13106, 366217.0], [0.13107, 228119.0], [0.13108, 365048.0], [0.13109, 534142.0], [0.1311, 380437.0], [0.13111, 706402.0], [0.13112, 405041.0], [0.13113, 345026.0], [0.13114, 326262.0], [0.13115, 374072.0], [0.13116, 359050.0], [0.13117, 1078027.0], [0.13118, 286187.0], [0.13119, 656005.0], [0.1312, 562328.0], [0.13121, 435470.0], [0.13122, 460741.0], [0.13123, 407838.0]], "timestamp": "2025-12-19T18:20:05.305014+00:00"}, {"symbol": "DOGEUSDT", "bids": [[0.13102, 125854.0], [0.13101, 205548.0], [0.131, 154325.0], [0.13099, 236853.0], [0.13098, 587118.0], [0.13097, 580548.0], [0.13096, 292371.0], [0.13095, 356039.0], [0.13094, 465559.0], [0.13093, 667272.0], [0.13092, 1130227.0], [0.13091, 456071.0], [0.1309, 622319.0], [0.13089, 370244.0], [0.13088, 459872.0], [0.13087, 621682.0], [0.13086, 635514.0], [0.13085, 432819.0], [0.13084, 327300.0], [0.13083, 563240.0]], "asks": [[0.13103, 77892.0], [0.13104, 137142.0], [0.13105, 263977.0], [0.13106, 260966.0], [0.13107, 212695.0], [0.13108, 328681.0], [0.13109, 558202.0], [0.1311, 438876.0], [0.13111, 338946.0], [0.13112, 639543.0], [0.13113, 418537.0], [0.13114, 820653.0], [0.13115, 420262.0], [0.13116, 252638.0], [0.13117, 691002.0], [0.13118, 245673.0], [0.13119, 629729.0], [0.1312, 632387.0], [0.13121, 1084653.0], [0.13122, 338059.0]], "timestamp": "2025-12-19T18:20:58.042084+00:00"}, {"symbol": "DOGEUSDT", "bids": [[0.1311, 13992.0], [0.13109, 14400.0], [0.13108, 227925.0], [0.13107, 285725.0], [0.13106, 700291.0], [0.13105, 766482.0], [0.13104, 382418.0], [0.13103, 381574.0], [0.13102, 529488.0], [0.13101, 523911.0], [0.131, 1029178.0], [0.13099, 559901.0], [0.13098, 361767.0], [0.13097, 460347.0], [0.13096, 377932.0], [0.13095, 1081923.0], [0.13094, 565956.0], [0.13093, 390703.0], [0.13092, 750194.0], [0.13091, 205294.0]], "asks": [[0.13111, 203005.0], [0.13112, 105196.0], [0.13113, 206650.0], [0.13114, 288812.0], [0.13115, 507243.0], [0.13116, 241157.0], [0.13117, 415710.0], [0.13118, 262668.0], [0.13119, 404078.0], [0.1312, 814975.0], [0.13121, 482573.0], [0.13122, 353442.0], [0.13123, 399468.0], [0.13124, 322923.0], [0.13125, 739868.0], [0.13126, 690752.0], [0.13127, 450334.0], [0.13128, 296270.0], [0.13129, 509613.0], [0.1313, 1125805.0]], "timestamp": "2025-12-19T18:21:51.599252+00:00"}, {"symbol": "DOGEUSDT", "bids": [[0.131, 69265.0], [0.13099, 117838.0], [0.13098, 309378.0], [0.13097, 561790.0], [0.13096, 643997.0], [0.13095, 516193.0], [0.13094, 547973.0], [0.13093, 525492.0], [0.13092, 399252.0], [0.13091, 423210.0], [0.1309, 1252386.0], [0.13089, 314196.0], [0.13088, 400073.0], [0.13087, 258381.0], [0.13086, 428511.0], [0.13085, 662620.0], [0.13084, 328870.0], [0.13083, 660862.0], [0.13082, 1173358.0], [0.13081, 542427.0]], "asks": [[0.13101, 201055.0], [0.13102, 81769.0], [0.13103, 167812.0], [0.13104, 138481.0], [0.13105, 358078.0], [0.13106, 276830.0], [0.13107, 469095.0], [0.13108, 255651.0], [0.13109, 396965.0], [0.1311, 226295.0], [0.13111, 407799.0], [0.13112, 788376.0], [0.13113, 424762.0], [0.13114, 458433.0], [0.13115, 641770.0], [0.13116, 219815.0], [0.13117, 413529.0], [0.13118, 668023.0], [0.13119, 343287.0], [0.1312, 567287.0]], "timestamp": "2025-12-19T18:22:44.626830+00:00"}, {"symbol": "DOGEUSDT", "bids": [[0.13088, 104789.0], [0.13087, 70241.0], [0.13086, 255492.0], [0.13085, 609148.0], [0.13084, 605860.0], [0.13083, 343537.0], [0.13082, 498622.0], [0.13081, 361792.0], [0.1308, 362576.0], [0.13079, 600381.0], [0.13078, 1140463.0], [0.13077, 370783.0], [0.13076, 482193.0], [0.13075, 531245.0], [0.13074, 484077.0], [0.13073, 461308.0], [0.13072, 1134487.0], [0.13071, 566960.0], [0.1307, 424390.0], [0.13069, 249566.0]], "asks": [[0.13089, 112659.0], [0.1309, 121343.0], [0.13091, 225837.0], [0.13092, 312695.0], [0.13093, 451636.0], [0.13094, 404916.0], [0.13095, 529083.0], [0.13096, 330866.0], [0.13097, 428180.0], [0.13098, 344689.0], [0.13099, 442455.0], [0.131, 817209.0], [0.13101, 435899.0], [0.13102, 529968.0], [0.13103, 368215.0], [0.13104, 352474.0], [0.13105, 669032.0], [0.13106, 189759.0], [0.13107, 536353.0], [0.13108, 456353.0]], "timestamp": "2025-12-19T18:23:37.583931+00:00"}, {"symbol": "DOGEUSDT", "bids": [[0.1309, 82139.0], [0.13089, 147036.0], [0.13088, 211096.0], [0.13087, 265333.0], [0.13086, 718294.0], [0.13085, 601084.0], [0.13084, 625773.0], [0.13083, 429455.0], [0.13082, 623831.0], [0.13081, 1014121.0], [0.1308, 473060.0], [0.13079, 272166.0], [0.13078, 484810.0], [0.13077, 466545.0], [0.13076, 274616.0], [0.13075, 574019.0], [0.13074, 452762.0], [0.13073, 545245.0], [0.13072, 1131275.0], [0.13071, 534563.0]], "asks": [[0.13091, 112471.0], [0.13092, 174290.0], [0.13093, 266687.0], [0.13094, 128870.0], [0.13095, 224161.0], [0.13096, 341714.0], [0.13097, 586044.0], [0.13098, 332269.0], [0.13099, 312914.0], [0.131, 466930.0], [0.13101, 863884.0], [0.13102, 326532.0], [0.13103, 358453.0], [0.13104, 428696.0], [0.13105, 420122.0], [0.13106, 618257.0], [0.13107, 400499.0], [0.13108, 503164.0], [0.13109, 544261.0], [0.1311, 625681.0]], "timestamp": "2025-12-19T18:24:30.733881+00:00"}, {"symbol": "DOGEUSDT", "bids": [[0.13094, 125381.0], [0.13093, 231901.0], [0.13092, 397459.0], [0.13091, 516173.0], [0.1309, 603089.0], [0.13089, 579355.0], [0.13088, 380279.0], [0.13087, 560114.0], [0.13086, 723729.0], [0.13085, 794042.0], [0.13084, 1088098.0], [0.13083, 305520.0], [0.13082, 437994.0], [0.13081, 329547.0], [0.1308, 258181.0], [0.13079, 538075.0], [0.13078, 513167.0], [0.13077, 318639.0], [0.13076, 502641.0], [0.13075, 1304880.0]], "asks": [[0.13095, 82733.0], [0.13096, 158272.0], [0.13097, 159534.0], [0.13098, 162924.0], [0.13099, 209310.0], [0.131, 506136.0], [0.13101, 416410.0], [0.13102, 395384.0], [0.13103, 351951.0], [0.13104, 378252.0], [0.13105, 838203.0], [0.13106, 247058.0], [0.13107, 479658.0], [0.13108, 424912.0], [0.13109, 601107.0], [0.1311, 786822.0], [0.13111, 1009999.0], [0.13112, 415190.0], [0.13113, 694300.0], [0.13114, 878379.0]], "timestamp": "2025-12-19T18:25:23.877907+00:00"}, {"symbol": "DOGEUSDT", "bids": [[0.13093, 146808.0], [0.13092, 120340.0], [0.13091, 271121.0], [0.1309, 327293.0], [0.13089, 664777.0], [0.13088, 528894.0], [0.13087, 387996.0], [0.13086, 737893.0], [0.13085, 632696.0], [0.13084, 329514.0], [0.13083, 441946.0], [0.13082, 1143684.0], [0.13081, 400738.0], [0.1308, 340404.0], [0.13079, 287230.0], [0.13078, 676237.0], [0.13077, 425152.0], [0.13076, 583500.0], [0.13075, 728870.0], [0.13074, 511378.0]], "asks": [[0.13094, 69134.0], [0.13095, 109224.0], [0.13096, 246649.0], [0.13097, 212457.0], [0.13098, 392414.0], [0.13099, 381334.0], [0.131, 352660.0], [0.13101, 432087.0], [0.13102, 550563.0], [0.13103, 875864.0], [0.13104, 365860.0], [0.13105, 442410.0], [0.13106, 308656.0], [0.13107, 546493.0], [0.13108, 1023701.0], [0.13109, 496647.0], [0.1311, 650819.0], [0.13111, 378413.0], [0.13112, 580177.0], [0.13113, 724993.0]], "timestamp": "2025-12-19T18:26:17.536072+00:00"}, {"symbol": "DOGEUSDT", "bids": [[0.13115, 195233.0], [0.13114, 82813.0], [0.13113, 120374.0], [0.13112, 262440.0], [0.13111, 517552.0], [0.1311, 406686.0], [0.13109, 540075.0], [0.13108, 523612.0], [0.13107, 532964.0], [0.13106, 567003.0], [0.13105, 1191473.0], [0.13104, 916563.0], [0.13103, 464876.0], [0.13102, 325344.0], [0.13101, 425755.0], [0.131, 372434.0], [0.13099, 482944.0], [0.13098, 860389.0], [0.13097, 524903.0], [0.13096, 603449.0]], "asks": [[0.13116, 39208.0], [0.13117, 84487.0], [0.13118, 85685.0], [0.13119, 280273.0], [0.1312, 280322.0], [0.13121, 612448.0], [0.13122, 440391.0], [0.13123, 600187.0], [0.13124, 392710.0], [0.13125, 716485.0], [0.13126, 269137.0], [0.13127, 428844.0], [0.13128, 918658.0], [0.13129, 516821.0], [0.1313, 252484.0], [0.13131, 721598.0], [0.13132, 378544.0], [0.13133, 492382.0], [0.13134, 480418.0], [0.13135, 561323.0]], "timestamp": "2025-12-19T18:27:10.578515+00:00"}, {"symbol": "DOGEUSDT", "bids": [[0.13105, 131602.0], [0.13104, 114409.0], [0.13103, 241468.0], [0.13102, 304667.0], [0.13101, 655142.0], [0.131, 434164.0], [0.13099, 394480.0], [0.13098, 707027.0], [0.13097, 461126.0], [0.13096, 658453.0], [0.13095, 970405.0], [0.13094, 486999.0], [0.13093, 439975.0], [0.13092, 380998.0], [0.13091, 509889.0], [0.1309, 677593.0], [0.13089, 422649.0], [0.13088, 778258.0], [0.13087, 1088318.0], [0.13086, 641220.0]], "asks": [[0.13106, 23657.0], [0.13107, 201837.0], [0.13108, 300924.0], [0.13109, 240158.0], [0.1311, 323206.0], [0.13111, 299581.0], [0.13112, 389681.0], [0.13113, 432534.0], [0.13114, 364455.0], [0.13115, 240716.0], [0.13116, 380459.0], [0.13117, 1023881.0], [0.13118, 329795.0], [0.13119, 340152.0], [0.1312, 429965.0], [0.13121, 636636.0], [0.13122, 439705.0], [0.13123, 666853.0], [0.13124, 541324.0], [0.13125, 620382.0]], "timestamp": "2025-12-19T18:28:03.622442+00:00"}, {"symbol": "DOGEUSDT", "bids": [[0.13103, 2304.0], [0.13102, 73408.0], [0.13101, 112768.0], [0.131, 392063.0], [0.13099, 725657.0], [0.13098, 551197.0], [0.13097, 471549.0], [0.13096, 297663.0], [0.13095, 422910.0], [0.13094, 627087.0], [0.13093, 533122.0], [0.13092, 925037.0], [0.13091, 374189.0], [0.1309, 295159.0], [0.13089, 424147.0], [0.13088, 561332.0], [0.13087, 449060.0], [0.13086, 738446.0], [0.13085, 339974.0], [0.13084, 308048.0]], "asks": [[0.13104, 109099.0], [0.13105, 174553.0], [0.13106, 261173.0], [0.13107, 205804.0], [0.13108, 403025.0], [0.13109, 530825.0], [0.1311, 328880.0], [0.13111, 452486.0], [0.13112, 607369.0], [0.13113, 668448.0], [0.13114, 850339.0], [0.13115, 229441.0], [0.13116, 561872.0], [0.13117, 574517.0], [0.13118, 640486.0], [0.13119, 241431.0], [0.1312, 442392.0], [0.13121, 545869.0], [0.13122, 522619.0], [0.13123, 1241121.0]], "timestamp": "2025-12-19T18:28:56.256444+00:00"}, {"symbol": "DOGEUSDT", "bids": [[0.13107, 48160.0], [0.13106, 100885.0], [0.13105, 112607.0], [0.13104, 265004.0], [0.13103, 726722.0], [0.13102, 497478.0], [0.13101, 578916.0], [0.131, 516855.0], [0.13099, 647951.0], [0.13098, 720246.0], [0.13097, 1319388.0], [0.13096, 372634.0], [0.13095, 504887.0], [0.13094, 540944.0], [0.13093, 439774.0], [0.13092, 472886.0], [0.13091, 624047.0], [0.1309, 736657.0], [0.13089, 1189032.0], [0.13088, 320490.0]], "asks": [[0.13108, 115935.0], [0.13109, 136395.0], [0.1311, 170753.0], [0.13111, 169399.0], [0.13112, 389856.0], [0.13113, 485765.0], [0.13114, 502773.0], [0.13115, 413011.0], [0.13116, 424314.0], [0.13117, 489028.0], [0.13118, 891756.0], [0.13119, 244864.0], [0.1312, 504019.0], [0.13121, 531777.0], [0.13122, 523364.0], [0.13123, 633243.0], [0.13124, 387249.0], [0.13125, 552311.0], [0.13126, 647662.0], [0.13127, 1315874.0]], "timestamp": "2025-12-19T18:29:49.505710+00:00"}, {"symbol": "DOGEUSDT", "bids": [[0.13116, 151887.0], [0.13115, 237030.0], [0.13114, 207276.0], [0.13113, 384711.0], [0.13112, 609614.0], [0.13111, 531501.0], [0.1311, 575472.0], [0.13109, 356943.0], [0.13108, 281253.0], [0.13107, 595024.0], [0.13106, 1230391.0], [0.13105, 495802.0], [0.13104, 401522.0], [0.13103, 540181.0], [0.13102, 326755.0], [0.13101, 485211.0], [0.131, 1001763.0], [0.13099, 683174.0], [0.13098, 750453.0], [0.13097, 522355.0]], "asks": [[0.13117, 66028.0], [0.13118, 94535.0], [0.13119, 270787.0], [0.1312, 166182.0], [0.13121, 435817.0], [0.13122, 233788.0], [0.13123, 373300.0], [0.13124, 482194.0], [0.13125, 351503.0], [0.13126, 331791.0], [0.13127, 355006.0], [0.13128, 877199.0], [0.13129, 520202.0], [0.1313, 338971.0], [0.13131, 378351.0], [0.13132, 503593.0], [0.13133, 750523.0], [0.13134, 515952.0], [0.13135, 567509.0], [0.13136, 251622.0]], "timestamp": "2025-12-19T18:30:42.640146+00:00"}, {"symbol": "DOGEUSDT", "bids": [[0.13109, 196650.0], [0.13108, 82887.0], [0.13107, 193442.0], [0.13106, 343590.0], [0.13105, 727938.0], [0.13104, 549393.0], [0.13103, 461096.0], [0.13102, 496333.0], [0.13101, 427903.0], [0.131, 472315.0], [0.13099, 461492.0], [0.13098, 1131791.0], [0.13097, 426849.0], [0.13096, 267870.0], [0.13095, 626039.0], [0.13094, 805057.0], [0.13093, 615107.0], [0.13092, 454301.0], [0.13091, 1224628.0], [0.1309, 850290.0]], "asks": [[0.1311, 123455.0], [0.13111, 33034.0], [0.13112, 183464.0], [0.13113, 336872.0], [0.13114, 301181.0], [0.13115, 548371.0], [0.13116, 430466.0], [0.13117, 433251.0], [0.13118, 296925.0], [0.13119, 297509.0], [0.1312, 1012759.0], [0.13121, 315046.0], [0.13122, 323547.0], [0.13123, 505524.0], [0.13124, 548090.0], [0.13125, 405874.0], [0.13126, 421843.0], [0.13127, 728882.0], [0.13128, 389431.0], [0.13129, 431214.0]], "timestamp": "2025-12-19T18:31:35.083292+00:00"}, {"symbol": "DOGEUSDT", "bids": [[0.13101, 397264.0], [0.131, 284243.0], [0.13099, 226420.0], [0.13098, 460257.0], [0.13097, 705970.0], [0.13096, 404654.0], [0.13095, 515395.0], [0.13094, 598064.0], [0.13093, 487665.0], [0.13092, 435220.0], [0.13091, 450789.0], [0.1309, 1070684.0], [0.13089, 505618.0], [0.13088, 473974.0], [0.13087, 310847.0], [0.13086, 560490.0], [0.13085, 261674.0], [0.13084, 329137.0], [0.13083, 549456.0], [0.13082, 1026211.0]], "asks": [[0.13102, 14724.0], [0.13103, 36737.0], [0.13104, 103228.0], [0.13105, 209743.0], [0.13106, 274795.0], [0.13107, 416295.0], [0.13108, 617304.0], [0.13109, 505018.0], [0.1311, 181912.0], [0.13111, 341477.0], [0.13112, 583420.0], [0.13113, 1056830.0], [0.13114, 318158.0], [0.13115, 575317.0], [0.13116, 729886.0], [0.13117, 576787.0], [0.13118, 614378.0], [0.13119, 614397.0], [0.1312, 405392.0], [0.13121, 457419.0]], "timestamp": "2025-12-19T18:32:28.535117+00:00"}, {"symbol": "DOGEUSDT", "bids": [[0.13085, 62590.0], [0.13084, 103581.0], [0.13083, 154271.0], [0.13082, 329294.0], [0.13081, 664156.0], [0.1308, 582791.0], [0.13079, 515922.0], [0.13078, 438074.0], [0.13077, 439295.0], [0.13076, 390056.0], [0.13075, 330189.0], [0.13074, 601534.0], [0.13073, 981796.0], [0.13072, 248185.0], [0.13071, 531119.0], [0.1307, 1542521.0], [0.13069, 804129.0], [0.13068, 362422.0], [0.13067, 328114.0], [0.13066, 426386.0]], "asks": [[0.13086, 180047.0], [0.13087, 135605.0], [0.13088, 140553.0], [0.13089, 414397.0], [0.1309, 398776.0], [0.13091, 602105.0], [0.13092, 294953.0], [0.13093, 541320.0], [0.13094, 616754.0], [0.13095, 585916.0], [0.13096, 926671.0], [0.13097, 344849.0], [0.13098, 314363.0], [0.13099, 702430.0], [0.131, 271806.0], [0.13101, 539417.0], [0.13102, 634166.0], [0.13103, 458032.0], [0.13104, 768634.0], [0.13105, 738733.0]], "timestamp": "2025-12-19T18:33:21.990242+00:00"}, {"symbol": "DOGEUSDT", "bids": [[0.13074, 182589.0], [0.13073, 143680.0], [0.13072, 334233.0], [0.13071, 385884.0], [0.1307, 621474.0], [0.13069, 511756.0], [0.13068, 451611.0], [0.13067, 301431.0], [0.13066, 498855.0], [0.13065, 452937.0], [0.13064, 1204424.0], [0.13063, 580512.0], [0.13062, 602877.0], [0.13061, 416823.0], [0.1306, 718743.0], [0.13059, 233443.0], [0.13058, 250331.0], [0.13057, 453664.0], [0.13056, 641017.0], [0.13055, 1209596.0]], "asks": [[0.13075, 21451.0], [0.13076, 56955.0], [0.13077, 183421.0], [0.13078, 207544.0], [0.13079, 421366.0], [0.1308, 414770.0], [0.13081, 427946.0], [0.13082, 282075.0], [0.13083, 608234.0], [0.13084, 961185.0], [0.13085, 323793.0], [0.13086, 355750.0], [0.13087, 590412.0], [0.13088, 329496.0], [0.13089, 597932.0], [0.1309, 1017510.0], [0.13091, 488957.0], [0.13092, 553797.0], [0.13093, 528504.0], [0.13094, 1244860.0]], "timestamp": "2025-12-19T18:34:15.630869+00:00"}, {"symbol": "DOGEUSDT", "bids": [[0.13083, 28440.0], [0.13082, 148536.0], [0.13081, 217509.0], [0.1308, 162143.0], [0.13079, 660152.0], [0.13078, 636948.0], [0.13077, 513388.0], [0.13076, 501700.0], [0.13075, 525575.0], [0.13074, 678021.0], [0.13073, 360330.0], [0.13072, 1047726.0], [0.13071, 436874.0], [0.1307, 398697.0], [0.13069, 208227.0], [0.13068, 327593.0], [0.13067, 361861.0], [0.13066, 637499.0], [0.13065, 537283.0], [0.13064, 338365.0]], "asks": [[0.13084, 111418.0], [0.13085, 134178.0], [0.13086, 115808.0], [0.13087, 194087.0], [0.13088, 328007.0], [0.13089, 476842.0], [0.1309, 571494.0], [0.13091, 363688.0], [0.13092, 398613.0], [0.13093, 507137.0], [0.13094, 849109.0], [0.13095, 434935.0], [0.13096, 552850.0], [0.13097, 484309.0], [0.13098, 644542.0], [0.13099, 665981.0], [0.131, 1421136.0], [0.13101, 523539.0], [0.13102, 787321.0], [0.13103, 972340.0]], "timestamp": "2025-12-19T18:35:08.795039+00:00"}, {"symbol": "DOGEUSDT", "bids": [[0.13089, 148858.0], [0.13088, 184960.0], [0.13087, 230742.0], [0.13086, 254117.0], [0.13085, 697739.0], [0.13084, 633950.0], [0.13083, 439779.0], [0.13082, 489905.0], [0.13081, 325263.0], [0.1308, 295752.0], [0.13079, 657589.0], [0.13078, 1099927.0], [0.13077, 274666.0], [0.13076, 509421.0], [0.13075, 391574.0], [0.13074, 678352.0], [0.13073, 231036.0], [0.13072, 465448.0], [0.13071, 518745.0], [0.1307, 1421327.0]], "asks": [[0.1309, 209506.0], [0.13091, 141054.0], [0.13092, 118287.0], [0.13093, 322586.0], [0.13094, 449387.0], [0.13095, 550533.0], [0.13096, 445310.0], [0.13097, 401597.0], [0.13098, 590700.0], [0.13099, 1498378.0], [0.131, 1455107.0], [0.13101, 551730.0], [0.13102, 459041.0], [0.13103, 370611.0], [0.13104, 387810.0], [0.13105, 556496.0], [0.13106, 398267.0], [0.13107, 309972.0], [0.13108, 547540.0], [0.13109, 459940.0]], "timestamp": "2025-12-19T18:36:02.553725+00:00"}, {"symbol": "DOGEUSDT", "bids": [[0.13062, 220273.0], [0.13061, 32026.0], [0.1306, 171901.0], [0.13059, 371985.0], [0.13058, 485916.0], [0.13057, 316261.0], [0.13056, 864994.0], [0.13055, 377209.0], [0.13054, 340798.0], [0.13053, 432856.0], [0.13052, 1058518.0], [0.13051, 443835.0], [0.1305, 503901.0], [0.13049, 523683.0], [0.13048, 471333.0], [0.13047, 286691.0], [0.13046, 261738.0], [0.13045, 484476.0], [0.13044, 661121.0], [0.13043, 665315.0]], "asks": [[0.13063, 59214.0], [0.13064, 173366.0], [0.13065, 415583.0], [0.13066, 294897.0], [0.13067, 443164.0], [0.13068, 399408.0], [0.13069, 597669.0], [0.1307, 547628.0], [0.13071, 672738.0], [0.13072, 708811.0], [0.13073, 973252.0], [0.13074, 216908.0], [0.13075, 486285.0], [0.13076, 526866.0], [0.13077, 482147.0], [0.13078, 394562.0], [0.13079, 572531.0], [0.1308, 626649.0], [0.13081, 275158.0], [0.13082, 269518.0]], "timestamp": "2025-12-19T18:36:55.188592+00:00"}, {"symbol": "DOGEUSDT", "bids": [[0.13075, 5919.0], [0.13074, 101942.0], [0.13073, 146310.0], [0.13072, 234810.0], [0.13071, 486187.0], [0.1307, 543331.0], [0.13069, 441217.0], [0.13068, 610468.0], [0.13067, 317449.0], [0.13066, 472811.0], [0.13065, 1225170.0], [0.13064, 427046.0], [0.13063, 350363.0], [0.13062, 608296.0], [0.13061, 546315.0], [0.1306, 707050.0], [0.13059, 528714.0], [0.13058, 887744.0], [0.13057, 1073537.0], [0.13056, 497817.0]], "asks": [[0.13076, 434561.0], [0.13077, 173055.0], [0.13078, 144421.0], [0.13079, 189638.0], [0.1308, 436230.0], [0.13081, 390115.0], [0.13082, 331176.0], [0.13083, 427763.0], [0.13084, 466334.0], [0.13085, 351380.0], [0.13086, 995835.0], [0.13087, 455337.0], [0.13088, 555435.0], [0.13089, 466595.0], [0.1309, 594394.0], [0.13091, 415890.0], [0.13092, 253826.0], [0.13093, 580193.0], [0.13094, 598440.0], [0.13095, 525879.0]], "timestamp": "2025-12-19T18:37:48.027895+00:00"}, {"symbol": "DOGEUSDT", "bids": [[0.13069, 159385.0], [0.13068, 122345.0], [0.13067, 102529.0], [0.13066, 288321.0], [0.13065, 602030.0], [0.13064, 464913.0], [0.13063, 278723.0], [0.13062, 437360.0], [0.13061, 972150.0], [0.1306, 518563.0], [0.13059, 559928.0], [0.13058, 391026.0], [0.13057, 470932.0], [0.13056, 476440.0], [0.13055, 394255.0], [0.13054, 530402.0], [0.13053, 434248.0], [0.13052, 612263.0], [0.13051, 877354.0], [0.1305, 1387345.0]], "asks": [[0.1307, 54085.0], [0.13071, 192138.0], [0.13072, 189527.0], [0.13073, 301585.0], [0.13074, 457755.0], [0.13075, 547340.0], [0.13076, 515112.0], [0.13077, 416730.0], [0.13078, 353039.0], [0.13079, 483061.0], [0.1308, 940443.0], [0.13081, 435094.0], [0.13082, 286962.0], [0.13083, 614158.0], [0.13084, 585194.0], [0.13085, 690717.0], [0.13086, 930832.0], [0.13087, 576884.0], [0.13088, 1035687.0], [0.13089, 594081.0]], "timestamp": "2025-12-19T18:38:41.173946+00:00"}, {"symbol": "DOGEUSDT", "bids": [[0.13072, 103827.0], [0.13071, 108717.0], [0.1307, 133554.0], [0.13069, 335720.0], [0.13068, 717308.0], [0.13067, 397024.0], [0.13066, 464573.0], [0.13065, 360574.0], [0.13064, 569195.0], [0.13063, 983855.0], [0.13062, 460481.0], [0.13061, 434051.0], [0.1306, 439918.0], [0.13059, 363820.0], [0.13058, 584020.0], [0.13057, 514957.0], [0.13056, 756379.0], [0.13055, 640973.0], [0.13054, 675612.0], [0.13053, 1346019.0]], "asks": [[0.13073, 90733.0], [0.13074, 285050.0], [0.13075, 303307.0], [0.13076, 324271.0], [0.13077, 479114.0], [0.13078, 420369.0], [0.13079, 393153.0], [0.1308, 532880.0], [0.13081, 418390.0], [0.13082, 363012.0], [0.13083, 935310.0], [0.13084, 407583.0], [0.13085, 564184.0], [0.13086, 597806.0], [0.13087, 666344.0], [0.13088, 389330.0], [0.13089, 406471.0], [0.1309, 662124.0], [0.13091, 426157.0], [0.13092, 374429.0]], "timestamp": "2025-12-19T18:39:34.423164+00:00"}, {"symbol": "DOGEUSDT", "bids": [[0.13069, 235767.0], [0.13068, 203010.0], [0.13067, 165947.0], [0.13066, 222835.0], [0.13065, 506953.0], [0.13064, 416965.0], [0.13063, 400476.0], [0.13062, 467180.0], [0.13061, 525028.0], [0.1306, 1106045.0], [0.13059, 505080.0], [0.13058, 356446.0], [0.13057, 481358.0], [0.13056, 482946.0], [0.13055, 446802.0], [0.13054, 366492.0], [0.13053, 707420.0], [0.13052, 594332.0], [0.13051, 1097994.0], [0.1305, 589939.0]], "asks": [[0.1307, 60642.0], [0.13071, 97184.0], [0.13072, 254640.0], [0.13073, 235766.0], [0.13074, 394979.0], [0.13075, 634713.0], [0.13076, 380959.0], [0.13077, 434291.0], [0.13078, 312803.0], [0.13079, 406456.0], [0.1308, 1015298.0], [0.13081, 353311.0], [0.13082, 325343.0], [0.13083, 472142.0], [0.13084, 609278.0], [0.13085, 995797.0], [0.13086, 602152.0], [0.13087, 510037.0], [0.13088, 376324.0], [0.13089, 494796.0]], "timestamp": "2025-12-19T18:40:28.081300+00:00"}, {"symbol": "DOGEUSDT", "bids": [[0.13065, 106169.0], [0.13064, 163734.0], [0.13063, 219433.0], [0.13062, 213238.0], [0.13061, 689331.0], [0.1306, 706773.0], [0.13059, 411457.0], [0.13058, 352225.0], [0.13057, 444274.0], [0.13056, 1213521.0], [0.13055, 573386.0], [0.13054, 473329.0], [0.13053, 278000.0], [0.13052, 403993.0], [0.13051, 262406.0], [0.1305, 220850.0], [0.13049, 378260.0], [0.13048, 1199399.0], [0.13047, 1185904.0], [0.13046, 247711.0]], "asks": [[0.13066, 87111.0], [0.13067, 148442.0], [0.13068, 223459.0], [0.13069, 436739.0], [0.1307, 476286.0], [0.13071, 476247.0], [0.13072, 491843.0], [0.13073, 450800.0], [0.13074, 413847.0], [0.13075, 999050.0], [0.13076, 352234.0], [0.13077, 378876.0], [0.13078, 375678.0], [0.13079, 498805.0], [0.1308, 892179.0], [0.13081, 330155.0], [0.13082, 367016.0], [0.13083, 545148.0], [0.13084, 1385456.0], [0.13085, 885091.0]], "timestamp": "2025-12-19T18:41:21.005614+00:00"}, {"symbol": "DOGEUSDT", "bids": [[0.13061, 72543.0], [0.1306, 80678.0], [0.13059, 176117.0], [0.13058, 168023.0], [0.13057, 555047.0], [0.13056, 607043.0], [0.13055, 460135.0], [0.13054, 377487.0], [0.13053, 457984.0], [0.13052, 1299013.0], [0.13051, 507148.0], [0.1305, 337857.0], [0.13049, 540430.0], [0.13048, 598564.0], [0.13047, 1236119.0], [0.13046, 498221.0], [0.13045, 471712.0], [0.13044, 888335.0], [0.13043, 400161.0], [0.13042, 254554.0]], "asks": [[0.13062, 107443.0], [0.13063, 233805.0], [0.13064, 346608.0], [0.13065, 418072.0], [0.13066, 436510.0], [0.13067, 440716.0], [0.13068, 407700.0], [0.13069, 383581.0], [0.1307, 565430.0], [0.13071, 1005516.0], [0.13072, 435617.0], [0.13073, 453065.0], [0.13074, 537823.0], [0.13075, 436872.0], [0.13076, 484997.0], [0.13077, 703656.0], [0.13078, 382927.0], [0.13079, 574293.0], [0.1308, 533238.0], [0.13081, 822872.0]], "timestamp": "2025-12-19T18:42:13.862328+00:00"}, {"symbol": "DOGEUSDT", "bids": [[0.13077, 127801.0], [0.13076, 114111.0], [0.13075, 125801.0], [0.13074, 247355.0], [0.13073, 622818.0], [0.13072, 423299.0], [0.13071, 481129.0], [0.1307, 445175.0], [0.13069, 402385.0], [0.13068, 1031601.0], [0.13067, 432566.0], [0.13066, 421134.0], [0.13065, 407415.0], [0.13064, 498141.0], [0.13063, 527783.0], [0.13062, 341434.0], [0.13061, 445855.0], [0.1306, 1085259.0], [0.13059, 716246.0], [0.13058, 416964.0]], "asks": [[0.13078, 82095.0], [0.13079, 162942.0], [0.1308, 164071.0], [0.13081, 154660.0], [0.13082, 424632.0], [0.13083, 548644.0], [0.13084, 389873.0], [0.13085, 601871.0], [0.13086, 630142.0], [0.13087, 619899.0], [0.13088, 1049511.0], [0.13089, 454062.0], [0.1309, 419993.0], [0.13091, 377126.0], [0.13092, 296660.0], [0.13093, 549055.0], [0.13094, 808025.0], [0.13095, 577893.0], [0.13096, 483775.0], [0.13097, 516767.0]], "timestamp": "2025-12-19T18:43:06.907308+00:00"}, {"symbol": "DOGEUSDT", "bids": [[0.13064, 98691.0], [0.13063, 108444.0], [0.13062, 146456.0], [0.13061, 223443.0], [0.1306, 619830.0], [0.13059, 594664.0], [0.13058, 449052.0], [0.13057, 401972.0], [0.13056, 659730.0], [0.13055, 498719.0], [0.13054, 1106382.0], [0.13053, 440433.0], [0.13052, 589323.0], [0.13051, 1175117.0], [0.1305, 279911.0], [0.13049, 448467.0], [0.13048, 789694.0], [0.13047, 720349.0], [0.13046, 863447.0], [0.13045, 496594.0]], "asks": [[0.13065, 72542.0], [0.13066, 145060.0], [0.13067, 307342.0], [0.13068, 201536.0], [0.13069, 362103.0], [0.1307, 332800.0], [0.13071, 575193.0], [0.13072, 476778.0], [0.13073, 527816.0], [0.13074, 826933.0], [0.13075, 458878.0], [0.13076, 223259.0], [0.13077, 335725.0], [0.13078, 305166.0], [0.13079, 530547.0], [0.1308, 535749.0], [0.13081, 681592.0], [0.13082, 511525.0], [0.13083, 805160.0], [0.13084, 422430.0]], "timestamp": "2025-12-19T18:44:00.052280+00:00"}, {"symbol": "DOGEUSDT", "bids": [[0.13086, 309171.0], [0.13085, 400331.0], [0.13084, 200594.0], [0.13083, 346138.0], [0.13082, 725718.0], [0.13081, 588751.0], [0.1308, 596267.0], [0.13079, 333125.0], [0.13078, 408265.0], [0.13077, 1043668.0], [0.13076, 540477.0], [0.13075, 267238.0], [0.13074, 342064.0], [0.13073, 289480.0], [0.13072, 436978.0], [0.13071, 363231.0], [0.1307, 273458.0], [0.13069, 276256.0], [0.13068, 559000.0], [0.13067, 526508.0]], "asks": [[0.13087, 53798.0], [0.13088, 21248.0], [0.13089, 91991.0], [0.1309, 142181.0], [0.13091, 426685.0], [0.13092, 327229.0], [0.13093, 584243.0], [0.13094, 372007.0], [0.13095, 630899.0], [0.13096, 485354.0], [0.13097, 563610.0], [0.13098, 1135558.0], [0.13099, 525933.0], [0.131, 455259.0], [0.13101, 368885.0], [0.13102, 545215.0], [0.13103, 363259.0], [0.13104, 623860.0], [0.13105, 1085526.0], [0.13106, 604864.0]], "timestamp": "2025-12-19T18:44:53.198504+00:00"}, {"symbol": "DOGEUSDT", "bids": [[0.13076, 150939.0], [0.13075, 136214.0], [0.13074, 143658.0], [0.13073, 196570.0], [0.13072, 539772.0], [0.13071, 454397.0], [0.1307, 325126.0], [0.13069, 291935.0], [0.13068, 884951.0], [0.13067, 391700.0], [0.13066, 320473.0], [0.13065, 561022.0], [0.13064, 484085.0], [0.13063, 652252.0], [0.13062, 468170.0], [0.13061, 1231252.0], [0.1306, 380177.0], [0.13059, 665279.0], [0.13058, 185814.0], [0.13057, 240575.0]], "asks": [[0.13077, 120098.0], [0.13078, 279738.0], [0.13079, 224400.0], [0.1308, 282707.0], [0.13081, 460108.0], [0.13082, 634828.0], [0.13083, 1004345.0], [0.13084, 3075806.0], [0.13085, 598447.0], [0.13086, 413908.0], [0.13087, 618950.0], [0.13088, 528983.0], [0.13089, 1594973.0], [0.1309, 361766.0], [0.13091, 400666.0], [0.13092, 232494.0], [0.13093, 550454.0], [0.13094, 553299.0], [0.13095, 595062.0], [0.13096, 654356.0]], "timestamp": "2025-12-19T18:45:47.266739+00:00"}, {"symbol": "DOGEUSDT", "bids": [[0.13241, 47705.0], [0.1324, 110928.0], [0.13239, 115314.0], [0.13238, 131369.0], [0.13237, 153014.0], [0.13236, 244750.0], [0.13235, 348897.0], [0.13234, 183551.0], [0.13233, 238676.0], [0.13232, 404948.0], [0.13231, 123963.0], [0.1323, 204188.0], [0.13229, 130209.0], [0.13228, 422018.0], [0.13227, 402463.0], [0.13226, 239652.0], [0.13225, 493232.0], [0.13224, 1428696.0], [0.13223, 120389.0], [0.13222, 350953.0]], "asks": [[0.13242, 357719.0], [0.13243, 506682.0], [0.13244, 349598.0], [0.13245, 588497.0], [0.13246, 475203.0], [0.13247, 732000.0], [0.13248, 403000.0], [0.13249, 640021.0], [0.1325, 343218.0], [0.13251, 430119.0], [0.13252, 1220260.0], [0.13253, 268729.0], [0.13254, 215753.0], [0.13255, 543587.0], [0.13256, 403418.0], [0.13257, 456415.0], [0.13258, 200492.0], [0.13259, 391020.0], [0.1326, 426413.0], [0.13261, 514001.0]], "timestamp": "2025-12-19T22:12:47.876141+00:00"}, {"symbol": "DOGEUSDT", "bids": [[0.13217, 4233.0], [0.13216, 87096.0], [0.13215, 184909.0], [0.13214, 424374.0], [0.13213, 588014.0], [0.13212, 289521.0], [0.13211, 276876.0], [0.1321, 160265.0], [0.13209, 253647.0], [0.13208, 241059.0], [0.13207, 211034.0], [0.13206, 165551.0], [0.13205, 237930.0], [0.13204, 181516.0], [0.13203, 465371.0], [0.13202, 577709.0], [0.13201, 93911.0], [0.132, 244967.0], [0.13199, 175167.0], [0.13198, 321405.0]], "asks": [[0.13218, 303626.0], [0.13219, 78271.0], [0.1322, 253743.0], [0.13221, 269505.0], [0.13222, 293390.0], [0.13223, 347441.0], [0.13224, 395691.0], [0.13225, 291258.0], [0.13226, 208865.0], [0.13227, 377226.0], [0.13228, 825507.0], [0.13229, 184038.0], [0.1323, 302241.0], [0.13231, 683069.0], [0.13232, 937866.0], [0.13233, 505648.0], [0.13234, 299781.0], [0.13235, 216188.0], [0.13236, 541335.0], [0.13237, 565175.0]], "timestamp": "2025-12-19T22:13:41.228081+00:00"}, {"symbol": "DOGEUSDT", "bids": [[0.13218, 112753.0], [0.13217, 155620.0], [0.13216, 50583.0], [0.13215, 199847.0], [0.13214, 167414.0], [0.13213, 209252.0], [0.13212, 360334.0], [0.13211, 129102.0], [0.1321, 190484.0], [0.13209, 304033.0], [0.13208, 148805.0], [0.13207, 149202.0], [0.13206, 242790.0], [0.13205, 288864.0], [0.13204, 437296.0], [0.13203, 178264.0], [0.13202, 349294.0], [0.13201, 388559.0], [0.132, 383290.0], [0.13199, 493774.0]], "asks": [[0.13219, 140086.0], [0.1322, 129780.0], [0.13221, 340917.0], [0.13222, 260953.0], [0.13223, 445088.0], [0.13224, 855031.0], [0.13225, 506146.0], [0.13226, 277190.0], [0.13227, 301639.0], [0.13228, 369828.0], [0.13229, 645676.0], [0.1323, 108934.0], [0.13231, 292578.0], [0.13232, 486360.0], [0.13233, 486427.0], [0.13234, 205226.0], [0.13235, 518802.0], [0.13236, 371703.0], [0.13237, 1210704.0], [0.13238, 266155.0]], "timestamp": "2025-12-19T22:14:34.969038+00:00"}, {"symbol": "DOGEUSDT", "bids": [[0.13233, 85254.0], [0.13232, 99804.0], [0.13231, 236881.0], [0.1323, 418585.0], [0.13229, 348809.0], [0.13228, 306131.0], [0.13227, 313016.0], [0.13226, 250118.0], [0.13225, 452611.0], [0.13224, 476765.0], [0.13223, 277222.0], [0.13222, 69184.0], [0.13221, 174219.0], [0.1322, 480633.0], [0.13219, 195981.0], [0.13218, 364482.0], [0.13217, 213943.0], [0.13216, 333575.0], [0.13215, 156983.0], [0.13214, 549853.0]], "asks": [[0.13234, 172146.0], [0.13235, 230359.0], [0.13236, 152544.0], [0.13237, 127047.0], [0.13238, 241685.0], [0.13239, 360905.0], [0.1324, 307548.0], [0.13241, 491395.0], [0.13242, 321249.0], [0.13243, 437848.0], [0.13244, 906473.0], [0.13245, 346813.0], [0.13246, 301345.0], [0.13247, 393607.0], [0.13248, 289518.0], [0.13249, 542828.0], [0.1325, 296265.0], [0.13251, 517406.0], [0.13252, 562426.0], [0.13253, 832177.0]], "timestamp": "2025-12-19T22:15:28.542304+00:00"}, {"symbol": "DOGEUSDT", "bids": [[0.13223, 20852.0], [0.13222, 225862.0], [0.13221, 152442.0], [0.1322, 110142.0], [0.13219, 205919.0], [0.13218, 219695.0], [0.13217, 259802.0], [0.13216, 244410.0], [0.13215, 303699.0], [0.13214, 331572.0], [0.13213, 265440.0], [0.13212, 100921.0], [0.13211, 81467.0], [0.1321, 104889.0], [0.13209, 507437.0], [0.13208, 250741.0], [0.13207, 221513.0], [0.13206, 171849.0], [0.13205, 515447.0], [0.13204, 957103.0]], "asks": [[0.13224, 134101.0], [0.13225, 113745.0], [0.13226, 286222.0], [0.13227, 347571.0], [0.13228, 609503.0], [0.13229, 325680.0], [0.1323, 253358.0], [0.13231, 339747.0], [0.13232, 355550.0], [0.13233, 757826.0], [0.13234, 247466.0], [0.13235, 180042.0], [0.13236, 378963.0], [0.13237, 342811.0], [0.13238, 201070.0], [0.13239, 299768.0], [0.1324, 475883.0], [0.13241, 916700.0], [0.13242, 447998.0], [0.13243, 1031528.0]], "timestamp": "2025-12-19T22:16:22.199866+00:00"}, {"symbol": "DOGEUSDT", "bids": [[0.13231, 110020.0], [0.1323, 266854.0], [0.13229, 297878.0], [0.13228, 171450.0], [0.13227, 326041.0], [0.13226, 238058.0], [0.13225, 314743.0], [0.13224, 237613.0], [0.13223, 459719.0], [0.13222, 258334.0], [0.13221, 296842.0], [0.1322, 119015.0], [0.13219, 172757.0], [0.13218, 178575.0], [0.13217, 531019.0], [0.13216, 200793.0], [0.13215, 376415.0], [0.13214, 209712.0], [0.13213, 490632.0], [0.13212, 103612.0]], "asks": [[0.13232, 6885.0], [0.13233, 66163.0], [0.13234, 152323.0], [0.13235, 110318.0], [0.13236, 337522.0], [0.13237, 410568.0], [0.13238, 378888.0], [0.13239, 349222.0], [0.1324, 478716.0], [0.13241, 502424.0], [0.13242, 689582.0], [0.13243, 342372.0], [0.13244, 422115.0], [0.13245, 434941.0], [0.13246, 392273.0], [0.13247, 922498.0], [0.13248, 214449.0], [0.13249, 423554.0], [0.1325, 274180.0], [0.13251, 481856.0]], "timestamp": "2025-12-19T22:17:20.569840+00:00"}, {"symbol": "DOGEUSDT", "bids": [[0.13221, 100340.0], [0.1322, 62419.0], [0.13219, 79088.0], [0.13218, 163907.0], [0.13217, 179740.0], [0.13216, 177345.0], [0.13215, 161991.0], [0.13214, 162946.0], [0.13213, 301859.0], [0.13212, 280779.0], [0.13211, 129654.0], [0.1321, 149774.0], [0.13209, 470583.0], [0.13208, 304094.0], [0.13207, 109610.0], [0.13206, 212240.0], [0.13205, 620739.0], [0.13204, 278180.0], [0.13203, 194936.0], [0.13202, 167397.0]], "asks": [[0.13222, 238793.0], [0.13223, 134465.0], [0.13224, 127429.0], [0.13225, 307954.0], [0.13226, 373050.0], [0.13227, 505468.0], [0.13228, 674802.0], [0.13229, 366302.0], [0.1323, 332197.0], [0.13231, 436076.0], [0.13232, 722342.0], [0.13233, 446779.0], [0.13234, 283765.0], [0.13235, 248661.0], [0.13236, 169087.0], [0.13237, 492674.0], [0.13238, 324782.0], [0.13239, 647953.0], [0.1324, 901230.0], [0.13241, 503878.0]], "timestamp": "2025-12-19T22:18:14.331233+00:00"}, {"symbol": "DOGEUSDT", "bids": [[0.13222, 131525.0], [0.13221, 192250.0], [0.1322, 111806.0], [0.13219, 181449.0], [0.13218, 216462.0], [0.13217, 261110.0], [0.13216, 267178.0], [0.13215, 146163.0], [0.13214, 84170.0], [0.13213, 328654.0], [0.13212, 135326.0], [0.13211, 84469.0], [0.1321, 186376.0], [0.13209, 770999.0], [0.13208, 267986.0], [0.13207, 50529.0], [0.13206, 306313.0], [0.13205, 1169471.0], [0.13204, 163281.0], [0.13203, 370585.0]], "asks": [[0.13223, 55564.0], [0.13224, 157320.0], [0.13225, 263793.0], [0.13226, 333746.0], [0.13227, 209662.0], [0.13228, 330105.0], [0.13229, 323625.0], [0.1323, 387935.0], [0.13231, 376606.0], [0.13232, 281997.0], [0.13233, 793182.0], [0.13234, 193337.0], [0.13235, 383853.0], [0.13236, 249211.0], [0.13237, 605986.0], [0.13238, 228386.0], [0.13239, 267134.0], [0.1324, 624804.0], [0.13241, 447315.0], [0.13242, 448291.0]], "timestamp": "2025-12-19T22:19:07.168598+00:00"}, {"symbol": "DOGEUSDT", "bids": [[0.1323, 6142.0], [0.13229, 67358.0], [0.13228, 126211.0], [0.13227, 117972.0], [0.13226, 188878.0], [0.13225, 360231.0], [0.13224, 232177.0], [0.13223, 293515.0], [0.13222, 217628.0], [0.13221, 246582.0], [0.1322, 95867.0], [0.13219, 114830.0], [0.13218, 94459.0], [0.13217, 789723.0], [0.13216, 341477.0], [0.13215, 150219.0], [0.13214, 182294.0], [0.13213, 1247225.0], [0.13212, 88849.0], [0.13211, 57766.0]], "asks": [[0.13231, 296805.0], [0.13232, 294775.0], [0.13233, 353496.0], [0.13234, 206885.0], [0.13235, 285801.0], [0.13236, 198471.0], [0.13237, 424047.0], [0.13238, 237819.0], [0.13239, 379810.0], [0.1324, 812537.0], [0.13241, 374883.0], [0.13242, 283431.0], [0.13243, 505319.0], [0.13244, 309304.0], [0.13245, 228657.0], [0.13246, 347448.0], [0.13247, 263277.0], [0.13248, 448853.0], [0.13249, 552102.0], [0.1325, 235454.0]], "timestamp": "2025-12-19T22:20:01.545351+00:00"}, {"symbol": "DOGEUSDT", "bids": [[0.13234, 194341.0], [0.13233, 95938.0], [0.13232, 118967.0], [0.13231, 211635.0], [0.1323, 107074.0], [0.13229, 247466.0], [0.13228, 246547.0], [0.13227, 181236.0], [0.13226, 188974.0], [0.13225, 458855.0], [0.13224, 131375.0], [0.13223, 228219.0], [0.13222, 170424.0], [0.13221, 230813.0], [0.1322, 388730.0], [0.13219, 231393.0], [0.13218, 328182.0], [0.13217, 343562.0], [0.13216, 280727.0], [0.13215, 268375.0]], "asks": [[0.13235, 101230.0], [0.13236, 104154.0], [0.13237, 125077.0], [0.13238, 338725.0], [0.13239, 411173.0], [0.1324, 467067.0], [0.13241, 581434.0], [0.13242, 365211.0], [0.13243, 269895.0], [0.13244, 236742.0], [0.13245, 705632.0], [0.13246, 388599.0], [0.13247, 262014.0], [0.13248, 379376.0], [0.13249, 400412.0], [0.1325, 376990.0], [0.13251, 436996.0], [0.13252, 524340.0], [0.13253, 729296.0], [0.13254, 939675.0]], "timestamp": "2025-12-19T22:20:54.278782+00:00"}, {"symbol": "DOGEUSDT", "bids": [[0.13231, 79341.0], [0.1323, 107759.0], [0.13229, 92356.0], [0.13228, 77681.0], [0.13227, 184711.0], [0.13226, 231188.0], [0.13225, 327905.0], [0.13224, 206547.0], [0.13223, 199341.0], [0.13222, 445098.0], [0.13221, 178771.0], [0.1322, 91787.0], [0.13219, 158970.0], [0.13218, 185168.0], [0.13217, 854089.0], [0.13216, 357748.0], [0.13215, 198287.0], [0.13214, 228122.0], [0.13213, 492107.0], [0.13212, 213612.0]], "asks": [[0.13232, 62303.0], [0.13233, 82904.0], [0.13234, 164800.0], [0.13235, 256594.0], [0.13236, 253847.0], [0.13237, 373170.0], [0.13238, 256755.0], [0.13239, 335860.0], [0.1324, 481391.0], [0.13241, 617738.0], [0.13242, 378347.0], [0.13243, 293912.0], [0.13244, 320386.0], [0.13245, 107333.0], [0.13246, 250651.0], [0.13247, 450042.0], [0.13248, 460381.0], [0.13249, 513253.0], [0.1325, 553535.0], [0.13251, 547678.0]], "timestamp": "2025-12-19T22:21:46.895050+00:00"}, {"symbol": "DOGEUSDT", "bids": [[0.13229, 263578.0], [0.13228, 159738.0], [0.13227, 228821.0], [0.13226, 165912.0], [0.13225, 128037.0], [0.13224, 131692.0], [0.13223, 165362.0], [0.13222, 121034.0], [0.13221, 279059.0], [0.1322, 270466.0], [0.13219, 155174.0], [0.13218, 182422.0], [0.13217, 275530.0], [0.13216, 235305.0], [0.13215, 444087.0], [0.13214, 206222.0], [0.13213, 493208.0], [0.13212, 256789.0], [0.13211, 248034.0], [0.1321, 1059547.0]], "asks": [[0.1323, 31593.0], [0.13231, 25798.0], [0.13232, 146716.0], [0.13233, 214980.0], [0.13234, 212501.0], [0.13235, 322969.0], [0.13236, 257945.0], [0.13237, 462101.0], [0.13238, 191807.0], [0.13239, 367468.0], [0.1324, 995466.0], [0.13241, 452959.0], [0.13242, 475062.0], [0.13243, 327586.0], [0.13244, 304639.0], [0.13245, 659207.0], [0.13246, 881254.0], [0.13247, 298341.0], [0.13248, 386052.0], [0.13249, 670236.0]], "timestamp": "2025-12-19T22:22:39.429221+00:00"}, {"symbol": "DOGEUSDT", "bids": [[0.13242, 96862.0], [0.13241, 82926.0], [0.1324, 181863.0], [0.13239, 93518.0], [0.13238, 241854.0], [0.13237, 213348.0], [0.13236, 456085.0], [0.13235, 432886.0], [0.13234, 265608.0], [0.13233, 338303.0], [0.13232, 286370.0], [0.13231, 161467.0], [0.1323, 41506.0], [0.13229, 243364.0], [0.13228, 635640.0], [0.13227, 480717.0], [0.13226, 435266.0], [0.13225, 220126.0], [0.13224, 125779.0], [0.13223, 229794.0]], "asks": [[0.13243, 89213.0], [0.13244, 55092.0], [0.13245, 117215.0], [0.13246, 228153.0], [0.13247, 286180.0], [0.13248, 378920.0], [0.13249, 487967.0], [0.1325, 322728.0], [0.13251, 524474.0], [0.13252, 295110.0], [0.13253, 370508.0], [0.13254, 678891.0], [0.13255, 394111.0], [0.13256, 483203.0], [0.13257, 473104.0], [0.13258, 359915.0], [0.13259, 577099.0], [0.1326, 597469.0], [0.13261, 777712.0], [0.13262, 807739.0]], "timestamp": "2025-12-19T22:23:32.898350+00:00"}, {"symbol": "DOGEUSDT", "bids": [[0.1324, 119805.0], [0.13239, 159386.0], [0.13238, 150091.0], [0.13237, 138722.0], [0.13236, 420234.0], [0.13235, 140628.0], [0.13234, 109924.0], [0.13233, 212786.0], [0.13232, 282581.0], [0.13231, 298386.0], [0.1323, 158093.0], [0.13229, 238942.0], [0.13228, 185702.0], [0.13227, 125991.0], [0.13226, 612801.0], [0.13225, 290754.0], [0.13224, 261273.0], [0.13223, 1173571.0], [0.13222, 337811.0], [0.13221, 144508.0]], "asks": [[0.13241, 97301.0], [0.13242, 96792.0], [0.13243, 276653.0], [0.13244, 363045.0], [0.13245, 521665.0], [0.13246, 271653.0], [0.13247, 334636.0], [0.13248, 299466.0], [0.13249, 384675.0], [0.1325, 342774.0], [0.13251, 896646.0], [0.13252, 224641.0], [0.13253, 293337.0], [0.13254, 275874.0], [0.13255, 479215.0], [0.13256, 520118.0], [0.13257, 582224.0], [0.13258, 365365.0], [0.13259, 1054577.0], [0.1326, 419196.0]], "timestamp": "2025-12-19T22:24:26.862755+00:00"}, {"symbol": "DOGEUSDT", "bids": [[0.13232, 290961.0], [0.13231, 163156.0], [0.1323, 284098.0], [0.13229, 209056.0], [0.13228, 82609.0], [0.13227, 148156.0], [0.13226, 154212.0], [0.13225, 281321.0], [0.13224, 281278.0], [0.13223, 229512.0], [0.13222, 141538.0], [0.13221, 232156.0], [0.1322, 252505.0], [0.13219, 535879.0], [0.13218, 233215.0], [0.13217, 615103.0], [0.13216, 1058595.0], [0.13215, 327750.0], [0.13214, 134459.0], [0.13213, 499640.0]], "asks": [[0.13233, 16176.0], [0.13234, 47659.0], [0.13235, 193609.0], [0.13236, 470076.0], [0.13237, 355342.0], [0.13238, 228592.0], [0.13239, 464354.0], [0.1324, 300091.0], [0.13241, 314947.0], [0.13242, 329329.0], [0.13243, 605894.0], [0.13244, 810657.0], [0.13245, 278124.0], [0.13246, 163236.0], [0.13247, 269066.0], [0.13248, 447362.0], [0.13249, 290866.0], [0.1325, 205115.0], [0.13251, 355961.0], [0.13252, 599194.0]], "timestamp": "2025-12-19T22:25:20.217195+00:00"}, {"symbol": "DOGEUSDT", "bids": [[0.13242, 146204.0], [0.13241, 119257.0], [0.1324, 152982.0], [0.13239, 169820.0], [0.13238, 128933.0], [0.13237, 277715.0], [0.13236, 160199.0], [0.13235, 340539.0], [0.13234, 279768.0], [0.13233, 351487.0], [0.13232, 87086.0], [0.13231, 284925.0], [0.1323, 68134.0], [0.13229, 213248.0], [0.13228, 495286.0], [0.13227, 170036.0], [0.13226, 155348.0], [0.13225, 608136.0], [0.13224, 278833.0], [0.13223, 829496.0]], "asks": [[0.13243, 21201.0], [0.13244, 118999.0], [0.13245, 179084.0], [0.13246, 259869.0], [0.13247, 539257.0], [0.13248, 279228.0], [0.13249, 173004.0], [0.1325, 378575.0], [0.13251, 286439.0], [0.13252, 314581.0], [0.13253, 688129.0], [0.13254, 440599.0], [0.13255, 617115.0], [0.13256, 420892.0], [0.13257, 211612.0], [0.13258, 331927.0], [0.13259, 577940.0], [0.1326, 663064.0], [0.13261, 463597.0], [0.13262, 364255.0]], "timestamp": "2025-12-19T22:26:12.643473+00:00"}, {"symbol": "DOGEUSDT", "bids": [[0.13255, 96957.0], [0.13254, 135232.0], [0.13253, 199819.0], [0.13252, 238620.0], [0.13251, 320334.0], [0.1325, 365657.0], [0.13249, 212486.0], [0.13248, 407791.0], [0.13247, 288435.0], [0.13246, 301716.0], [0.13245, 292117.0], [0.13244, 162866.0], [0.13243, 320510.0], [0.13242, 448877.0], [0.13241, 287560.0], [0.1324, 192304.0], [0.13239, 653883.0], [0.13238, 33124.0], [0.13237, 169072.0], [0.13236, 344195.0]], "asks": [[0.13256, 61629.0], [0.13257, 38194.0], [0.13258, 116193.0], [0.13259, 392973.0], [0.1326, 334418.0], [0.13261, 286533.0], [0.13262, 316314.0], [0.13263, 525795.0], [0.13264, 271025.0], [0.13265, 355592.0], [0.13266, 865726.0], [0.13267, 428164.0], [0.13268, 225391.0], [0.13269, 534086.0], [0.1327, 338334.0], [0.13271, 582068.0], [0.13272, 1026158.0], [0.13273, 282707.0], [0.13274, 418455.0], [0.13275, 632527.0]], "timestamp": "2025-12-19T22:27:06.083486+00:00"}, {"symbol": "DOGEUSDT", "bids": [[0.13254, 210996.0], [0.13253, 199905.0], [0.13252, 91521.0], [0.13251, 277639.0], [0.1325, 441894.0], [0.13249, 193325.0], [0.13248, 249097.0], [0.13247, 216886.0], [0.13246, 181857.0], [0.13245, 416464.0], [0.13244, 333259.0], [0.13243, 295049.0], [0.13242, 93717.0], [0.13241, 171968.0], [0.1324, 417545.0], [0.13239, 303045.0], [0.13238, 442874.0], [0.13237, 239124.0], [0.13236, 201068.0], [0.13235, 382000.0]], "asks": [[0.13255, 18022.0], [0.13256, 34856.0], [0.13257, 167951.0], [0.13258, 261135.0], [0.13259, 303056.0], [0.1326, 324983.0], [0.13261, 438289.0], [0.13262, 240053.0], [0.13263, 480277.0], [0.13264, 683037.0], [0.13265, 528836.0], [0.13266, 374494.0], [0.13267, 445900.0], [0.13268, 179701.0], [0.13269, 501952.0], [0.1327, 332458.0], [0.13271, 562556.0], [0.13272, 927298.0], [0.13273, 282780.0], [0.13274, 391645.0]], "timestamp": "2025-12-19T22:27:59.023420+00:00"}, {"symbol": "DOGEUSDT", "bids": [[0.13254, 168249.0], [0.13253, 81866.0], [0.13252, 146629.0], [0.13251, 257023.0], [0.1325, 224881.0], [0.13249, 305320.0], [0.13248, 414918.0], [0.13247, 332578.0], [0.13246, 274609.0], [0.13245, 450379.0], [0.13244, 208150.0], [0.13243, 131221.0], [0.13242, 133251.0], [0.13241, 325907.0], [0.1324, 694375.0], [0.13239, 72933.0], [0.13238, 416936.0], [0.13237, 289879.0], [0.13236, 158261.0], [0.13235, 273493.0]], "asks": [[0.13255, 23375.0], [0.13256, 67622.0], [0.13257, 96000.0], [0.13258, 164049.0], [0.13259, 205404.0], [0.1326, 283602.0], [0.13261, 297415.0], [0.13262, 461863.0], [0.13263, 240385.0], [0.13264, 368221.0], [0.13265, 788651.0], [0.13266, 282808.0], [0.13267, 461492.0], [0.13268, 780078.0], [0.13269, 431065.0], [0.1327, 599905.0], [0.13271, 430290.0], [0.13272, 437073.0], [0.13273, 235570.0], [0.13274, 319251.0]], "timestamp": "2025-12-19T22:28:52.787645+00:00"}, {"symbol": "DOGEUSDT", "bids": [[0.13258, 89322.0], [0.13257, 133546.0], [0.13256, 166105.0], [0.13255, 257001.0], [0.13254, 152859.0], [0.13253, 66838.0], [0.13252, 206308.0], [0.13251, 162293.0], [0.1325, 260711.0], [0.13249, 306014.0], [0.13248, 319410.0], [0.13247, 212153.0], [0.13246, 423669.0], [0.13245, 684378.0], [0.13244, 153570.0], [0.13243, 179649.0], [0.13242, 496224.0], [0.13241, 458656.0], [0.1324, 167159.0], [0.13239, 199458.0]], "asks": [[0.13259, 143931.0], [0.1326, 40209.0], [0.13261, 193082.0], [0.13262, 296433.0], [0.13263, 201621.0], [0.13264, 185555.0], [0.13265, 607530.0], [0.13266, 211312.0], [0.13267, 384100.0], [0.13268, 647416.0], [0.13269, 375179.0], [0.1327, 484899.0], [0.13271, 481111.0], [0.13272, 505682.0], [0.13273, 306071.0], [0.13274, 450983.0], [0.13275, 450984.0], [0.13276, 1029364.0], [0.13277, 717026.0], [0.13278, 586881.0]], "timestamp": "2025-12-19T22:29:46.764191+00:00"}, {"symbol": "DOGEUSDT", "bids": [[0.13247, 60614.0], [0.13246, 50088.0], [0.13245, 134254.0], [0.13244, 95172.0], [0.13243, 69227.0], [0.13242, 213974.0], [0.13241, 273789.0], [0.1324, 260212.0], [0.13239, 89172.0], [0.13238, 255284.0], [0.13237, 187899.0], [0.13236, 235968.0], [0.13235, 358549.0], [0.13234, 879273.0], [0.13233, 847592.0], [0.13232, 193087.0], [0.13231, 467508.0], [0.1323, 88970.0], [0.13229, 639062.0], [0.13228, 150047.0]], "asks": [[0.13248, 101689.0], [0.13249, 165700.0], [0.1325, 289435.0], [0.13251, 158931.0], [0.13252, 242324.0], [0.13253, 369481.0], [0.13254, 320371.0], [0.13255, 108102.0], [0.13256, 380545.0], [0.13257, 678955.0], [0.13258, 227349.0], [0.13259, 352565.0], [0.1326, 251657.0], [0.13261, 288687.0], [0.13262, 319726.0], [0.13263, 161966.0], [0.13264, 328317.0], [0.13265, 500458.0], [0.13266, 455217.0], [0.13267, 566928.0]], "timestamp": "2025-12-19T22:30:41.037685+00:00"}, {"symbol": "DOGEUSDT", "bids": [[0.13246, 195309.0], [0.13245, 36384.0], [0.13244, 95810.0], [0.13243, 146246.0], [0.13242, 89123.0], [0.13241, 216590.0], [0.1324, 267117.0], [0.13239, 222135.0], [0.13238, 167781.0], [0.13237, 348527.0], [0.13236, 291194.0], [0.13235, 325524.0], [0.13234, 129006.0], [0.13233, 521521.0], [0.13232, 311179.0], [0.13231, 395263.0], [0.1323, 383490.0], [0.13229, 520570.0], [0.13228, 311508.0], [0.13227, 241527.0]], "asks": [[0.13247, 15277.0], [0.13248, 55365.0], [0.13249, 165401.0], [0.1325, 321600.0], [0.13251, 245305.0], [0.13252, 302703.0], [0.13253, 292048.0], [0.13254, 344374.0], [0.13255, 163108.0], [0.13256, 706167.0], [0.13257, 461443.0], [0.13258, 257004.0], [0.13259, 269794.0], [0.1326, 286907.0], [0.13261, 498413.0], [0.13262, 268313.0], [0.13263, 151788.0], [0.13264, 423068.0], [0.13265, 830257.0], [0.13266, 604062.0]], "timestamp": "2025-12-19T22:31:34.491433+00:00"}, {"symbol": "DOGEUSDT", "bids": [[0.13252, 113093.0], [0.13251, 59989.0], [0.1325, 128243.0], [0.13249, 128722.0], [0.13248, 107427.0], [0.13247, 209550.0], [0.13246, 104963.0], [0.13245, 280754.0], [0.13244, 360734.0], [0.13243, 336739.0], [0.13242, 201283.0], [0.13241, 249820.0], [0.1324, 295543.0], [0.13239, 438645.0], [0.13238, 462196.0], [0.13237, 317695.0], [0.13236, 216653.0], [0.13235, 268901.0], [0.13234, 459546.0], [0.13233, 899125.0]], "asks": [[0.13253, 32771.0], [0.13254, 65585.0], [0.13255, 69386.0], [0.13256, 353642.0], [0.13257, 282735.0], [0.13258, 379046.0], [0.13259, 297123.0], [0.1326, 400368.0], [0.13261, 285810.0], [0.13262, 276583.0], [0.13263, 606932.0], [0.13264, 140261.0], [0.13265, 348262.0], [0.13266, 257011.0], [0.13267, 558276.0], [0.13268, 391469.0], [0.13269, 696970.0], [0.1327, 413012.0], [0.13271, 280196.0], [0.13272, 434469.0]], "timestamp": "2025-12-19T22:32:28.150857+00:00"}, {"symbol": "DOGEUSDT", "bids": [[0.13264, 50165.0], [0.13263, 113025.0], [0.13262, 124584.0], [0.13261, 183626.0], [0.1326, 334154.0], [0.13259, 128671.0], [0.13258, 329747.0], [0.13257, 379266.0], [0.13256, 502234.0], [0.13255, 85358.0], [0.13254, 244597.0], [0.13253, 146735.0], [0.13252, 158745.0], [0.13251, 294878.0], [0.1325, 412405.0], [0.13249, 129176.0], [0.13248, 338528.0], [0.13247, 1161761.0], [0.13246, 222312.0], [0.13245, 260364.0]], "asks": [[0.13265, 86768.0], [0.13266, 76469.0], [0.13267, 145099.0], [0.13268, 230957.0], [0.13269, 139058.0], [0.1327, 281939.0], [0.13271, 199680.0], [0.13272, 469900.0], [0.13273, 285079.0], [0.13274, 462818.0], [0.13275, 577880.0], [0.13276, 323771.0], [0.13277, 337048.0], [0.13278, 336639.0], [0.13279, 126553.0], [0.1328, 382084.0], [0.13281, 274326.0], [0.13282, 494526.0], [0.13283, 548283.0], [0.13284, 462548.0]], "timestamp": "2025-12-19T22:33:21.193950+00:00"}, {"symbol": "DOGEUSDT", "bids": [[0.13266, 162247.0], [0.13265, 70181.0], [0.13264, 79752.0], [0.13263, 139718.0], [0.13262, 253933.0], [0.13261, 123864.0], [0.1326, 229195.0], [0.13259, 136122.0], [0.13258, 373115.0], [0.13257, 304604.0], [0.13256, 205102.0], [0.13255, 240045.0], [0.13254, 1011005.0], [0.13253, 592330.0], [0.13252, 135626.0], [0.13251, 444323.0], [0.1325, 66451.0], [0.13249, 244635.0], [0.13248, 221001.0], [0.13247, 451086.0]], "asks": [[0.13267, 56360.0], [0.13268, 57519.0], [0.13269, 154970.0], [0.1327, 196425.0], [0.13271, 134776.0], [0.13272, 345812.0], [0.13273, 341909.0], [0.13274, 229994.0], [0.13275, 407808.0], [0.13276, 292004.0], [0.13277, 748310.0], [0.13278, 155677.0], [0.13279, 200567.0], [0.1328, 405595.0], [0.13281, 332962.0], [0.13282, 562501.0], [0.13283, 168150.0], [0.13284, 365497.0], [0.13285, 182331.0], [0.13286, 572764.0]], "timestamp": "2025-12-19T22:34:14.749875+00:00"}, {"symbol": "DOGEUSDT", "bids": [[0.13263, 93066.0], [0.13262, 147678.0], [0.13261, 117989.0], [0.1326, 245316.0], [0.13259, 120700.0], [0.13258, 320105.0], [0.13257, 190317.0], [0.13256, 513793.0], [0.13255, 127710.0], [0.13254, 292195.0], [0.13253, 174974.0], [0.13252, 236364.0], [0.13251, 268723.0], [0.1325, 345024.0], [0.13249, 253032.0], [0.13248, 362628.0], [0.13247, 453967.0], [0.13246, 347043.0], [0.13245, 939514.0], [0.13244, 395520.0]], "asks": [[0.13264, 33566.0], [0.13265, 15216.0], [0.13266, 115014.0], [0.13267, 160157.0], [0.13268, 152744.0], [0.13269, 296774.0], [0.1327, 221719.0], [0.13271, 179610.0], [0.13272, 117128.0], [0.13273, 422748.0], [0.13274, 636618.0], [0.13275, 345633.0], [0.13276, 204010.0], [0.13277, 199493.0], [0.13278, 135686.0], [0.13279, 318518.0], [0.1328, 325681.0], [0.13281, 661876.0], [0.13282, 675883.0], [0.13283, 262945.0]], "timestamp": "2025-12-19T22:35:10.353533+00:00"}, {"symbol": "DOGEUSDT", "bids": [[0.13269, 148761.0], [0.13268, 154202.0], [0.13267, 119369.0], [0.13266, 280660.0], [0.13265, 166595.0], [0.13264, 309190.0], [0.13263, 137240.0], [0.13262, 342382.0], [0.13261, 326283.0], [0.1326, 342740.0], [0.13259, 241075.0], [0.13258, 281069.0], [0.13257, 192823.0], [0.13256, 439387.0], [0.13255, 147909.0], [0.13254, 268613.0], [0.13253, 104260.0], [0.13252, 678098.0], [0.13251, 222626.0], [0.1325, 136602.0]], "asks": [[0.1327, 58839.0], [0.13271, 71325.0], [0.13272, 142174.0], [0.13273, 127342.0], [0.13274, 134134.0], [0.13275, 287366.0], [0.13276, 170451.0], [0.13277, 435159.0], [0.13278, 337212.0], [0.13279, 231376.0], [0.1328, 350094.0], [0.13281, 1008273.0], [0.13282, 307946.0], [0.13283, 344693.0], [0.13284, 311242.0], [0.13285, 173407.0], [0.13286, 554073.0], [0.13287, 1142378.0], [0.13288, 245313.0], [0.13289, 288877.0]], "timestamp": "2025-12-19T22:36:04.012288+00:00"}, {"symbol": "DOGEUSDT", "bids": [[0.13262, 66544.0], [0.13261, 97732.0], [0.1326, 102470.0], [0.13259, 119299.0], [0.13258, 300482.0], [0.13257, 192665.0], [0.13256, 182193.0], [0.13255, 165678.0], [0.13254, 356391.0], [0.13253, 271206.0], [0.13252, 172592.0], [0.13251, 176828.0], [0.1325, 98797.0], [0.13249, 292796.0], [0.13248, 515400.0], [0.13247, 611400.0], [0.13246, 243110.0], [0.13245, 244261.0], [0.13244, 447840.0], [0.13243, 1114846.0]], "asks": [[0.13263, 68037.0], [0.13264, 17868.0], [0.13265, 96898.0], [0.13266, 227083.0], [0.13267, 182911.0], [0.13268, 311181.0], [0.13269, 287850.0], [0.1327, 250365.0], [0.13271, 334280.0], [0.13272, 227335.0], [0.13273, 701609.0], [0.13274, 299356.0], [0.13275, 200022.0], [0.13276, 233098.0], [0.13277, 245547.0], [0.13278, 398803.0], [0.13279, 739682.0], [0.1328, 345788.0], [0.13281, 456741.0], [0.13282, 1021310.0]], "timestamp": "2025-12-19T22:36:57.670681+00:00"}, {"symbol": "DOGEUSDT", "bids": [[0.1327, 166032.0], [0.13269, 265878.0], [0.13268, 190812.0], [0.13267, 156993.0], [0.13266, 158411.0], [0.13265, 284309.0], [0.13264, 189919.0], [0.13263, 259025.0], [0.13262, 194087.0], [0.13261, 240220.0], [0.1326, 273551.0], [0.13259, 88716.0], [0.13258, 264385.0], [0.13257, 232811.0], [0.13256, 553541.0], [0.13255, 366466.0], [0.13254, 288795.0], [0.13253, 115304.0], [0.13252, 402146.0], [0.13251, 1302630.0]], "asks": [[0.13271, 30872.0], [0.13272, 81646.0], [0.13273, 156460.0], [0.13274, 157411.0], [0.13275, 416237.0], [0.13276, 198038.0], [0.13277, 306716.0], [0.13278, 262423.0], [0.13279, 603914.0], [0.1328, 352175.0], [0.13281, 326055.0], [0.13282, 1009527.0], [0.13283, 302906.0], [0.13284, 988076.0], [0.13285, 198718.0], [0.13286, 289485.0], [0.13287, 511820.0], [0.13288, 313847.0], [0.13289, 466510.0], [0.1329, 449596.0]], "timestamp": "2025-12-19T22:37:51.328560+00:00"}, {"symbol": "DOGEUSDT", "bids": [[0.13278, 143565.0], [0.13277, 127970.0], [0.13276, 117760.0], [0.13275, 126542.0], [0.13274, 140100.0], [0.13273, 294488.0], [0.13272, 130421.0], [0.13271, 197217.0], [0.1327, 325869.0], [0.13269, 453030.0], [0.13268, 99095.0], [0.13267, 196811.0], [0.13266, 121628.0], [0.13265, 289172.0], [0.13264, 398231.0], [0.13263, 420436.0], [0.13262, 221348.0], [0.13261, 256071.0], [0.1326, 311780.0], [0.13259, 1084059.0]], "asks": [[0.13279, 39559.0], [0.1328, 59751.0], [0.13281, 167001.0], [0.13282, 217576.0], [0.13283, 112317.0], [0.13284, 262086.0], [0.13285, 260590.0], [0.13286, 234530.0], [0.13287, 273733.0], [0.13288, 466884.0], [0.13289, 328547.0], [0.1329, 927207.0], [0.13291, 319271.0], [0.13292, 240426.0], [0.13293, 201383.0], [0.13294, 461478.0], [0.13295, 657732.0], [0.13296, 378854.0], [0.13297, 492630.0], [0.13298, 499784.0]], "timestamp": "2025-12-19T22:38:46.050048+00:00"}