[{"id": "981478487", "price": 0.13232, "amount": 91.0, "side": "buy", "timestamp": 1766187722021}, {"id": "981478488", "price": 0.13232, "amount": 283633.0, "side": "buy", "timestamp": 1766187722309}, {"id": "981478489", "price": 0.13233, "amount": 19825.0, "side": "buy", "timestamp": 1766187722327}, {"id": "981478490", "price": 0.13234, "amount": 61596.0, "side": "buy", "timestamp": 1766187722381}, {"id": "981478491", "price": 0.13235, "amount": 5922.0, "side": "buy", "timestamp": 1766187722414}, {"id": "981478492", "price": 0.13236, "amount": 1520.0, "side": "buy", "timestamp": 1766187722423}, {"id": "981478493", "price": 0.13235, "amount": 264.0, "side": "sell", "timestamp": 1766187722459}, {"id": "981478494", "price": 0.13235, "amount": 954.0, "side": "sell", "timestamp": 1766187722600}, {"id": "981478495", "price": 0.13236, "amount": 55.0, "side": "buy", "timestamp": 1766187722710}, {"id": "981478496", "price": 0.13236, "amount": 106.0, "side": "buy", "timestamp": 1766187722815}, {"id": "981478497", "price": 0.13235, "amount": 377.0, "side": "sell", "timestamp": 1766187723276}, {"id": "981478498", "price": 0.13235, "amount": 51.0, "side": "sell", "timestamp": 1766187723935}, {"id": "981478499", "price": 0.13236, "amount": 106.0, "side": "buy", "timestamp": 1766187724043}, {"id": "981478500", "price": 0.13236, "amount": 155.0, "side": "buy", "timestamp": 1766187724700}, {"id": "981478501", "price": 0.13235, "amount": 23716.0, "side": "sell", "timestamp": 1766187725216}, {"id": "981478502", "price": 0.13236, "amount": 106.0, "side": "buy", "timestamp": 1766187726058}, {"id": "981478503", "price": 0.13236, "amount": 53.0, "side": "buy", "timestamp": 1766187726842}, {"id": "981478504", "price": 0.13235, "amount": 105318.0, "side": "sell", "timestamp": 1766187727454}, {"id": "981478505", "price": 0.13235, "amount": 100.0, "side": "buy", "timestamp": 1766187727792}, {"id": "981478506", "price": 0.13235, "amount": 106.0, "side": "buy", "timestamp": 1766187728099}, {"id": "981478507", "price": 0.13235, "amount": 106.0, "side": "buy", "timestamp": 1766187730137}, {"id": "981478508", "price": 0.13235, "amount": 33731.0, "side": "buy", "timestamp": 1766187730636}, {"id": "981478509", "price": 0.13236, "amount": 99.0, "side": "buy", "timestamp": 1766187731305}, {"id": "981478510", "price": 0.13236, "amount": 70.0, "side": "buy", "timestamp": 1766187734663}, {"id": "981478511", "price": 0.13236, "amount": 1955.0, "side": "buy", "timestamp": 1766187735339}, {"id": "981478512", "price": 0.13236, "amount": 1051.0, "side": "buy", "timestamp": 1766187735916}, {"id": "981478513", "price": 0.13236, "amount": 134.0, "side": "buy", "timestamp": 1766187736534}, {"id": "981478514", "price": 0.13235, "amount": 50.0, "side": "sell", "timestamp": 1766187737527}, {"id": "981478515", "price": 0.13236, "amount": 81.0, "side": "buy", "timestamp": 1766187738189}, {"id": "981478516", "price": 0.13236, "amount": 153290.0, "side": "buy", "timestamp": 1766187742602}, {"id": "981478517", "price": 0.13237, "amount": 4277.0, "side": "buy", "timestamp": 1766187742602}, {"id": "981478518", "price": 0.13238, "amount": 100616.0, "side": "buy", "timestamp": 1766187742602}, {"id": "981478519", "price": 0.13239, "amount": 82502.0, "side": "buy", "timestamp": 1766187742608}, {"id": "981478520", "price": 0.1324, "amount": 5177.0, "side": "buy", "timestamp": 1766187742687}, {"id": "981478521", "price": 0.13239, "amount": 4999.0, "side": "sell", "timestamp": 1766187742918}, {"id": "981478522", "price": 0.1324, "amount": 61.0, "side": "buy", "timestamp": 1766187743205}, {"id": "981478523", "price": 0.1324, "amount": 95080.0, "side": "buy", "timestamp": 1766187743790}, {"id": "981478524", "price": 0.13241, "amount": 212009.0, "side": "buy", "timestamp": 1766187743790}, {"id": "981478525", "price": 0.13242, "amount": 202521.0, "side": "buy", "timestamp": 1766187743790}, {"id": "981478526", "price": 0.13243, "amount": 87855.0, "side": "buy", "timestamp": 1766187743790}, {"id": "981478527", "price": 0.13242, "amount": 52709.0, "side": "sell", "timestamp": 1766187743797}, {"id": "981478528", "price": 0.13241, "amount": 8136.0, "side": "sell", "timestamp": 1766187743836}, {"id": "981478529", "price": 0.1324, "amount": 2265.0, "side": "sell", "timestamp": 1766187744037}, {"id": "981478530", "price": 0.13241, "amount": 106.0, "side": "buy", "timestamp": 1766187744080}, {"id": "981478531", "price": 0.13241, "amount": 14052.0, "side": "buy", "timestamp": 1766187745191}, {"id": "981478532", "price": 0.1324, "amount": 1293.0, "side": "sell", "timestamp": 1766187745378}, {"id": "981478533", "price": 0.13241, "amount": 106.0, "side": "buy", "timestamp": 1766187746114}, {"id": "981478534", "price": 0.1324, "amount": 45.0, "side": "sell", "timestamp": 1766187746440}, {"id": "981478535", "price": 0.13241, "amount": 74.0, "side": "buy", "timestamp": 1766187746772}, {"id": "981478536", "price": 0.13241, "amount": 106.0, "side": "buy", "timestamp": 1766187748141}, {"id": "981478593", "price": 0.13251, "amount": 51.0, "side": "sell", "timestamp": 1766187780501}, {"id": "981478594", "price": 0.13251, "amount": 483.0, "side": "sell", "timestamp": 1766187781576}, {"id": "981478595", "price": 0.13252, "amount": 6229.0, "side": "buy", "timestamp": 1766187781944}, {"id": "981478596", "price": 0.13251, "amount": 280301.0, "side": "sell", "timestamp": 1766187782033}, {"id": "981478597", "price": 0.1325, "amount": 20116.0, "side": "sell", "timestamp": 1766187782036}, {"id": "981478598", "price": 0.13249, "amount": 72689.0, "side": "sell", "timestamp": 1766187782042}, {"id": "981478599", "price": 0.13248, "amount": 13862.0, "side": "sell", "timestamp": 1766187782054}, {"id": "981478600", "price": 0.13248, "amount": 7645.0, "side": "buy", "timestamp": 1766187782157}, {"id": "981478601", "price": 0.13248, "amount": 51.0, "side": "buy", "timestamp": 1766187782329}, {"id": "981478602", "price": 0.13248, "amount": 169.0, "side": "buy", "timestamp": 1766187782460}, {"id": "981478603", "price": 0.13247, "amount": 1980.0, "side": "sell", "timestamp": 1766187782517}, {"id": "981478604", "price": 0.13248, "amount": 185.0, "side": "buy", "timestamp": 1766187782542}, {"id": "981478605", "price": 0.13248, "amount": 1000.0, "side": "buy", "timestamp": 1766187783062}, {"id": "981478606", "price": 0.13247, "amount": 113.0, "side": "sell", "timestamp": 1766187783324}, {"id": "981478607", "price": 0.13248, "amount": 106.0, "side": "buy", "timestamp": 1766187784064}, {"id": "981478608", "price": 0.13248, "amount": 3625.0, "side": "buy", "timestamp": 1766187785486}, {"id": "981478609", "price": 0.13248, "amount": 106.0, "side": "buy", "timestamp": 1766187786076}, {"id": "981478610", "price": 0.13247, "amount": 18476.0, "side": "sell", "timestamp": 1766187787682}, {"id": "981478611", "price": 0.13247, "amount": 44.0, "side": "buy", "timestamp": 1766187787918}, {"id": "981478612", "price": 0.13247, "amount": 106.0, "side": "buy", "timestamp": 1766187788094}, {"id": "981478613", "price": 0.13246, "amount": 29336.0, "side": "sell", "timestamp": 1766187790086}, {"id": "981478614", "price": 0.13246, "amount": 106.0, "side": "buy", "timestamp": 1766187790202}, {"id": "981478615", "price": 0.13245, "amount": 500.0, "side": "sell", "timestamp": 1766187790284}, {"id": "981478616", "price": 0.13245, "amount": 21746.0, "side": "sell", "timestamp": 1766187791125}, {"id": "981478617", "price": 0.13245, "amount": 91.0, "side": "sell", "timestamp": 1766187791682}, {"id": "981478618", "price": 0.13246, "amount": 234.0, "side": "buy", "timestamp": 1766187791762}, {"id": "981478619", "price": 0.13246, "amount": 106.0, "side": "buy", "timestamp": 1766187792051}, {"id": "981478620", "price": 0.13246, "amount": 66.0, "side": "buy", "timestamp": 1766187792806}, {"id": "981478621", "price": 0.13246, "amount": 41.0, "side": "buy", "timestamp": 1766187793907}, {"id": "981478622", "price": 0.13246, "amount": 169.0, "side": "buy", "timestamp": 1766187794083}, {"id": "981478623", "price": 0.13245, "amount": 9518.0, "side": "sell", "timestamp": 1766187795332}, {"id": "981478624", "price": 0.13245, "amount": 48.0, "side": "buy", "timestamp": 1766187795683}, {"id": "981478625", "price": 0.13245, "amount": 106.0, "side": "buy", "timestamp": 1766187796166}, {"id": "981478626", "price": 0.13245, "amount": 165.0, "side": "buy", "timestamp": 1766187796317}, {"id": "981478627", "price": 0.13245, "amount": 46.0, "side": "buy", "timestamp": 1766187797062}, {"id": "981478628", "price": 0.13245, "amount": 92.0, "side": "buy", "timestamp": 1766187797261}, {"id": "981478629", "price": 0.13244, "amount": 51.0, "side": "sell", "timestamp": 1766187797360}, {"id": "981478630", "price": 0.13245, "amount": 106.0, "side": "buy", "timestamp": 1766187798188}, {"id": "981478631", "price": 0.13244, "amount": 61947.0, "side": "sell", "timestamp": 1766187799215}, {"id": "981478632", "price": 0.13243, "amount": 3098.0, "side": "sell", "timestamp": 1766187799215}, {"id": "981478633", "price": 0.13244, "amount": 170.0, "side": "buy", "timestamp": 1766187799619}, {"id": "981478634", "price": 0.13244, "amount": 106.0, "side": "buy", "timestamp": 1766187800212}, {"id": "981478635", "price": 0.13243, "amount": 37758.0, "side": "sell", "timestamp": 1766187800535}, {"id": "981478636", "price": 0.13244, "amount": 106.0, "side": "buy", "timestamp": 1766187802044}, {"id": "981478637", "price": 0.13244, "amount": 113.0, "side": "buy", "timestamp": 1766187803751}, {"id": "981478638", "price": 0.13243, "amount": 79.0, "side": "sell", "timestamp": 1766187804042}, {"id": "981478639", "price": 0.13244, "amount": 106.0, "side": "buy", "timestamp": 1766187804078}, {"id": "981478640", "price": 0.13244, "amount": 149.0, "side": "buy", "timestamp": 1766187804421}, {"id": "981478641", "price": 0.13244, "amount": 840.0, "side": "buy", "timestamp": 1766187805330}, {"id": "981478642", "price": 0.13244, "amount": 124.0, "side": "buy", "timestamp": 1766187805480}, {"id": "981478707", "price": 0.1324, "amount": 106.0, "side": "buy", "timestamp": 1766187842103}, {"id": "981478708", "price": 0.1324, "amount": 243.0, "side": "buy", "timestamp": 1766187842404}, {"id": "981478709", "price": 0.13239, "amount": 494.0, "side": "sell", "timestamp": 1766187842934}, {"id": "981478710", "price": 0.1324, "amount": 60.0, "side": "buy", "timestamp": 1766187843199}, {"id": "981478711", "price": 0.13239, "amount": 248.0, "side": "sell", "timestamp": 1766187843382}, {"id": "981478712", "price": 0.13239, "amount": 1.0, "side": "sell", "timestamp": 1766187843919}, {"id": "981478713", "price": 0.1324, "amount": 106.0, "side": "buy", "timestamp": 1766187844115}, {"id": "981478714", "price": 0.1324, "amount": 48.0, "side": "buy", "timestamp": 1766187844578}, {"id": "981478715", "price": 0.13239, "amount": 50.0, "side": "sell", "timestamp": 1766187844702}, {"id": "981478716", "price": 0.1324, "amount": 196.0, "side": "buy", "timestamp": 1766187844746}, {"id": "981478717", "price": 0.1324, "amount": 468.0, "side": "buy", "timestamp": 1766187844976}, {"id": "981478718", "price": 0.1324, "amount": 85363.0, "side": "buy", "timestamp": 1766187845191}, {"id": "981478719", "price": 0.13241, "amount": 931.0, "side": "buy", "timestamp": 1766187845290}, {"id": "981478720", "price": 0.13241, "amount": 1304.0, "side": "buy", "timestamp": 1766187845515}, {"id": "981478721", "price": 0.13241, "amount": 321.0, "side": "buy", "timestamp": 1766187845755}, {"id": "981478722", "price": 0.13241, "amount": 950.0, "side": "buy", "timestamp": 1766187845944}, {"id": "981478723", "price": 0.13241, "amount": 106.0, "side": "buy", "timestamp": 1766187846161}, {"id": "981478724", "price": 0.13241, "amount": 62.0, "side": "buy", "timestamp": 1766187846372}, {"id": "981478725", "price": 0.1324, "amount": 2265.0, "side": "sell", "timestamp": 1766187847037}, {"id": "981478726", "price": 0.13241, "amount": 106.0, "side": "buy", "timestamp": 1766187848005}, {"id": "981478727", "price": 0.13241, "amount": 42.0, "side": "buy", "timestamp": 1766187849781}, {"id": "981478728", "price": 0.1324, "amount": 46.0, "side": "sell", "timestamp": 1766187849919}, {"id": "981478729", "price": 0.13241, "amount": 106.0, "side": "buy", "timestamp": 1766187850040}, {"id": "981478730", "price": 0.13241, "amount": 333.0, "side": "buy", "timestamp": 1766187850244}, {"id": "981478731", "price": 0.13241, "amount": 61.0, "side": "buy", "timestamp": 1766187851007}, {"id": "981478732", "price": 0.1324, "amount": 5341.0, "side": "sell", "timestamp": 1766187851017}, {"id": "981478733", "price": 0.1324, "amount": 660.0, "side": "buy", "timestamp": 1766187851351}, {"id": "981478734", "price": 0.13239, "amount": 14310.0, "side": "sell", "timestamp": 1766187851709}, {"id": "981478735", "price": 0.13239, "amount": 58.0, "side": "buy", "timestamp": 1766187851900}, {"id": "981478736", "price": 0.13239, "amount": 106.0, "side": "buy", "timestamp": 1766187852083}, {"id": "981478737", "price": 0.13238, "amount": 20438.0, "side": "sell", "timestamp": 1766187852668}, {"id": "981478738", "price": 0.13238, "amount": 106.0, "side": "buy", "timestamp": 1766187854111}, {"id": "981478739", "price": 0.13237, "amount": 893.0, "side": "sell", "timestamp": 1766187855374}, {"id": "981478740", "price": 0.13238, "amount": 106.0, "side": "buy", "timestamp": 1766187856140}, {"id": "981478741", "price": 0.13237, "amount": 3216.0, "side": "sell", "timestamp": 1766187856160}, {"id": "981478742", "price": 0.13238, "amount": 200.0, "side": "buy", "timestamp": 1766187856276}, {"id": "981478743", "price": 0.13237, "amount": 51.0, "side": "sell", "timestamp": 1766187856979}, {"id": "981478744", "price": 0.13238, "amount": 255.0, "side": "buy", "timestamp": 1766187857250}, {"id": "981478745", "price": 0.13238, "amount": 66.0, "side": "buy", "timestamp": 1766187857538}, {"id": "981478746", "price": 0.13238, "amount": 106.0, "side": "buy", "timestamp": 1766187858165}, {"id": "981478747", "price": 0.13238, "amount": 465.0, "side": "buy", "timestamp": 1766187859050}, {"id": "981478748", "price": 0.13237, "amount": 644.0, "side": "sell", "timestamp": 1766187859746}, {"id": "981478749", "price": 0.13238, "amount": 45198.0, "side": "buy", "timestamp": 1766187859969}, {"id": "981478750", "price": 0.13239, "amount": 106.0, "side": "buy", "timestamp": 1766187860187}, {"id": "981478751", "price": 0.13238, "amount": 27242.0, "side": "sell", "timestamp": 1766187861716}, {"id": "981478752", "price": 0.13238, "amount": 106.0, "side": "buy", "timestamp": 1766187862026}, {"id": "981478753", "price": 0.13237, "amount": 171413.0, "side": "sell", "timestamp": 1766187862611}, {"id": "981478754", "price": 0.13236, "amount": 55207.0, "side": "sell", "timestamp": 1766187862612}, {"id": "981478755", "price": 0.13237, "amount": 40.0, "side": "buy", "timestamp": 1766187863533}, {"id": "981478756", "price": 0.13236, "amount": 91.0, "side": "sell", "timestamp": 1766187863657}, {"id": "981478794", "price": 0.13238, "amount": 106.0, "side": "buy", "timestamp": 1766187890104}, {"id": "981478795", "price": 0.13237, "amount": 7656.0, "side": "sell", "timestamp": 1766187890279}, {"id": "981478796", "price": 0.13238, "amount": 106.0, "side": "buy", "timestamp": 1766187892132}, {"id": "981478797", "price": 0.13238, "amount": 12635.0, "side": "buy", "timestamp": 1766187892470}, {"id": "981478798", "price": 0.13238, "amount": 106.0, "side": "buy", "timestamp": 1766187894155}, {"id": "981478799", "price": 0.13237, "amount": 1889.0, "side": "sell", "timestamp": 1766187894764}, {"id": "981478800", "price": 0.13238, "amount": 106.0, "side": "buy", "timestamp": 1766187896167}, {"id": "981478801", "price": 0.13238, "amount": 129.0, "side": "buy", "timestamp": 1766187896407}, {"id": "981478802", "price": 0.13238, "amount": 124.0, "side": "buy", "timestamp": 1766187896625}, {"id": "981478803", "price": 0.13237, "amount": 377.0, "side": "sell", "timestamp": 1766187896668}, {"id": "981478804", "price": 0.13237, "amount": 1392.0, "side": "sell", "timestamp": 1766187897141}, {"id": "981478805", "price": 0.13238, "amount": 502.0, "side": "buy", "timestamp": 1766187897320}, {"id": "981478806", "price": 0.13238, "amount": 6947.0, "side": "buy", "timestamp": 1766187897948}, {"id": "981478807", "price": 0.13238, "amount": 106.0, "side": "buy", "timestamp": 1766187898182}, {"id": "981478808", "price": 0.13237, "amount": 47.0, "side": "sell", "timestamp": 1766187899045}, {"id": "981478809", "price": 0.13237, "amount": 90.0, "side": "sell", "timestamp": 1766187899671}, {"id": "981478810", "price": 0.13238, "amount": 93071.0, "side": "buy", "timestamp": 1766187900008}, {"id": "981478811", "price": 0.13238, "amount": 106.0, "side": "buy", "timestamp": 1766187900216}, {"id": "981478812", "price": 0.13237, "amount": 46440.0, "side": "sell", "timestamp": 1766187900461}, {"id": "981478813", "price": 0.13237, "amount": 46.0, "side": "buy", "timestamp": 1766187900781}, {"id": "981478814", "price": 0.13237, "amount": 756.0, "side": "buy", "timestamp": 1766187901252}, {"id": "981478815", "price": 0.13237, "amount": 991.0, "side": "buy", "timestamp": 1766187901528}, {"id": "981478816", "price": 0.13236, "amount": 38242.0, "side": "sell", "timestamp": 1766187901643}, {"id": "981478817", "price": 0.13236, "amount": 74.0, "side": "buy", "timestamp": 1766187901664}, {"id": "981478818", "price": 0.13236, "amount": 124.0, "side": "buy", "timestamp": 1766187901810}, {"id": "981478819", "price": 0.13235, "amount": 10000.0, "side": "sell", "timestamp": 1766187902168}, {"id": "981478820", "price": 0.13235, "amount": 51.0, "side": "sell", "timestamp": 1766187902837}, {"id": "981478821", "price": 0.13236, "amount": 133.0, "side": "buy", "timestamp": 1766187903208}, {"id": "981478822", "price": 0.13236, "amount": 2457.0, "side": "buy", "timestamp": 1766187903401}, {"id": "981478823", "price": 0.13235, "amount": 158.0, "side": "sell", "timestamp": 1766187903475}, {"id": "981478824", "price": 0.13236, "amount": 60.0, "side": "buy", "timestamp": 1766187903859}, {"id": "981478825", "price": 0.13236, "amount": 214.0, "side": "buy", "timestamp": 1766187904299}, {"id": "981478826", "price": 0.13236, "amount": 17820.0, "side": "buy", "timestamp": 1766187904634}, {"id": "981478827", "price": 0.13237, "amount": 18913.0, "side": "buy", "timestamp": 1766187904702}, {"id": "981478828", "price": 0.13238, "amount": 121.0, "side": "buy", "timestamp": 1766187904797}, {"id": "981478829", "price": 0.13238, "amount": 62646.0, "side": "buy", "timestamp": 1766187904970}, {"id": "981478830", "price": 0.13239, "amount": 9609.0, "side": "buy", "timestamp": 1766187905029}, {"id": "981478831", "price": 0.13239, "amount": 679.0, "side": "buy", "timestamp": 1766187905353}, {"id": "981478832", "price": 0.13239, "amount": 35477.0, "side": "buy", "timestamp": 1766187905613}, {"id": "981478833", "price": 0.1324, "amount": 95.0, "side": "buy", "timestamp": 1766187905946}, {"id": "981478834", "price": 0.1324, "amount": 116.0, "side": "buy", "timestamp": 1766187907415}, {"id": "981478835", "price": 0.1324, "amount": 106.0, "side": "buy", "timestamp": 1766187911060}, {"id": "981478836", "price": 0.1324, "amount": 81.0, "side": "buy", "timestamp": 1766187912091}, {"id": "981478837", "price": 0.1324, "amount": 6373.0, "side": "buy", "timestamp": 1766187912444}, {"id": "981478838", "price": 0.13239, "amount": 50.0, "side": "sell", "timestamp": 1766187912814}, {"id": "981478839", "price": 0.1324, "amount": 106.0, "side": "buy", "timestamp": 1766187913074}, {"id": "981478840", "price": 0.13239, "amount": 14356.0, "side": "sell", "timestamp": 1766187915029}, {"id": "981478841", "price": 0.13239, "amount": 106.0, "side": "buy", "timestamp": 1766187915088}, {"id": "981478842", "price": 0.13239, "amount": 106.0, "side": "buy", "timestamp": 1766187917101}, {"id": "981478843", "price": 0.13239, "amount": 659.0, "side": "buy", "timestamp": 1766187917653}, {"id": "981478889", "price": 0.13238, "amount": 106.0, "side": "buy", "timestamp": 1766187949125}, {"id": "981478890", "price": 0.13237, "amount": 51.0, "side": "sell", "timestamp": 1766187949654}, {"id": "981478891", "price": 0.13238, "amount": 130.0, "side": "buy", "timestamp": 1766187950853}, {"id": "981478892", "price": 0.13238, "amount": 79.0, "side": "buy", "timestamp": 1766187950988}, {"id": "981478893", "price": 0.13238, "amount": 106.0, "side": "buy", "timestamp": 1766187951155}, {"id": "981478894", "price": 0.13237, "amount": 345.0, "side": "sell", "timestamp": 1766187952457}, {"id": "981478895", "price": 0.13238, "amount": 106.0, "side": "buy", "timestamp": 1766187953183}, {"id": "981478896", "price": 0.13238, "amount": 63.0, "side": "buy", "timestamp": 1766187953574}, {"id": "981478897", "price": 0.13237, "amount": 3625.0, "side": "sell", "timestamp": 1766187954534}, {"id": "981478898", "price": 0.13238, "amount": 106.0, "side": "buy", "timestamp": 1766187955219}, {"id": "981478899", "price": 0.13237, "amount": 178.0, "side": "sell", "timestamp": 1766187956216}, {"id": "981478900", "price": 0.13238, "amount": 200.0, "side": "buy", "timestamp": 1766187956311}, {"id": "981478901", "price": 0.13238, "amount": 161.0, "side": "buy", "timestamp": 1766187956884}, {"id": "981478902", "price": 0.13238, "amount": 106.0, "side": "buy", "timestamp": 1766187957031}, {"id": "981478903", "price": 0.13237, "amount": 1826.0, "side": "sell", "timestamp": 1766187957203}, {"id": "981478904", "price": 0.13237, "amount": 570.0, "side": "sell", "timestamp": 1766187957407}, {"id": "981478905", "price": 0.13238, "amount": 12760.0, "side": "buy", "timestamp": 1766187957766}, {"id": "981478906", "price": 0.13237, "amount": 154.0, "side": "sell", "timestamp": 1766187957967}, {"id": "981478907", "price": 0.13238, "amount": 53.0, "side": "buy", "timestamp": 1766187958324}, {"id": "981478908", "price": 0.13237, "amount": 56.0, "side": "sell", "timestamp": 1766187958398}, {"id": "981478909", "price": 0.13238, "amount": 45.0, "side": "buy", "timestamp": 1766187958980}, {"id": "981478910", "price": 0.13237, "amount": 125.0, "side": "sell", "timestamp": 1766187959071}, {"id": "981478911", "price": 0.13238, "amount": 106.0, "side": "buy", "timestamp": 1766187959083}, {"id": "981478912", "price": 0.13238, "amount": 106.0, "side": "buy", "timestamp": 1766187961132}, {"id": "981478913", "price": 0.13237, "amount": 360.0, "side": "sell", "timestamp": 1766187961150}, {"id": "981478914", "price": 0.13237, "amount": 51.0, "side": "sell", "timestamp": 1766187961598}, {"id": "981478915", "price": 0.13238, "amount": 42.0, "side": "buy", "timestamp": 1766187962443}, {"id": "981478916", "price": 0.13238, "amount": 1113.0, "side": "buy", "timestamp": 1766187962605}, {"id": "981478917", "price": 0.13238, "amount": 69.0, "side": "buy", "timestamp": 1766187962733}, {"id": "981478918", "price": 0.13237, "amount": 118.0, "side": "sell", "timestamp": 1766187962990}, {"id": "981478919", "price": 0.13238, "amount": 115.0, "side": "buy", "timestamp": 1766187963009}, {"id": "981478920", "price": 0.13238, "amount": 106.0, "side": "buy", "timestamp": 1766187963190}, {"id": "981478921", "price": 0.13237, "amount": 78.0, "side": "sell", "timestamp": 1766187963549}, {"id": "981478922", "price": 0.13238, "amount": 679.0, "side": "buy", "timestamp": 1766187964381}, {"id": "981478923", "price": 0.13237, "amount": 42.0, "side": "sell", "timestamp": 1766187964713}, {"id": "981478924", "price": 0.13238, "amount": 126.0, "side": "buy", "timestamp": 1766187964834}, {"id": "981478925", "price": 0.13238, "amount": 699.0, "side": "buy", "timestamp": 1766187964956}, {"id": "981478926", "price": 0.13238, "amount": 326.0, "side": "buy", "timestamp": 1766187965205}, {"id": "981478927", "price": 0.13238, "amount": 153.0, "side": "buy", "timestamp": 1766187965355}, {"id": "981478928", "price": 0.13238, "amount": 106.0, "side": "buy", "timestamp": 1766187967029}, {"id": "981478929", "price": 0.13237, "amount": 1016.0, "side": "sell", "timestamp": 1766187968405}, {"id": "981478930", "price": 0.13238, "amount": 106.0, "side": "buy", "timestamp": 1766187969051}, {"id": "981478931", "price": 0.13237, "amount": 70.0, "side": "sell", "timestamp": 1766187969931}, {"id": "981478932", "price": 0.13238, "amount": 146.0, "side": "buy", "timestamp": 1766187970048}, {"id": "981478933", "price": 0.13238, "amount": 106.0, "side": "buy", "timestamp": 1766187971101}, {"id": "981478934", "price": 0.13237, "amount": 91.0, "side": "sell", "timestamp": 1766187971678}, {"id": "981478935", "price": 0.13238, "amount": 48.0, "side": "buy", "timestamp": 1766187971714}, {"id": "981478936", "price": 0.13237, "amount": 14180.0, "side": "sell", "timestamp": 1766187971956}, {"id": "981478937", "price": 0.13238, "amount": 106.0, "side": "buy", "timestamp": 1766187973131}, {"id": "981478938", "price": 0.13238, "amount": 71.0, "side": "buy", "timestamp": 1766187974069}, {"id": "981478967", "price": 0.13238, "amount": 100.0, "side": "buy", "timestamp": 1766187996344}, {"id": "981478968", "price": 0.13238, "amount": 106.0, "side": "buy", "timestamp": 1766187997081}, {"id": "981478969", "price": 0.13237, "amount": 113156.0, "side": "sell", "timestamp": 1766187998964}, {"id": "981478970", "price": 0.13237, "amount": 106.0, "side": "buy", "timestamp": 1766187999110}, {"id": "981478971", "price": 0.13237, "amount": 71.0, "side": "buy", "timestamp": 1766187999651}, {"id": "981478972", "price": 0.13237, "amount": 50000.0, "side": "buy", "timestamp": 1766187999818}, {"id": "981478973", "price": 0.13237, "amount": 17901.0, "side": "buy", "timestamp": 1766188000021}, {"id": "981478974", "price": 0.13236, "amount": 75.0, "side": "sell", "timestamp": 1766188000101}, {"id": "981478975", "price": 0.13237, "amount": 118.0, "side": "buy", "timestamp": 1766188000862}, {"id": "981478976", "price": 0.13236, "amount": 14958.0, "side": "sell", "timestamp": 1766188001148}, {"id": "981478977", "price": 0.13237, "amount": 106.0, "side": "buy", "timestamp": 1766188001156}, {"id": "981478978", "price": 0.13237, "amount": 106.0, "side": "buy", "timestamp": 1766188003169}, {"id": "981478979", "price": 0.13236, "amount": 302.0, "side": "sell", "timestamp": 1766188005000}, {"id": "981478980", "price": 0.13237, "amount": 388.0, "side": "buy", "timestamp": 1766188005194}, {"id": "981478981", "price": 0.13236, "amount": 51.0, "side": "sell", "timestamp": 1766188005791}, {"id": "981478982", "price": 0.13236, "amount": 44.0, "side": "sell", "timestamp": 1766188006233}, {"id": "981478983", "price": 0.13237, "amount": 106.0, "side": "buy", "timestamp": 1766188007051}, {"id": "981478984", "price": 0.13236, "amount": 91.0, "side": "sell", "timestamp": 1766188007670}, {"id": "981478985", "price": 0.13237, "amount": 5217.0, "side": "buy", "timestamp": 1766188007816}, {"id": "981478986", "price": 0.13238, "amount": 62833.0, "side": "buy", "timestamp": 1766188007861}, {"id": "981478987", "price": 0.13239, "amount": 106.0, "side": "buy", "timestamp": 1766188009148}, {"id": "981478988", "price": 0.13239, "amount": 64.0, "side": "buy", "timestamp": 1766188009268}, {"id": "981478989", "price": 0.13239, "amount": 377.0, "side": "buy", "timestamp": 1766188010858}, {"id": "981478990", "price": 0.13239, "amount": 106.0, "side": "buy", "timestamp": 1766188011158}, {"id": "981478991", "price": 0.13239, "amount": 59.0, "side": "buy", "timestamp": 1766188011942}, {"id": "981478992", "price": 0.13239, "amount": 106.0, "side": "buy", "timestamp": 1766188013042}, {"id": "981478993", "price": 0.13238, "amount": 226.0, "side": "sell", "timestamp": 1766188013741}, {"id": "981478994", "price": 0.13238, "amount": 73.0, "side": "sell", "timestamp": 1766188013940}, {"id": "981478995", "price": 0.13239, "amount": 106.0, "side": "buy", "timestamp": 1766188015082}, {"id": "981478996", "price": 0.13239, "amount": 106.0, "side": "buy", "timestamp": 1766188017102}, {"id": "981478997", "price": 0.13238, "amount": 1681.0, "side": "sell", "timestamp": 1766188017232}, {"id": "981478998", "price": 0.13239, "amount": 106.0, "side": "buy", "timestamp": 1766188019115}, {"id": "981478999", "price": 0.13238, "amount": 62352.0, "side": "sell", "timestamp": 1766188020237}, {"id": "981479000", "price": 0.13237, "amount": 1463.0, "side": "sell", "timestamp": 1766188020243}, {"id": "981479001", "price": 0.13238, "amount": 1115.0, "side": "buy", "timestamp": 1766188020508}, {"id": "981479002", "price": 0.13238, "amount": 146.0, "side": "buy", "timestamp": 1766188021156}, {"id": "981479003", "price": 0.13238, "amount": 81.0, "side": "buy", "timestamp": 1766188021853}, {"id": "981479004", "price": 0.13238, "amount": 631.0, "side": "buy", "timestamp": 1766188022089}, {"id": "981479005", "price": 0.13238, "amount": 42.0, "side": "buy", "timestamp": 1766188022253}, {"id": "981479006", "price": 0.13238, "amount": 92.0, "side": "buy", "timestamp": 1766188022499}, {"id": "981479007", "price": 0.13238, "amount": 182.0, "side": "buy", "timestamp": 1766188023182}, {"id": "981479008", "price": 0.13238, "amount": 107.0, "side": "buy", "timestamp": 1766188023535}, {"id": "981479009", "price": 0.13238, "amount": 1000.0, "side": "buy", "timestamp": 1766188024365}, {"id": "981479010", "price": 0.13238, "amount": 118.0, "side": "buy", "timestamp": 1766188024844}, {"id": "981479011", "price": 0.13238, "amount": 93.0, "side": "buy", "timestamp": 1766188024956}, {"id": "981479012", "price": 0.13237, "amount": 51.0, "side": "sell", "timestamp": 1766188025005}, {"id": "981479013", "price": 0.13238, "amount": 176.0, "side": "buy", "timestamp": 1766188025192}, {"id": "981479014", "price": 0.13238, "amount": 482.0, "side": "buy", "timestamp": 1766188025306}, {"id": "981479015", "price": 0.13238, "amount": 519.0, "side": "buy", "timestamp": 1766188025537}, {"id": "981479016", "price": 0.13238, "amount": 285.0, "side": "buy", "timestamp": 1766188026031}, {"id": "981479036", "price": 0.13238, "amount": 106.0, "side": "buy", "timestamp": 1766188041013}, {"id": "981479037", "price": 0.13238, "amount": 387.0, "side": "buy", "timestamp": 1766188042136}, {"id": "981479038", "price": 0.13238, "amount": 106.0, "side": "buy", "timestamp": 1766188043068}, {"id": "981479039", "price": 0.13238, "amount": 22342.0, "side": "buy", "timestamp": 1766188043191}, {"id": "981479040", "price": 0.13239, "amount": 55.0, "side": "buy", "timestamp": 1766188043342}, {"id": "981479041", "price": 0.13238, "amount": 90.0, "side": "sell", "timestamp": 1766188043675}, {"id": "981479042", "price": 0.13239, "amount": 106.0, "side": "buy", "timestamp": 1766188045126}, {"id": "981479043", "price": 0.13238, "amount": 1980.0, "side": "sell", "timestamp": 1766188045967}, {"id": "981479044", "price": 0.13239, "amount": 176.0, "side": "buy", "timestamp": 1766188047049}, {"id": "981479045", "price": 0.13238, "amount": 189.0, "side": "sell", "timestamp": 1766188047310}, {"id": "981479046", "price": 0.13239, "amount": 41.0, "side": "buy", "timestamp": 1766188047680}, {"id": "981479047", "price": 0.13239, "amount": 106.0, "side": "buy", "timestamp": 1766188049169}, {"id": "981479048", "price": 0.13239, "amount": 189.0, "side": "buy", "timestamp": 1766188049688}, {"id": "981479049", "price": 0.13238, "amount": 4000.0, "side": "sell", "timestamp": 1766188049978}, {"id": "981479050", "price": 0.13239, "amount": 165.0, "side": "buy", "timestamp": 1766188051111}, {"id": "981479051", "price": 0.13239, "amount": 51.0, "side": "buy", "timestamp": 1766188051232}, {"id": "981479052", "price": 0.13238, "amount": 2008.0, "side": "sell", "timestamp": 1766188052155}, {"id": "981479053", "price": 0.13238, "amount": 51.0, "side": "sell", "timestamp": 1766188052388}, {"id": "981479054", "price": 0.13239, "amount": 106.0, "side": "buy", "timestamp": 1766188053006}, {"id": "981479055", "price": 0.13239, "amount": 106.0, "side": "buy", "timestamp": 1766188055038}, {"id": "981479056", "price": 0.13238, "amount": 142669.0, "side": "sell", "timestamp": 1766188055667}, {"id": "981479057", "price": 0.13239, "amount": 106.0, "side": "buy", "timestamp": 1766188057065}, {"id": "981479058", "price": 0.13239, "amount": 243.0, "side": "buy", "timestamp": 1766188057301}, {"id": "981479059", "price": 0.13238, "amount": 140.0, "side": "sell", "timestamp": 1766188058505}, {"id": "981479060", "price": 0.13239, "amount": 106.0, "side": "buy", "timestamp": 1766188059110}, {"id": "981479061", "price": 0.13239, "amount": 106.0, "side": "buy", "timestamp": 1766188061146}, {"id": "981479062", "price": 0.13239, "amount": 55.0, "side": "buy", "timestamp": 1766188063065}, {"id": "981479063", "price": 0.13239, "amount": 106.0, "side": "buy", "timestamp": 1766188063176}, {"id": "981479064", "price": 0.13239, "amount": 106.0, "side": "buy", "timestamp": 1766188065014}, {"id": "981479065", "price": 0.13238, "amount": 315.0, "side": "sell", "timestamp": 1766188065133}, {"id": "981479066", "price": 0.13239, "amount": 74.0, "side": "buy", "timestamp": 1766188065721}, {"id": "981479067", "price": 0.13239, "amount": 106.0, "side": "buy", "timestamp": 1766188067046}, {"id": "981479068", "price": 0.13238, "amount": 51.0, "side": "sell", "timestamp": 1766188067147}, {"id": "981479069", "price": 0.13239, "amount": 106.0, "side": "buy", "timestamp": 1766188069088}, {"id": "981479070", "price": 0.13239, "amount": 106.0, "side": "buy", "timestamp": 1766188071131}, {"id": "981479071", "price": 0.13239, "amount": 5034.0, "side": "buy", "timestamp": 1766188072628}, {"id": "981479072", "price": 0.13239, "amount": 106.0, "side": "buy", "timestamp": 1766188073148}, {"id": "981479073", "price": 0.13239, "amount": 10377.0, "side": "buy", "timestamp": 1766188074297}, {"id": "981479074", "price": 0.13239, "amount": 106.0, "side": "buy", "timestamp": 1766188075175}, {"id": "981479075", "price": 0.13238, "amount": 1137.0, "side": "sell", "timestamp": 1766188075224}, {"id": "981479076", "price": 0.13239, "amount": 6570.0, "side": "buy", "timestamp": 1766188075292}, {"id": "981479077", "price": 0.13239, "amount": 41.0, "side": "buy", "timestamp": 1766188076029}, {"id": "981479078", "price": 0.13239, "amount": 71.0, "side": "buy", "timestamp": 1766188076264}, {"id": "981479079", "price": 0.13238, "amount": 2050.0, "side": "sell", "timestamp": 1766188076327}, {"id": "981479080", "price": 0.13239, "amount": 53.0, "side": "buy", "timestamp": 1766188076691}, {"id": "981479081", "price": 0.13239, "amount": 106.0, "side": "buy", "timestamp": 1766188077186}, {"id": "981479082", "price": 0.13238, "amount": 172.0, "side": "sell", "timestamp": 1766188077232}, {"id": "981479083", "price": 0.13239, "amount": 180.0, "side": "buy", "timestamp": 1766188078649}, {"id": "981479084", "price": 0.13239, "amount": 41025.0, "side": "buy", "timestamp": 1766188079011}, {"id": "981479085", "price": 0.13239, "amount": 91.0, "side": "sell", "timestamp": 1766188079666}, {"id": "981479086", "price": 0.13239, "amount": 565.0, "side": "sell", "timestamp": 1766188080083}, {"id": "981479087", "price": 0.1324, "amount": 24263.0, "side": "buy", "timestamp": 1766188081039}, {"id": "981479088", "price": 0.13241, "amount": 42651.0, "side": "buy", "timestamp": 1766188081072}, {"id": "981479089", "price": 0.13242, "amount": 17876.0, "side": "buy", "timestamp": 1766188081135}, {"id": "981479090", "price": 0.13242, "amount": 278.0, "side": "sell", "timestamp": 1766188081269}, {"id": "981479091", "price": 0.13242, "amount": 51.0, "side": "sell", "timestamp": 1766188082668}, {"id": "981479092", "price": 0.13243, "amount": 98.0, "side": "buy", "timestamp": 1766188082758}, {"id": "981479093", "price": 0.13243, "amount": 105.0, "side": "buy", "timestamp": 1766188084363}, {"id": "981479094", "price": 0.13243, "amount": 123.0, "side": "buy", "timestamp": 1766188084924}, {"id": "981479095", "price": 0.13243, "amount": 456.0, "side": "buy", "timestamp": 1766188085036}, {"id": "981479096", "price": 0.13243, "amount": 92.0, "side": "buy", "timestamp": 1766188085187}, {"id": "981479097", "price": 0.13243, "amount": 151.0, "side": "buy", "timestamp": 1766188085307}, {"id": "981479098", "price": 0.13243, "amount": 374.0, "side": "buy", "timestamp": 1766188085484}, {"id": "981479099", "price": 0.13242, "amount": 377.0, "side": "sell", "timestamp": 1766188085620}, {"id": "981479100", "price": 0.13243, "amount": 604.0, "side": "buy", "timestamp": 1766188090151}, {"id": "981479101", "price": 0.13243, "amount": 53.0, "side": "buy", "timestamp": 1766188090393}, {"id": "981479102", "price": 0.13243, "amount": 38.0, "side": "buy", "timestamp": 1766188091063}, {"id": "981479103", "price": 0.13242, "amount": 71696.0, "side": "sell", "timestamp": 1766188091065}, {"id": "981479104", "price": 0.13241, "amount": 1211.0, "side": "sell", "timestamp": 1766188091096}, {"id": "981479105", "price": 0.1324, "amount": 1355.0, "side": "sell", "timestamp": 1766188091253}, {"id": "981479106", "price": 0.13239, "amount": 41341.0, "side": "sell", "timestamp": 1766188091471}, {"id": "981479107", "price": 0.1324, "amount": 40.0, "side": "buy", "timestamp": 1766188092809}, {"id": "981479108", "price": 0.1324, "amount": 49.0, "side": "buy", "timestamp": 1766188093059}, {"id": "981479109", "price": 0.1324, "amount": 163.0, "side": "buy", "timestamp": 1766188094999}, {"id": "981479110", "price": 0.13239, "amount": 604.0, "side": "sell", "timestamp": 1766188096075}, {"id": "981479111", "price": 0.13239, "amount": 51.0, "side": "sell", "timestamp": 1766188099573}, {"id": "981479112", "price": 0.1324, "amount": 71.0, "side": "buy", "timestamp": 1766188102182}, {"id": "981479113", "price": 0.13239, "amount": 1980.0, "side": "sell", "timestamp": 1766188104470}, {"id": "981479114", "price": 0.1324, "amount": 49.0, "side": "buy", "timestamp": 1766188105013}, {"id": "981479115", "price": 0.13239, "amount": 16175.0, "side": "sell", "timestamp": 1766188105182}, {"id": "981479116", "price": 0.1324, "amount": 74.0, "side": "buy", "timestamp": 1766188105303}, {"id": "981479117", "price": 0.13239, "amount": 117.0, "side": "sell", "timestamp": 1766188111374}, {"id": "981479118", "price": 0.13239, "amount": 51.0, "side": "sell", "timestamp": 1766188113055}, {"id": "981479119", "price": 0.1324, "amount": 146.0, "side": "buy", "timestamp": 1766188114811}, {"id": "981479120", "price": 0.13239, "amount": 91.0, "side": "sell", "timestamp": 1766188115681}, {"id": "981479121", "price": 0.1324, "amount": 19642.0, "side": "buy", "timestamp": 1766188120333}, {"id": "981479122", "price": 0.13241, "amount": 254115.0, "side": "buy", "timestamp": 1766188120333}, {"id": "981479123", "price": 0.13242, "amount": 84331.0, "side": "buy", "timestamp": 1766188120333}, {"id": "981479124", "price": 0.13242, "amount": 78.0, "side": "buy", "timestamp": 1766188120544}, {"id": "981479125", "price": 0.13241, "amount": 1172.0, "side": "sell", "timestamp": 1766188120738}, {"id": "981479126", "price": 0.13241, "amount": 81.0, "side": "buy", "timestamp": 1766188122586}, {"id": "981479127", "price": 0.1324, "amount": 623.0, "side": "sell", "timestamp": 1766188122596}, {"id": "981479128", "price": 0.1324, "amount": 284.0, "side": "buy", "timestamp": 1766188126402}, {"id": "981479129", "price": 0.13239, "amount": 779.0, "side": "sell", "timestamp": 1766188126606}, {"id": "981479130", "price": 0.13239, "amount": 51.0, "side": "sell", "timestamp": 1766188128033}, {"id": "981479131", "price": 0.1324, "amount": 70.0, "side": "buy", "timestamp": 1766188128599}, {"id": "981479132", "price": 0.13239, "amount": 38734.0, "side": "sell", "timestamp": 1766188130052}, {"id": "981479133", "price": 0.13238, "amount": 1236.0, "side": "sell", "timestamp": 1766188130083}, {"id": "981479134", "price": 0.13238, "amount": 106.0, "side": "buy", "timestamp": 1766188130113}, {"id": "981479135", "price": 0.13238, "amount": 106.0, "side": "buy", "timestamp": 1766188132157}, {"id": "981479158", "price": 0.13235, "amount": 106.0, "side": "buy", "timestamp": 1766188146049}, {"id": "981479159", "price": 0.13235, "amount": 106.0, "side": "buy", "timestamp": 1766188148062}, {"id": "981479160", "price": 0.13234, "amount": 15310.0, "side": "sell", "timestamp": 1766188149229}, {"id": "981479161", "price": 0.13234, "amount": 6873.0, "side": "sell", "timestamp": 1766188149336}, {"id": "981479162", "price": 0.13233, "amount": 27847.0, "side": "sell", "timestamp": 1766188149340}, {"id": "981479163", "price": 0.13233, "amount": 106.0, "side": "buy", "timestamp": 1766188150118}, {"id": "981479164", "price": 0.13233, "amount": 791.0, "side": "buy", "timestamp": 1766188151276}, {"id": "981479165", "price": 0.13232, "amount": 75568.0, "side": "sell", "timestamp": 1766188151464}, {"id": "981479166", "price": 0.13233, "amount": 166.0, "side": "buy", "timestamp": 1766188151678}, {"id": "981479167", "price": 0.13233, "amount": 106.0, "side": "buy", "timestamp": 1766188152161}, {"id": "981479168", "price": 0.13233, "amount": 106.0, "side": "buy", "timestamp": 1766188154186}, {"id": "981479169", "price": 0.13233, "amount": 106.0, "side": "buy", "timestamp": 1766188156203}, {"id": "981479170", "price": 0.13233, "amount": 891.0, "side": "buy", "timestamp": 1766188156580}, {"id": "981479171", "price": 0.13233, "amount": 106.0, "side": "buy", "timestamp": 1766188158031}, {"id": "981479172", "price": 0.13233, "amount": 1282.0, "side": "buy", "timestamp": 1766188159103}, {"id": "981479173", "price": 0.13232, "amount": 52.0, "side": "sell", "timestamp": 1766188159756}, {"id": "981479174", "price": 0.13233, "amount": 106.0, "side": "buy", "timestamp": 1766188160053}, {"id": "981479175", "price": 0.13233, "amount": 86633.0, "side": "buy", "timestamp": 1766188160675}, {"id": "981479176", "price": 0.13233, "amount": 24413.0, "side": "buy", "timestamp": 1766188160785}, {"id": "981479177", "price": 0.13234, "amount": 75.0, "side": "buy", "timestamp": 1766188161172}, {"id": "981479178", "price": 0.13234, "amount": 106.0, "side": "buy", "timestamp": 1766188162063}, {"id": "981479179", "price": 0.13233, "amount": 1907.0, "side": "sell", "timestamp": 1766188162581}, {"id": "981479180", "price": 0.13234, "amount": 106.0, "side": "buy", "timestamp": 1766188164097}, {"id": "981479181", "price": 0.13233, "amount": 1980.0, "side": "sell", "timestamp": 1766188164105}, {"id": "981479182", "price": 0.13233, "amount": 2000.0, "side": "sell", "timestamp": 1766188164247}, {"id": "981479183", "price": 0.13234, "amount": 1006.0, "side": "buy", "timestamp": 1766188165704}, {"id": "981479184", "price": 0.13234, "amount": 106.0, "side": "buy", "timestamp": 1766188166166}, {"id": "981479185", "price": 0.13234, "amount": 94.0, "side": "buy", "timestamp": 1766188167658}, {"id": "981479186", "price": 0.13234, "amount": 106.0, "side": "buy", "timestamp": 1766188168028}, {"id": "981479187", "price": 0.13234, "amount": 41.0, "side": "buy", "timestamp": 1766188168514}, {"id": "981479188", "price": 0.13234, "amount": 106.0, "side": "buy", "timestamp": 1766188170099}, {"id": "981479189", "price": 0.13233, "amount": 5108.0, "side": "sell", "timestamp": 1766188171023}, {"id": "981479190", "price": 0.13234, "amount": 116.0, "side": "buy", "timestamp": 1766188171207}, {"id": "981479191", "price": 0.13234, "amount": 106.0, "side": "buy", "timestamp": 1766188172112}, {"id": "981479192", "price": 0.13233, "amount": 51.0, "side": "sell", "timestamp": 1766188173017}, {"id": "981479193", "price": 0.13234, "amount": 39.0, "side": "buy", "timestamp": 1766188173152}, {"id": "981479194", "price": 0.13233, "amount": 7159.0, "side": "sell", "timestamp": 1766188174123}, {"id": "981479195", "price": 0.13234, "amount": 106.0, "side": "buy", "timestamp": 1766188174144}, {"id": "981479196", "price": 0.13234, "amount": 106.0, "side": "buy", "timestamp": 1766188176202}, {"id": "981479197", "price": 0.13234, "amount": 1021.0, "side": "buy", "timestamp": 1766188178014}, {"id": "981479198", "price": 0.13234, "amount": 71.0, "side": "buy", "timestamp": 1766188179793}, {"id": "981479199", "price": 0.13234, "amount": 267.0, "side": "buy", "timestamp": 1766188180033}, {"id": "981479200", "price": 0.13233, "amount": 604.0, "side": "sell", "timestamp": 1766188180996}, {"id": "981479201", "price": 0.13234, "amount": 1000.0, "side": "buy", "timestamp": 1766188181590}, {"id": "981479202", "price": 0.13234, "amount": 106.0, "side": "buy", "timestamp": 1766188182059}, {"id": "981479203", "price": 0.13233, "amount": 13847.0, "side": "sell", "timestamp": 1766188182334}, {"id": "981479204", "price": 0.13233, "amount": 106.0, "side": "buy", "timestamp": 1766188184103}, {"id": "981479205", "price": 0.13233, "amount": 42.0, "side": "buy", "timestamp": 1766188184607}, {"id": "981479206", "price": 0.13233, "amount": 42.0, "side": "buy", "timestamp": 1766188185268}, {"id": "981479207", "price": 0.13232, "amount": 51.0, "side": "sell", "timestamp": 1766188185492}, {"id": "981479254", "price": 0.13228, "amount": 106.0, "side": "buy", "timestamp": 1766188206194}, {"id": "981479255", "price": 0.13228, "amount": 106.0, "side": "buy", "timestamp": 1766188208008}, {"id": "981479256", "price": 0.13227, "amount": 41.0, "side": "sell", "timestamp": 1766188208501}, {"id": "981479257", "price": 0.13228, "amount": 106.0, "side": "buy", "timestamp": 1766188210048}, {"id": "981479258", "price": 0.13228, "amount": 106.0, "side": "buy", "timestamp": 1766188212105}, {"id": "981479259", "price": 0.13227, "amount": 2.0, "side": "sell", "timestamp": 1766188212596}, {"id": "981479260", "price": 0.13228, "amount": 373.0, "side": "buy", "timestamp": 1766188212755}, {"id": "981479261", "price": 0.13227, "amount": 4.0, "side": "sell", "timestamp": 1766188213341}, {"id": "981479262", "price": 0.13227, "amount": 4.0, "side": "sell", "timestamp": 1766188213446}, {"id": "981479263", "price": 0.13227, "amount": 2.0, "side": "sell", "timestamp": 1766188213582}, {"id": "981479264", "price": 0.13227, "amount": 2.0, "side": "sell", "timestamp": 1766188213772}, {"id": "981479265", "price": 0.13228, "amount": 146.0, "side": "buy", "timestamp": 1766188214037}, {"id": "981479266", "price": 0.13228, "amount": 137822.0, "side": "buy", "timestamp": 1766188214359}, {"id": "981479267", "price": 0.13228, "amount": 106.0, "side": "buy", "timestamp": 1766188216144}, {"id": "981479268", "price": 0.13227, "amount": 50.0, "side": "sell", "timestamp": 1766188216869}, {"id": "981479269", "price": 0.13227, "amount": 209.0, "side": "sell", "timestamp": 1766188217580}, {"id": "981479270", "price": 0.13228, "amount": 106.0, "side": "buy", "timestamp": 1766188218181}, {"id": "981479271", "price": 0.13228, "amount": 461.0, "side": "buy", "timestamp": 1766188218681}, {"id": "981479272", "price": 0.13228, "amount": 3.0, "side": "buy", "timestamp": 1766188218867}, {"id": "981479273", "price": 0.13228, "amount": 106.0, "side": "buy", "timestamp": 1766188220007}, {"id": "981479274", "price": 0.13227, "amount": 55126.0, "side": "sell", "timestamp": 1766188220452}, {"id": "981479275", "price": 0.13226, "amount": 669.0, "side": "sell", "timestamp": 1766188220526}, {"id": "981479276", "price": 0.13226, "amount": 373.0, "side": "buy", "timestamp": 1766188220577}, {"id": "981479277", "price": 0.13225, "amount": 1381.0, "side": "sell", "timestamp": 1766188220629}, {"id": "981479278", "price": 0.13225, "amount": 3523.0, "side": "buy", "timestamp": 1766188220758}, {"id": "981479279", "price": 0.13225, "amount": 22223.0, "side": "buy", "timestamp": 1766188220927}, {"id": "981479280", "price": 0.13226, "amount": 21053.0, "side": "buy", "timestamp": 1766188220967}, {"id": "981479281", "price": 0.13226, "amount": 7588.0, "side": "buy", "timestamp": 1766188221416}, {"id": "981479282", "price": 0.13226, "amount": 15900.0, "side": "buy", "timestamp": 1766188222026}, {"id": "981479283", "price": 0.13226, "amount": 748.0, "side": "buy", "timestamp": 1766188222149}, {"id": "981479284", "price": 0.13226, "amount": 91.0, "side": "buy", "timestamp": 1766188223678}, {"id": "981479285", "price": 0.13226, "amount": 106.0, "side": "buy", "timestamp": 1766188224057}, {"id": "981479286", "price": 0.13225, "amount": 1980.0, "side": "sell", "timestamp": 1766188225972}, {"id": "981479287", "price": 0.13226, "amount": 106.0, "side": "buy", "timestamp": 1766188226111}, {"id": "981479288", "price": 0.13226, "amount": 55.0, "side": "buy", "timestamp": 1766188226590}, {"id": "981479289", "price": 0.13225, "amount": 151.0, "side": "sell", "timestamp": 1766188226766}, {"id": "981479290", "price": 0.13226, "amount": 106.0, "side": "buy", "timestamp": 1766188228130}, {"id": "981479291", "price": 0.13226, "amount": 66234.0, "side": "buy", "timestamp": 1766188229081}, {"id": "981479292", "price": 0.13226, "amount": 70.0, "side": "sell", "timestamp": 1766188229369}, {"id": "981479293", "price": 0.13227, "amount": 105.0, "side": "buy", "timestamp": 1766188229891}, {"id": "981479294", "price": 0.13227, "amount": 106.0, "side": "buy", "timestamp": 1766188230156}, {"id": "981479295", "price": 0.13226, "amount": 50.0, "side": "sell", "timestamp": 1766188230934}, {"id": "981479296", "price": 0.13227, "amount": 69.0, "side": "buy", "timestamp": 1766188231413}, {"id": "981479297", "price": 0.13227, "amount": 106.0, "side": "buy", "timestamp": 1766188232184}, {"id": "981479298", "price": 0.13227, "amount": 106.0, "side": "buy", "timestamp": 1766188234196}, {"id": "981479299", "price": 0.13227, "amount": 64.0, "side": "buy", "timestamp": 1766188235563}, {"id": "981479300", "price": 0.13227, "amount": 25172.0, "side": "buy", "timestamp": 1766188236001}, {"id": "981479301", "price": 0.13228, "amount": 106.0, "side": "buy", "timestamp": 1766188236097}, {"id": "981479302", "price": 0.13228, "amount": 193.0, "side": "buy", "timestamp": 1766188237330}, {"id": "981479303", "price": 0.13228, "amount": 106.0, "side": "buy", "timestamp": 1766188238172}, {"id": "981479334", "price": 0.13228, "amount": 163.0, "side": "buy", "timestamp": 1766188261638}, {"id": "981479335", "price": 0.13228, "amount": 106.0, "side": "buy", "timestamp": 1766188262034}, {"id": "981479336", "price": 0.13227, "amount": 50.0, "side": "sell", "timestamp": 1766188262053}, {"id": "981479337", "price": 0.13228, "amount": 171.0, "side": "buy", "timestamp": 1766188263251}, {"id": "981479338", "price": 0.13228, "amount": 106.0, "side": "buy", "timestamp": 1766188264087}, {"id": "981479339", "price": 0.13228, "amount": 81192.0, "side": "buy", "timestamp": 1766188265877}, {"id": "981479340", "price": 0.13229, "amount": 4616.0, "side": "buy", "timestamp": 1766188265883}, {"id": "981479341", "price": 0.1323, "amount": 106.0, "side": "buy", "timestamp": 1766188266108}, {"id": "981479342", "price": 0.13229, "amount": 75583.0, "side": "sell", "timestamp": 1766188266766}, {"id": "981479343", "price": 0.1323, "amount": 756.0, "side": "buy", "timestamp": 1766188267060}, {"id": "981479344", "price": 0.1323, "amount": 106.0, "side": "buy", "timestamp": 1766188268129}, {"id": "981479345", "price": 0.1323, "amount": 187.0, "side": "buy", "timestamp": 1766188269709}, {"id": "981479346", "price": 0.1323, "amount": 947.0, "side": "buy", "timestamp": 1766188269863}, {"id": "981479347", "price": 0.1323, "amount": 438.0, "side": "buy", "timestamp": 1766188270029}, {"id": "981479348", "price": 0.1323, "amount": 106.0, "side": "buy", "timestamp": 1766188270142}, {"id": "981479349", "price": 0.1323, "amount": 756.0, "side": "buy", "timestamp": 1766188271379}, {"id": "981479350", "price": 0.1323, "amount": 52.0, "side": "buy", "timestamp": 1766188271633}, {"id": "981479351", "price": 0.1323, "amount": 106.0, "side": "buy", "timestamp": 1766188272156}, {"id": "981479352", "price": 0.1323, "amount": 106.0, "side": "buy", "timestamp": 1766188274013}, {"id": "981479353", "price": 0.1323, "amount": 356.0, "side": "buy", "timestamp": 1766188274878}, {"id": "981479354", "price": 0.1323, "amount": 577.0, "side": "buy", "timestamp": 1766188275682}, {"id": "981479355", "price": 0.1323, "amount": 261.0, "side": "buy", "timestamp": 1766188275957}, {"id": "981479356", "price": 0.13229, "amount": 1000.0, "side": "sell", "timestamp": 1766188276469}, {"id": "981479357", "price": 0.1323, "amount": 14986.0, "side": "buy", "timestamp": 1766188276573}, {"id": "981479358", "price": 0.1323, "amount": 50.0, "side": "sell", "timestamp": 1766188276708}, {"id": "981479359", "price": 0.13231, "amount": 112.0, "side": "buy", "timestamp": 1766188277033}, {"id": "981479360", "price": 0.13231, "amount": 106.0, "side": "buy", "timestamp": 1766188278131}, {"id": "981479361", "price": 0.13231, "amount": 44.0, "side": "buy", "timestamp": 1766188278471}, {"id": "981479362", "price": 0.13231, "amount": 84.0, "side": "buy", "timestamp": 1766188279257}, {"id": "981479363", "price": 0.13231, "amount": 57.0, "side": "buy", "timestamp": 1766188279840}, {"id": "981479364", "price": 0.13231, "amount": 158.0, "side": "buy", "timestamp": 1766188280136}, {"id": "981479365", "price": 0.13231, "amount": 106.0, "side": "buy", "timestamp": 1766188282006}, {"id": "981479366", "price": 0.13231, "amount": 54.0, "side": "buy", "timestamp": 1766188282126}, {"id": "981479367", "price": 0.13231, "amount": 69.0, "side": "buy", "timestamp": 1766188282440}, {"id": "981479368", "price": 0.13231, "amount": 231.0, "side": "buy", "timestamp": 1766188282967}, {"id": "981479369", "price": 0.13231, "amount": 623.0, "side": "buy", "timestamp": 1766188283089}, {"id": "981479370", "price": 0.13231, "amount": 106.0, "side": "buy", "timestamp": 1766188284097}, {"id": "981479371", "price": 0.13231, "amount": 57.0, "side": "buy", "timestamp": 1766188284974}, {"id": "981479372", "price": 0.13231, "amount": 112.0, "side": "buy", "timestamp": 1766188285631}, {"id": "981479373", "price": 0.1323, "amount": 1980.0, "side": "sell", "timestamp": 1766188285667}, {"id": "981479374", "price": 0.13231, "amount": 106.0, "side": "buy", "timestamp": 1766188286111}, {"id": "981479375", "price": 0.13231, "amount": 91.0, "side": "buy", "timestamp": 1766188286611}, {"id": "981479376", "price": 0.13231, "amount": 52.0, "side": "buy", "timestamp": 1766188287085}, {"id": "981479377", "price": 0.13231, "amount": 106.0, "side": "buy", "timestamp": 1766188288129}, {"id": "981479378", "price": 0.13231, "amount": 68.0, "side": "buy", "timestamp": 1766188288324}, {"id": "981479379", "price": 0.13231, "amount": 152.0, "side": "buy", "timestamp": 1766188289682}, {"id": "981479380", "price": 0.13231, "amount": 59.0, "side": "buy", "timestamp": 1766188289932}, {"id": "981479381", "price": 0.13231, "amount": 106.0, "side": "buy", "timestamp": 1766188290156}, {"id": "981479382", "price": 0.13231, "amount": 453.0, "side": "buy", "timestamp": 1766188290906}, {"id": "981479383", "price": 0.13231, "amount": 79.0, "side": "buy", "timestamp": 1766188291011}, {"id": "981479426", "price": 0.13229, "amount": 543.0, "side": "buy", "timestamp": 1766188314356}, {"id": "981479427", "price": 0.13229, "amount": 106.0, "side": "buy", "timestamp": 1766188316153}, {"id": "981479428", "price": 0.13228, "amount": 306.0, "side": "sell", "timestamp": 1766188316168}, {"id": "981479429", "price": 0.13229, "amount": 52.0, "side": "buy", "timestamp": 1766188316300}, {"id": "981479430", "price": 0.13228, "amount": 715.0, "side": "sell", "timestamp": 1766188317282}, {"id": "981479431", "price": 0.13229, "amount": 106.0, "side": "buy", "timestamp": 1766188318067}, {"id": "981479432", "price": 0.13229, "amount": 5475.0, "side": "buy", "timestamp": 1766188318188}, {"id": "981479433", "price": 0.13229, "amount": 83.0, "side": "buy", "timestamp": 1766188318910}, {"id": "981479434", "price": 0.13228, "amount": 155.0, "side": "sell", "timestamp": 1766188319052}, {"id": "981479435", "price": 0.13229, "amount": 106.0, "side": "buy", "timestamp": 1766188320083}, {"id": "981479436", "price": 0.13229, "amount": 52.0, "side": "buy", "timestamp": 1766188320485}, {"id": "981479437", "price": 0.13229, "amount": 28282.0, "side": "buy", "timestamp": 1766188320635}, {"id": "981479438", "price": 0.13229, "amount": 156.0, "side": "sell", "timestamp": 1766188320960}, {"id": "981479439", "price": 0.1323, "amount": 6410.0, "side": "buy", "timestamp": 1766188321120}, {"id": "981479440", "price": 0.13231, "amount": 159.0, "side": "buy", "timestamp": 1766188321188}, {"id": "981479441", "price": 0.13231, "amount": 106.0, "side": "buy", "timestamp": 1766188322170}, {"id": "981479442", "price": 0.13231, "amount": 39.0, "side": "buy", "timestamp": 1766188323981}, {"id": "981479443", "price": 0.13231, "amount": 106.0, "side": "buy", "timestamp": 1766188324193}, {"id": "981479444", "price": 0.13231, "amount": 203.0, "side": "buy", "timestamp": 1766188324730}, {"id": "981479445", "price": 0.13231, "amount": 863.0, "side": "buy", "timestamp": 1766188324966}, {"id": "981479446", "price": 0.13231, "amount": 463.0, "side": "buy", "timestamp": 1766188325078}, {"id": "981479447", "price": 0.1323, "amount": 49.0, "side": "sell", "timestamp": 1766188325127}, {"id": "981479448", "price": 0.13231, "amount": 732.0, "side": "buy", "timestamp": 1766188325324}, {"id": "981479449", "price": 0.13231, "amount": 263.0, "side": "buy", "timestamp": 1766188325669}, {"id": "981479450", "price": 0.13231, "amount": 1070.0, "side": "buy", "timestamp": 1766188325847}, {"id": "981479451", "price": 0.13231, "amount": 106.0, "side": "buy", "timestamp": 1766188326007}, {"id": "981479452", "price": 0.13231, "amount": 158.0, "side": "buy", "timestamp": 1766188328014}, {"id": "981479453", "price": 0.13231, "amount": 54.0, "side": "buy", "timestamp": 1766188329186}, {"id": "981479454", "price": 0.13231, "amount": 568.0, "side": "buy", "timestamp": 1766188329821}, {"id": "981479455", "price": 0.13231, "amount": 539.0, "side": "buy", "timestamp": 1766188329964}, {"id": "981479456", "price": 0.1323, "amount": 40.0, "side": "sell", "timestamp": 1766188330079}, {"id": "981479457", "price": 0.1323, "amount": 90.0, "side": "sell", "timestamp": 1766188331676}, {"id": "981479458", "price": 0.13231, "amount": 106.0, "side": "buy", "timestamp": 1766188332083}, {"id": "981479459", "price": 0.13231, "amount": 169.0, "side": "buy", "timestamp": 1766188334010}, {"id": "981479460", "price": 0.13231, "amount": 60.0, "side": "buy", "timestamp": 1766188334180}, {"id": "981479461", "price": 0.13231, "amount": 66.0, "side": "buy", "timestamp": 1766188334733}, {"id": "981479462", "price": 0.13231, "amount": 148.0, "side": "buy", "timestamp": 1766188336130}, {"id": "981479463", "price": 0.1323, "amount": 50.0, "side": "sell", "timestamp": 1766188338046}, {"id": "981479464", "price": 0.13231, "amount": 147.0, "side": "buy", "timestamp": 1766188338176}, {"id": "981479465", "price": 0.1323, "amount": 4710.0, "side": "sell", "timestamp": 1766188340003}, {"id": "981479466", "price": 0.13231, "amount": 106.0, "side": "buy", "timestamp": 1766188340052}, {"id": "981479467", "price": 0.1323, "amount": 32741.0, "side": "sell", "timestamp": 1766188341205}, {"id": "981479468", "price": 0.1323, "amount": 106.0, "side": "buy", "timestamp": 1766188342070}, {"id": "981479469", "price": 0.1323, "amount": 132.0, "side": "buy", "timestamp": 1766188342222}, {"id": "981479470", "price": 0.1323, "amount": 105.0, "side": "buy", "timestamp": 1766188342889}, {"id": "981479471", "price": 0.1323, "amount": 111.0, "side": "buy", "timestamp": 1766188343013}, {"id": "981479472", "price": 0.1323, "amount": 54.0, "side": "buy", "timestamp": 1766188343363}, {"id": "981479473", "price": 0.13229, "amount": 15117.0, "side": "sell", "timestamp": 1766188343741}, {"id": "981479474", "price": 0.13229, "amount": 1980.0, "side": "sell", "timestamp": 1766188343934}, {"id": "981479475", "price": 0.1323, "amount": 106.0, "side": "buy", "timestamp": 1766188344096}, {"id": "981479509", "price": 0.13229, "amount": 145.0, "side": "buy", "timestamp": 1766188368475}, {"id": "981479510", "price": 0.13229, "amount": 106.0, "side": "buy", "timestamp": 1766188370066}, {"id": "981479511", "price": 0.13229, "amount": 44385.0, "side": "buy", "timestamp": 1766188370922}, {"id": "981479512", "price": 0.13229, "amount": 922.0, "side": "sell", "timestamp": 1766188371310}, {"id": "981479513", "price": 0.1323, "amount": 106.0, "side": "buy", "timestamp": 1766188372095}, {"id": "981479514", "price": 0.13229, "amount": 781.0, "side": "sell", "timestamp": 1766188372365}, {"id": "981479515", "price": 0.13228, "amount": 748.0, "side": "sell", "timestamp": 1766188372676}, {"id": "981479516", "price": 0.13228, "amount": 5333.0, "side": "sell", "timestamp": 1766188373005}, {"id": "981479517", "price": 0.13229, "amount": 54.0, "side": "buy", "timestamp": 1766188373224}, {"id": "981479518", "price": 0.13228, "amount": 6827.0, "side": "sell", "timestamp": 1766188373481}, {"id": "981479519", "price": 0.13228, "amount": 38.0, "side": "sell", "timestamp": 1766188373695}, {"id": "981479520", "price": 0.13228, "amount": 8837.0, "side": "buy", "timestamp": 1766188373990}, {"id": "981479521", "price": 0.13228, "amount": 106.0, "side": "buy", "timestamp": 1766188374137}, {"id": "981479522", "price": 0.13228, "amount": 106.0, "side": "buy", "timestamp": 1766188376012}, {"id": "981479523", "price": 0.13227, "amount": 3210.0, "side": "sell", "timestamp": 1766188376033}, {"id": "981479524", "price": 0.13228, "amount": 454.0, "side": "buy", "timestamp": 1766188376173}, {"id": "981479525", "price": 0.13227, "amount": 7528.0, "side": "sell", "timestamp": 1766188376999}, {"id": "981479526", "price": 0.13227, "amount": 1146.0, "side": "sell", "timestamp": 1766188377263}, {"id": "981479527", "price": 0.13228, "amount": 106.0, "side": "buy", "timestamp": 1766188378070}, {"id": "981479528", "price": 0.13228, "amount": 3779.0, "side": "buy", "timestamp": 1766188378466}, {"id": "981479529", "price": 0.13228, "amount": 106.0, "side": "buy", "timestamp": 1766188380133}, {"id": "981479530", "price": 0.13228, "amount": 64.0, "side": "buy", "timestamp": 1766188380494}, {"id": "981479531", "price": 0.13228, "amount": 811.0, "side": "buy", "timestamp": 1766188381361}, {"id": "981479532", "price": 0.13228, "amount": 151.0, "side": "buy", "timestamp": 1766188381606}, {"id": "981479533", "price": 0.13228, "amount": 106.0, "side": "buy", "timestamp": 1766188382161}, {"id": "981479534", "price": 0.13227, "amount": 50.0, "side": "sell", "timestamp": 1766188382450}, {"id": "981479535", "price": 0.13228, "amount": 162.0, "side": "buy", "timestamp": 1766188383374}, {"id": "981479536", "price": 0.13228, "amount": 162.0, "side": "buy", "timestamp": 1766188384119}, {"id": "981479537", "price": 0.13228, "amount": 69.0, "side": "buy", "timestamp": 1766188384371}, {"id": "981479538", "price": 0.13228, "amount": 273.0, "side": "buy", "timestamp": 1766188384983}, {"id": "981479539", "price": 0.13227, "amount": 47.0, "side": "sell", "timestamp": 1766188385113}, {"id": "981479540", "price": 0.13227, "amount": 5524.0, "side": "sell", "timestamp": 1766188385222}, {"id": "981479541", "price": 0.13228, "amount": 152.0, "side": "buy", "timestamp": 1766188385329}, {"id": "981479542", "price": 0.13227, "amount": 2686.0, "side": "sell", "timestamp": 1766188385381}, {"id": "981479543", "price": 0.13228, "amount": 105.0, "side": "buy", "timestamp": 1766188385382}, {"id": "981479544", "price": 0.13228, "amount": 92.0, "side": "buy", "timestamp": 1766188385531}, {"id": "981479545", "price": 0.13228, "amount": 376.0, "side": "buy", "timestamp": 1766188385652}, {"id": "981479546", "price": 0.13228, "amount": 106.0, "side": "buy", "timestamp": 1766188386020}, {"id": "981479547", "price": 0.13228, "amount": 181.0, "side": "buy", "timestamp": 1766188386634}, {"id": "981479548", "price": 0.13228, "amount": 106.0, "side": "buy", "timestamp": 1766188388050}, {"id": "981479549", "price": 0.13228, "amount": 54.0, "side": "buy", "timestamp": 1766188388306}, {"id": "981479550", "price": 0.13227, "amount": 189.0, "side": "sell", "timestamp": 1766188389503}, {"id": "981479551", "price": 0.13228, "amount": 106.0, "side": "buy", "timestamp": 1766188390119}, {"id": "981479552", "price": 0.13228, "amount": 47.0, "side": "buy", "timestamp": 1766188391967}, {"id": "981479553", "price": 0.13228, "amount": 106.0, "side": "buy", "timestamp": 1766188392172}, {"id": "981479554", "price": 0.13228, "amount": 106.0, "side": "buy", "timestamp": 1766188394194}, {"id": "981479555", "price": 0.13227, "amount": 1899.0, "side": "sell", "timestamp": 1766188394708}, {"id": "981479556", "price": 0.13228, "amount": 618.0, "side": "buy", "timestamp": 1766188394900}, {"id": "981479557", "price": 0.13228, "amount": 106.0, "side": "buy", "timestamp": 1766188396068}, {"id": "981479558", "price": 0.13228, "amount": 40.0, "side": "buy", "timestamp": 1766188396377}, {"id": "981479594", "price": 0.13228, "amount": 106.0, "side": "buy", "timestamp": 1766188426202}, {"id": "981479595", "price": 0.13228, "amount": 10227.0, "side": "buy", "timestamp": 1766188426928}, {"id": "981479596", "price": 0.13228, "amount": 106.0, "side": "buy", "timestamp": 1766188428021}, {"id": "981479597", "price": 0.13228, "amount": 46.0, "side": "buy", "timestamp": 1766188428291}, {"id": "981479598", "price": 0.13228, "amount": 9444.0, "side": "buy", "timestamp": 1766188428410}, {"id": "981479599", "price": 0.13229, "amount": 38462.0, "side": "buy", "timestamp": 1766188428416}, {"id": "981479600", "price": 0.1323, "amount": 25833.0, "side": "buy", "timestamp": 1766188428425}, {"id": "981479601", "price": 0.1323, "amount": 50.0, "side": "sell", "timestamp": 1766188428782}, {"id": "981479602", "price": 0.13231, "amount": 106.0, "side": "buy", "timestamp": 1766188430102}, {"id": "981479603", "price": 0.13231, "amount": 54.0, "side": "buy", "timestamp": 1766188430380}, {"id": "981479604", "price": 0.1323, "amount": 2349.0, "side": "sell", "timestamp": 1766188431350}, {"id": "981479605", "price": 0.13231, "amount": 51.0, "side": "buy", "timestamp": 1766188431743}, {"id": "981479606", "price": 0.13231, "amount": 106.0, "side": "buy", "timestamp": 1766188432113}, {"id": "981479607", "price": 0.13231, "amount": 54.0, "side": "buy", "timestamp": 1766188433104}, {"id": "981479608", "price": 0.13231, "amount": 263.0, "side": "buy", "timestamp": 1766188434088}, {"id": "981479609", "price": 0.13231, "amount": 144.0, "side": "buy", "timestamp": 1766188434378}, {"id": "981479610", "price": 0.13231, "amount": 106.0, "side": "buy", "timestamp": 1766188436164}, {"id": "981479611", "price": 0.13231, "amount": 43.0, "side": "buy", "timestamp": 1766188436376}, {"id": "981479612", "price": 0.1323, "amount": 756.0, "side": "sell", "timestamp": 1766188436384}, {"id": "981479613", "price": 0.13231, "amount": 106.0, "side": "buy", "timestamp": 1766188438176}, {"id": "981479614", "price": 0.13231, "amount": 84.0, "side": "buy", "timestamp": 1766188438302}, {"id": "981479615", "price": 0.1323, "amount": 54321.0, "side": "sell", "timestamp": 1766188439315}, {"id": "981479616", "price": 0.13229, "amount": 1676.0, "side": "sell", "timestamp": 1766188439351}, {"id": "981479617", "price": 0.13228, "amount": 118.0, "side": "sell", "timestamp": 1766188439671}, {"id": "981479618", "price": 0.13227, "amount": 20292.0, "side": "sell", "timestamp": 1766188439758}, {"id": "981479619", "price": 0.13226, "amount": 696.0, "side": "sell", "timestamp": 1766188439804}, {"id": "981479620", "price": 0.13225, "amount": 3707.0, "side": "sell", "timestamp": 1766188439941}, {"id": "981479621", "price": 0.13224, "amount": 13235.0, "side": "sell", "timestamp": 1766188440083}, {"id": "981479622", "price": 0.13223, "amount": 4469.0, "side": "sell", "timestamp": 1766188440140}, {"id": "981479623", "price": 0.13223, "amount": 106.0, "side": "buy", "timestamp": 1766188440204}, {"id": "981479624", "price": 0.13223, "amount": 1080.0, "side": "buy", "timestamp": 1766188441663}, {"id": "981479625", "price": 0.13223, "amount": 206.0, "side": "buy", "timestamp": 1766188441812}, {"id": "981479626", "price": 0.13223, "amount": 106.0, "side": "buy", "timestamp": 1766188442049}, {"id": "981479627", "price": 0.13223, "amount": 43.0, "side": "buy", "timestamp": 1766188442202}, {"id": "981479628", "price": 0.13223, "amount": 80.0, "side": "buy", "timestamp": 1766188442398}, {"id": "981479629", "price": 0.13222, "amount": 50.0, "side": "sell", "timestamp": 1766188442461}, {"id": "981479630", "price": 0.13223, "amount": 141.0, "side": "buy", "timestamp": 1766188443658}, {"id": "981479631", "price": 0.13222, "amount": 239.0, "side": "sell", "timestamp": 1766188443665}, {"id": "981479632", "price": 0.13223, "amount": 106.0, "side": "buy", "timestamp": 1766188444077}, {"id": "981479633", "price": 0.13223, "amount": 163.0, "side": "buy", "timestamp": 1766188444329}, {"id": "981479634", "price": 0.13223, "amount": 133.0, "side": "buy", "timestamp": 1766188444911}, {"id": "981479635", "price": 0.13223, "amount": 279.0, "side": "buy", "timestamp": 1766188445085}, {"id": "981479636", "price": 0.13223, "amount": 213.0, "side": "buy", "timestamp": 1766188445385}, {"id": "981479637", "price": 0.13223, "amount": 404.0, "side": "buy", "timestamp": 1766188445897}, {"id": "981479638", "price": 0.13223, "amount": 328.0, "side": "buy", "timestamp": 1766188446063}, {"id": "981479639", "price": 0.13223, "amount": 209.0, "side": "buy", "timestamp": 1766188447158}, {"id": "981479640", "price": 0.13223, "amount": 106.0, "side": "buy", "timestamp": 1766188448102}, {"id": "981479641", "price": 0.13223, "amount": 18323.0, "side": "buy", "timestamp": 1766188448307}, {"id": "981479642", "price": 0.13223, "amount": 8402.0, "side": "buy", "timestamp": 1766188448722}, {"id": "981479643", "price": 0.13223, "amount": 54.0, "side": "buy", "timestamp": 1766188449191}, {"id": "981479695", "price": 0.13219, "amount": 144.0, "side": "buy", "timestamp": 1766188480218}, {"id": "981479696", "price": 0.13219, "amount": 106.0, "side": "buy", "timestamp": 1766188482120}, {"id": "981479697", "price": 0.13219, "amount": 40.0, "side": "buy", "timestamp": 1766188482888}, {"id": "981479698", "price": 0.13218, "amount": 46145.0, "side": "sell", "timestamp": 1766188483842}, {"id": "981479699", "price": 0.13219, "amount": 106.0, "side": "buy", "timestamp": 1766188484169}, {"id": "981479700", "price": 0.13218, "amount": 405.0, "side": "sell", "timestamp": 1766188484605}, {"id": "981479701", "price": 0.13219, "amount": 54.0, "side": "buy", "timestamp": 1766188485007}, {"id": "981479702", "price": 0.13219, "amount": 106.0, "side": "buy", "timestamp": 1766188486180}, {"id": "981479703", "price": 0.13218, "amount": 494.0, "side": "sell", "timestamp": 1766188487211}, {"id": "981479704", "price": 0.13219, "amount": 69.0, "side": "buy", "timestamp": 1766188487388}, {"id": "981479705", "price": 0.13219, "amount": 40.0, "side": "buy", "timestamp": 1766188487813}, {"id": "981479706", "price": 0.13219, "amount": 106.0, "side": "buy", "timestamp": 1766188488014}, {"id": "981479707", "price": 0.13218, "amount": 493.0, "side": "sell", "timestamp": 1766188488270}, {"id": "981479708", "price": 0.13218, "amount": 50.0, "side": "sell", "timestamp": 1766188488558}, {"id": "981479709", "price": 0.13219, "amount": 732.0, "side": "buy", "timestamp": 1766188488675}, {"id": "981479710", "price": 0.13218, "amount": 493.0, "side": "sell", "timestamp": 1766188489356}, {"id": "981479711", "price": 0.13219, "amount": 24300.0, "side": "buy", "timestamp": 1766188489706}, {"id": "981479712", "price": 0.1322, "amount": 106.0, "side": "buy", "timestamp": 1766188490076}, {"id": "981479713", "price": 0.13219, "amount": 492.0, "side": "sell", "timestamp": 1766188490328}, {"id": "981479714", "price": 0.13219, "amount": 492.0, "side": "sell", "timestamp": 1766188491268}, {"id": "981479715", "price": 0.13219, "amount": 2039.0, "side": "sell", "timestamp": 1766188491444}, {"id": "981479716", "price": 0.1322, "amount": 106.0, "side": "buy", "timestamp": 1766188492107}, {"id": "981479717", "price": 0.13219, "amount": 491.0, "side": "sell", "timestamp": 1766188492337}, {"id": "981479718", "price": 0.13219, "amount": 555.0, "side": "sell", "timestamp": 1766188492501}, {"id": "981479719", "price": 0.1322, "amount": 94.0, "side": "buy", "timestamp": 1766188492543}, {"id": "981479720", "price": 0.13219, "amount": 1333.0, "side": "sell", "timestamp": 1766188492582}, {"id": "981479721", "price": 0.1322, "amount": 540.0, "side": "buy", "timestamp": 1766188492894}, {"id": "981479722", "price": 0.13219, "amount": 491.0, "side": "sell", "timestamp": 1766188493321}, {"id": "981479723", "price": 0.1322, "amount": 106.0, "side": "buy", "timestamp": 1766188494135}, {"id": "981479724", "price": 0.13219, "amount": 490.0, "side": "sell", "timestamp": 1766188494435}, {"id": "981479725", "price": 0.1322, "amount": 54.0, "side": "buy", "timestamp": 1766188495152}, {"id": "981479726", "price": 0.13219, "amount": 490.0, "side": "sell", "timestamp": 1766188495398}, {"id": "981479727", "price": 0.1322, "amount": 19905.0, "side": "buy", "timestamp": 1766188496182}, {"id": "981479728", "price": 0.13221, "amount": 92259.0, "side": "buy", "timestamp": 1766188496195}, {"id": "981479729", "price": 0.13221, "amount": 490.0, "side": "sell", "timestamp": 1766188496430}, {"id": "981479730", "price": 0.13221, "amount": 1203.0, "side": "sell", "timestamp": 1766188497077}, {"id": "981479731", "price": 0.13221, "amount": 490.0, "side": "sell", "timestamp": 1766188497379}, {"id": "981479732", "price": 0.13222, "amount": 106.0, "side": "buy", "timestamp": 1766188498047}, {"id": "981479733", "price": 0.13221, "amount": 490.0, "side": "sell", "timestamp": 1766188498381}, {"id": "981479734", "price": 0.13221, "amount": 490.0, "side": "sell", "timestamp": 1766188499486}, {"id": "981479735", "price": 0.13222, "amount": 378.0, "side": "buy", "timestamp": 1766188499596}, {"id": "981479736", "price": 0.13222, "amount": 106.0, "side": "buy", "timestamp": 1766188500077}, {"id": "981479737", "price": 0.13222, "amount": 169.0, "side": "buy", "timestamp": 1766188500422}, {"id": "981479738", "price": 0.13221, "amount": 489.0, "side": "sell", "timestamp": 1766188500437}, {"id": "981479739", "price": 0.13222, "amount": 480.0, "side": "buy", "timestamp": 1766188500578}, {"id": "981479740", "price": 0.13222, "amount": 55.0, "side": "buy", "timestamp": 1766188501364}, {"id": "981479741", "price": 0.13221, "amount": 1783.0, "side": "sell", "timestamp": 1766188501388}, {"id": "981479742", "price": 0.13221, "amount": 1512.0, "side": "sell", "timestamp": 1766188501491}, {"id": "981479743", "price": 0.13222, "amount": 106.0, "side": "buy", "timestamp": 1766188502088}, {"id": "981479744", "price": 0.13221, "amount": 488.0, "side": "sell", "timestamp": 1766188502455}, {"id": "981479790", "price": 0.13222, "amount": 5175.0, "side": "buy", "timestamp": 1766188523217}, {"id": "981479791", "price": 0.13222, "amount": 168.0, "side": "buy", "timestamp": 1766188523838}, {"id": "981479792", "price": 0.13222, "amount": 106.0, "side": "buy", "timestamp": 1766188524124}, {"id": "981479793", "price": 0.13221, "amount": 1980.0, "side": "sell", "timestamp": 1766188525353}, {"id": "981479794", "price": 0.13222, "amount": 106.0, "side": "buy", "timestamp": 1766188526161}, {"id": "981479795", "price": 0.13222, "amount": 101.0, "side": "buy", "timestamp": 1766188526518}, {"id": "981479796", "price": 0.13222, "amount": 106.0, "side": "buy", "timestamp": 1766188528178}, {"id": "981479797", "price": 0.13221, "amount": 267.0, "side": "sell", "timestamp": 1766188528325}, {"id": "981479798", "price": 0.13222, "amount": 367.0, "side": "buy", "timestamp": 1766188528438}, {"id": "981479799", "price": 0.13222, "amount": 486.0, "side": "buy", "timestamp": 1766188528792}, {"id": "981479800", "price": 0.13222, "amount": 106.0, "side": "buy", "timestamp": 1766188530009}, {"id": "981479801", "price": 0.13222, "amount": 43.0, "side": "buy", "timestamp": 1766188530411}, {"id": "981479802", "price": 0.13222, "amount": 78.0, "side": "buy", "timestamp": 1766188530588}, {"id": "981479803", "price": 0.13222, "amount": 16805.0, "side": "buy", "timestamp": 1766188530779}, {"id": "981479804", "price": 0.13221, "amount": 226.0, "side": "sell", "timestamp": 1766188530961}, {"id": "981479805", "price": 0.13222, "amount": 40.0, "side": "buy", "timestamp": 1766188531111}, {"id": "981479806", "price": 0.13221, "amount": 17096.0, "side": "sell", "timestamp": 1766188531437}, {"id": "981479807", "price": 0.13222, "amount": 106.0, "side": "buy", "timestamp": 1766188532036}, {"id": "981479808", "price": 0.13221, "amount": 76.0, "side": "sell", "timestamp": 1766188532673}, {"id": "981479809", "price": 0.13221, "amount": 8.0, "side": "sell", "timestamp": 1766188533424}, {"id": "981479810", "price": 0.13222, "amount": 106.0, "side": "buy", "timestamp": 1766188534056}, {"id": "981479811", "price": 0.13222, "amount": 56.0, "side": "buy", "timestamp": 1766188534613}, {"id": "981479812", "price": 0.13221, "amount": 4542.0, "side": "sell", "timestamp": 1766188534896}, {"id": "981479813", "price": 0.13222, "amount": 106.0, "side": "buy", "timestamp": 1766188536071}, {"id": "981479814", "price": 0.13222, "amount": 802.0, "side": "buy", "timestamp": 1766188537259}, {"id": "981479815", "price": 0.13222, "amount": 487.0, "side": "buy", "timestamp": 1766188537808}, {"id": "981479816", "price": 0.13222, "amount": 106.0, "side": "buy", "timestamp": 1766188538093}, {"id": "981479817", "price": 0.13222, "amount": 1724.0, "side": "buy", "timestamp": 1766188538250}, {"id": "981479818", "price": 0.13222, "amount": 38.0, "side": "buy", "timestamp": 1766188538694}, {"id": "981479819", "price": 0.13222, "amount": 97.0, "side": "buy", "timestamp": 1766188539040}, {"id": "981479820", "price": 0.13222, "amount": 106.0, "side": "buy", "timestamp": 1766188540119}, {"id": "981479821", "price": 0.13222, "amount": 226.0, "side": "buy", "timestamp": 1766188540683}, {"id": "981479822", "price": 0.13222, "amount": 106.0, "side": "buy", "timestamp": 1766188542148}, {"id": "981479823", "price": 0.13222, "amount": 527.0, "side": "buy", "timestamp": 1766188542553}, {"id": "981479824", "price": 0.13222, "amount": 106.0, "side": "buy", "timestamp": 1766188544196}, {"id": "981479825", "price": 0.13222, "amount": 133.0, "side": "buy", "timestamp": 1766188545665}, {"id": "981479826", "price": 0.13222, "amount": 106.0, "side": "buy", "timestamp": 1766188546021}, {"id": "981479827", "price": 0.13222, "amount": 90.0, "side": "buy", "timestamp": 1766188547672}, {"id": "981479828", "price": 0.13222, "amount": 106.0, "side": "buy", "timestamp": 1766188548043}, {"id": "981479829", "price": 0.13221, "amount": 155.0, "side": "sell", "timestamp": 1766188548326}, {"id": "981479830", "price": 0.13221, "amount": 100.0, "side": "sell", "timestamp": 1766188549747}, {"id": "981479831", "price": 0.13221, "amount": 129.0, "side": "sell", "timestamp": 1766188549956}, {"id": "981479832", "price": 0.13222, "amount": 106.0, "side": "buy", "timestamp": 1766188550092}, {"id": "981479833", "price": 0.13221, "amount": 47.0, "side": "sell", "timestamp": 1766188550167}, {"id": "981479834", "price": 0.13222, "amount": 106.0, "side": "buy", "timestamp": 1766188552175}, {"id": "981479835", "price": 0.13222, "amount": 62.0, "side": "buy", "timestamp": 1766188552423}, {"id": "981479836", "price": 0.13221, "amount": 3000.0, "side": "sell", "timestamp": 1766188553070}, {"id": "981479837", "price": 0.13222, "amount": 374.0, "side": "buy", "timestamp": 1766188553527}, {"id": "981479838", "price": 0.13222, "amount": 106.0, "side": "buy", "timestamp": 1766188554198}, {"id": "981479839", "price": 0.13222, "amount": 106.0, "side": "buy", "timestamp": 1766188556009}, {"id": "981479885", "price": 0.13218, "amount": 308.0, "side": "buy", "timestamp": 1766188576926}, {"id": "981479886", "price": 0.13218, "amount": 106.0, "side": "buy", "timestamp": 1766188578052}, {"id": "981479887", "price": 0.13217, "amount": 691.0, "side": "sell", "timestamp": 1766188578528}, {"id": "981479888", "price": 0.13218, "amount": 54.0, "side": "buy", "timestamp": 1766188579124}, {"id": "981479889", "price": 0.13218, "amount": 106.0, "side": "buy", "timestamp": 1766188580104}, {"id": "981479890", "price": 0.13218, "amount": 102.0, "side": "buy", "timestamp": 1766188580368}, {"id": "981479891", "price": 0.13218, "amount": 43.0, "side": "buy", "timestamp": 1766188581573}, {"id": "981479892", "price": 0.13218, "amount": 106.0, "side": "buy", "timestamp": 1766188582191}, {"id": "981479893", "price": 0.13218, "amount": 91.0, "side": "buy", "timestamp": 1766188583677}, {"id": "981479894", "price": 0.13218, "amount": 106.0, "side": "buy", "timestamp": 1766188584031}, {"id": "981479895", "price": 0.13217, "amount": 1980.0, "side": "sell", "timestamp": 1766188585773}, {"id": "981479896", "price": 0.13218, "amount": 106.0, "side": "buy", "timestamp": 1766188586056}, {"id": "981479897", "price": 0.13218, "amount": 498.0, "side": "buy", "timestamp": 1766188587520}, {"id": "981479898", "price": 0.13218, "amount": 106.0, "side": "buy", "timestamp": 1766188588080}, {"id": "981479899", "price": 0.13217, "amount": 46.0, "side": "sell", "timestamp": 1766188588132}, {"id": "981479900", "price": 0.13218, "amount": 1512.0, "side": "buy", "timestamp": 1766188588445}, {"id": "981479901", "price": 0.13218, "amount": 123044.0, "side": "buy", "timestamp": 1766188589097}, {"id": "981479902", "price": 0.13219, "amount": 28536.0, "side": "buy", "timestamp": 1766188589858}, {"id": "981479903", "price": 0.1322, "amount": 82444.0, "side": "buy", "timestamp": 1766188589910}, {"id": "981479904", "price": 0.13221, "amount": 38686.0, "side": "buy", "timestamp": 1766188589913}, {"id": "981479905", "price": 0.13222, "amount": 106.0, "side": "buy", "timestamp": 1766188590151}, {"id": "981479906", "price": 0.13222, "amount": 97.0, "side": "buy", "timestamp": 1766188590390}, {"id": "981479907", "price": 0.13221, "amount": 184174.0, "side": "sell", "timestamp": 1766188590877}, {"id": "981479908", "price": 0.13221, "amount": 57.0, "side": "buy", "timestamp": 1766188590913}, {"id": "981479909", "price": 0.1322, "amount": 85212.0, "side": "sell", "timestamp": 1766188591219}, {"id": "981479910", "price": 0.1322, "amount": 51.0, "side": "buy", "timestamp": 1766188591358}, {"id": "981479911", "price": 0.13219, "amount": 75.0, "side": "sell", "timestamp": 1766188591561}, {"id": "981479912", "price": 0.13219, "amount": 6287.0, "side": "sell", "timestamp": 1766188591844}, {"id": "981479913", "price": 0.1322, "amount": 106.0, "side": "buy", "timestamp": 1766188592028}, {"id": "981479914", "price": 0.13219, "amount": 140.0, "side": "sell", "timestamp": 1766188592428}, {"id": "981479915", "price": 0.13219, "amount": 3574.0, "side": "sell", "timestamp": 1766188593336}, {"id": "981479916", "price": 0.1322, "amount": 106.0, "side": "buy", "timestamp": 1766188594046}, {"id": "981479917", "price": 0.1322, "amount": 106.0, "side": "buy", "timestamp": 1766188596057}, {"id": "981479918", "price": 0.1322, "amount": 84.0, "side": "buy", "timestamp": 1766188597581}, {"id": "981479919", "price": 0.1322, "amount": 106.0, "side": "buy", "timestamp": 1766188598154}, {"id": "981479920", "price": 0.13219, "amount": 975.0, "side": "sell", "timestamp": 1766188599057}, {"id": "981479921", "price": 0.13219, "amount": 126.0, "side": "sell", "timestamp": 1766188599295}, {"id": "981479922", "price": 0.1322, "amount": 106.0, "side": "buy", "timestamp": 1766188600048}, {"id": "981479923", "price": 0.13219, "amount": 378.0, "side": "sell", "timestamp": 1766188600505}, {"id": "981479924", "price": 0.1322, "amount": 75.0, "side": "buy", "timestamp": 1766188600707}, {"id": "981479925", "price": 0.1322, "amount": 106.0, "side": "buy", "timestamp": 1766188602173}, {"id": "981479926", "price": 0.13219, "amount": 5593.0, "side": "sell", "timestamp": 1766188603964}, {"id": "981479927", "price": 0.1322, "amount": 106.0, "side": "buy", "timestamp": 1766188604203}, {"id": "981479928", "price": 0.1322, "amount": 62.0, "side": "buy", "timestamp": 1766188605530}, {"id": "981479929", "price": 0.1322, "amount": 106.0, "side": "buy", "timestamp": 1766188606040}, {"id": "981479930", "price": 0.1322, "amount": 173.0, "side": "buy", "timestamp": 1766188607041}, {"id": "981479931", "price": 0.1322, "amount": 265.0, "side": "buy", "timestamp": 1766188607325}, {"id": "981479932", "price": 0.1322, "amount": 106.0, "side": "buy", "timestamp": 1766188608051}, {"id": "981479933", "price": 0.13219, "amount": 3430.0, "side": "sell", "timestamp": 1766188608195}, {"id": "981479934", "price": 0.13219, "amount": 77.0, "side": "sell", "timestamp": 1766188608491}, {"id": "981479993", "price": 0.13217, "amount": 106.0, "side": "buy", "timestamp": 1766188642052}, {"id": "981479994", "price": 0.13217, "amount": 40.0, "side": "buy", "timestamp": 1766188642506}, {"id": "981479995", "price": 0.13217, "amount": 41.0, "side": "buy", "timestamp": 1766188642825}, {"id": "981479996", "price": 0.13217, "amount": 767.0, "side": "buy", "timestamp": 1766188643565}, {"id": "981479997", "price": 0.13216, "amount": 40.0, "side": "sell", "timestamp": 1766188643893}, {"id": "981479998", "price": 0.13217, "amount": 62.0, "side": "buy", "timestamp": 1766188643923}, {"id": "981479999", "price": 0.13217, "amount": 106.0, "side": "buy", "timestamp": 1766188644090}, {"id": "981480000", "price": 0.13217, "amount": 40.0, "side": "buy", "timestamp": 1766188645179}, {"id": "981480001", "price": 0.13216, "amount": 40.0, "side": "sell", "timestamp": 1766188645286}, {"id": "981480002", "price": 0.13217, "amount": 106.0, "side": "buy", "timestamp": 1766188646175}, {"id": "981480003", "price": 0.13216, "amount": 1980.0, "side": "sell", "timestamp": 1766188646386}, {"id": "981480004", "price": 0.13216, "amount": 39735.0, "side": "sell", "timestamp": 1766188646544}, {"id": "981480005", "price": 0.13217, "amount": 40.0, "side": "buy", "timestamp": 1766188646683}, {"id": "981480006", "price": 0.13217, "amount": 40.0, "side": "buy", "timestamp": 1766188648060}, {"id": "981480007", "price": 0.13217, "amount": 106.0, "side": "buy", "timestamp": 1766188648206}, {"id": "981480008", "price": 0.13216, "amount": 40.0, "side": "sell", "timestamp": 1766188649439}, {"id": "981480009", "price": 0.13217, "amount": 264.0, "side": "buy", "timestamp": 1766188649519}, {"id": "981480010", "price": 0.13217, "amount": 106.0, "side": "buy", "timestamp": 1766188650045}, {"id": "981480011", "price": 0.13216, "amount": 98229.0, "side": "sell", "timestamp": 1766188650075}, {"id": "981480012", "price": 0.13215, "amount": 255385.0, "side": "sell", "timestamp": 1766188650082}, {"id": "981480013", "price": 0.13214, "amount": 5839.0, "side": "sell", "timestamp": 1766188650084}, {"id": "981480014", "price": 0.13214, "amount": 3128.0, "side": "sell", "timestamp": 1766188650357}, {"id": "981480015", "price": 0.13215, "amount": 40.0, "side": "buy", "timestamp": 1766188650831}, {"id": "981480016", "price": 0.13215, "amount": 96.0, "side": "buy", "timestamp": 1766188651381}, {"id": "981480017", "price": 0.13215, "amount": 250.0, "side": "buy", "timestamp": 1766188652088}, {"id": "981480018", "price": 0.13215, "amount": 40.0, "side": "buy", "timestamp": 1766188652213}, {"id": "981480019", "price": 0.13215, "amount": 41.0, "side": "buy", "timestamp": 1766188652340}, {"id": "981480020", "price": 0.13215, "amount": 15566.0, "side": "buy", "timestamp": 1766188652778}, {"id": "981480021", "price": 0.13214, "amount": 40.0, "side": "sell", "timestamp": 1766188653597}, {"id": "981480022", "price": 0.13215, "amount": 106.0, "side": "buy", "timestamp": 1766188654130}, {"id": "981480023", "price": 0.13215, "amount": 40.0, "side": "buy", "timestamp": 1766188654983}, {"id": "981480024", "price": 0.13214, "amount": 43632.0, "side": "sell", "timestamp": 1766188655248}, {"id": "981480025", "price": 0.13214, "amount": 6954.0, "side": "buy", "timestamp": 1766188655677}, {"id": "981480026", "price": 0.13214, "amount": 106.0, "side": "buy", "timestamp": 1766188656140}, {"id": "981480027", "price": 0.13214, "amount": 40.0, "side": "buy", "timestamp": 1766188656367}, {"id": "981480028", "price": 0.13213, "amount": 40.0, "side": "sell", "timestamp": 1766188657754}, {"id": "981480029", "price": 0.13214, "amount": 106.0, "side": "buy", "timestamp": 1766188658201}, {"id": "981480030", "price": 0.13214, "amount": 38.0, "side": "buy", "timestamp": 1766188658580}, {"id": "981480031", "price": 0.13213, "amount": 930.0, "side": "sell", "timestamp": 1766188659056}, {"id": "981480032", "price": 0.13214, "amount": 89.0, "side": "buy", "timestamp": 1766188659721}, {"id": "981480033", "price": 0.13214, "amount": 106.0, "side": "buy", "timestamp": 1766188660033}, {"id": "981480034", "price": 0.13214, "amount": 2268.0, "side": "buy", "timestamp": 1766188660344}, {"id": "981480035", "price": 0.13213, "amount": 3440.0, "side": "sell", "timestamp": 1766188660518}, {"id": "981480036", "price": 0.13214, "amount": 40.0, "side": "buy", "timestamp": 1766188660521}, {"id": "981480037", "price": 0.13214, "amount": 87.0, "side": "buy", "timestamp": 1766188661871}, {"id": "981480038", "price": 0.13213, "amount": 40.0, "side": "sell", "timestamp": 1766188661893}, {"id": "981480039", "price": 0.13214, "amount": 106.0, "side": "buy", "timestamp": 1766188662081}, {"id": "981480040", "price": 0.13213, "amount": 40.0, "side": "sell", "timestamp": 1766188663269}, {"id": "981480041", "price": 0.13214, "amount": 98.0, "side": "buy", "timestamp": 1766188663627}, {"id": "981480042", "price": 0.13214, "amount": 104.0, "side": "buy", "timestamp": 1766188663823}, {"id": "981480080", "price": 0.13216, "amount": 106.0, "side": "buy", "timestamp": 1766188688117}, {"id": "981480081", "price": 0.13216, "amount": 51.0, "side": "buy", "timestamp": 1766188689275}, {"id": "981480082", "price": 0.13216, "amount": 106.0, "side": "buy", "timestamp": 1766188690188}, {"id": "981480083", "price": 0.13216, "amount": 444.0, "side": "buy", "timestamp": 1766188691544}, {"id": "981480084", "price": 0.13216, "amount": 91.0, "side": "buy", "timestamp": 1766188691667}, {"id": "981480085", "price": 0.13216, "amount": 106.0, "side": "buy", "timestamp": 1766188692201}, {"id": "981480086", "price": 0.13216, "amount": 97.0, "side": "buy", "timestamp": 1766188692475}, {"id": "981480087", "price": 0.13216, "amount": 10693.0, "side": "buy", "timestamp": 1766188693194}, {"id": "981480088", "price": 0.13216, "amount": 698.0, "side": "buy", "timestamp": 1766188693432}, {"id": "981480089", "price": 0.13216, "amount": 106.0, "side": "buy", "timestamp": 1766188694013}, {"id": "981480090", "price": 0.13216, "amount": 734.0, "side": "buy", "timestamp": 1766188694397}, {"id": "981480091", "price": 0.13215, "amount": 25000.0, "side": "sell", "timestamp": 1766188695976}, {"id": "981480092", "price": 0.13216, "amount": 106.0, "side": "buy", "timestamp": 1766188696050}, {"id": "981480093", "price": 0.13216, "amount": 37886.0, "side": "buy", "timestamp": 1766188696501}, {"id": "981480094", "price": 0.13216, "amount": 28084.0, "side": "buy", "timestamp": 1766188696800}, {"id": "981480095", "price": 0.13217, "amount": 109764.0, "side": "buy", "timestamp": 1766188696805}, {"id": "981480096", "price": 0.13218, "amount": 34878.0, "side": "buy", "timestamp": 1766188697286}, {"id": "981480097", "price": 0.13219, "amount": 1165.0, "side": "buy", "timestamp": 1766188697321}, {"id": "981480098", "price": 0.1322, "amount": 106.0, "side": "buy", "timestamp": 1766188698081}, {"id": "981480099", "price": 0.1322, "amount": 106.0, "side": "buy", "timestamp": 1766188700101}, {"id": "981480100", "price": 0.1322, "amount": 38.0, "side": "buy", "timestamp": 1766188700598}, {"id": "981480101", "price": 0.13219, "amount": 13563.0, "side": "sell", "timestamp": 1766188701394}, {"id": "981480102", "price": 0.1322, "amount": 106.0, "side": "buy", "timestamp": 1766188702119}, {"id": "981480103", "price": 0.13219, "amount": 12787.0, "side": "sell", "timestamp": 1766188702579}, {"id": "981480104", "price": 0.13218, "amount": 114.0, "side": "sell", "timestamp": 1766188702634}, {"id": "981480105", "price": 0.13217, "amount": 1980.0, "side": "sell", "timestamp": 1766188704097}, {"id": "981480106", "price": 0.13218, "amount": 106.0, "side": "buy", "timestamp": 1766188704148}, {"id": "981480107", "price": 0.13218, "amount": 75.0, "side": "buy", "timestamp": 1766188704295}, {"id": "981480108", "price": 0.13217, "amount": 17155.0, "side": "sell", "timestamp": 1766188705121}, {"id": "981480109", "price": 0.13217, "amount": 74.0, "side": "buy", "timestamp": 1766188705771}, {"id": "981480110", "price": 0.13217, "amount": 1199.0, "side": "buy", "timestamp": 1766188706053}, {"id": "981480111", "price": 0.13217, "amount": 106.0, "side": "buy", "timestamp": 1766188706194}, {"id": "981480112", "price": 0.13217, "amount": 23512.0, "side": "buy", "timestamp": 1766188706910}, {"id": "981480113", "price": 0.13217, "amount": 44.0, "side": "buy", "timestamp": 1766188707763}, {"id": "981480114", "price": 0.13217, "amount": 2658.0, "side": "buy", "timestamp": 1766188707962}, {"id": "981480115", "price": 0.13217, "amount": 51.0, "side": "buy", "timestamp": 1766188709155}, {"id": "981480116", "price": 0.13217, "amount": 101.0, "side": "buy", "timestamp": 1766188709373}, {"id": "981480117", "price": 0.13216, "amount": 4244.0, "side": "sell", "timestamp": 1766188709723}, {"id": "981480118", "price": 0.13217, "amount": 106.0, "side": "buy", "timestamp": 1766188710088}, {"id": "981480119", "price": 0.13216, "amount": 2406.0, "side": "sell", "timestamp": 1766188710287}, {"id": "981480120", "price": 0.13216, "amount": 452.0, "side": "sell", "timestamp": 1766188710789}, {"id": "981480121", "price": 0.13217, "amount": 106.0, "side": "buy", "timestamp": 1766188712115}, {"id": "981480122", "price": 0.13217, "amount": 76.0, "side": "buy", "timestamp": 1766188712628}, {"id": "981480123", "price": 0.13217, "amount": 47.0, "side": "buy", "timestamp": 1766188713697}, {"id": "981480124", "price": 0.13217, "amount": 106.0, "side": "buy", "timestamp": 1766188714153}, {"id": "981480125", "price": 0.13217, "amount": 39.0, "side": "buy", "timestamp": 1766188715234}, {"id": "981480126", "price": 0.13217, "amount": 171.0, "side": "buy", "timestamp": 1766188716131}, {"id": "981480127", "price": 0.13217, "amount": 56.0, "side": "buy", "timestamp": 1766188717676}, {"id": "981480128", "price": 0.13217, "amount": 106.0, "side": "buy", "timestamp": 1766188718196}, {"id": "981480129", "price": 0.13217, "amount": 399.0, "side": "buy", "timestamp": 1766188718342}, {"id": "981480173", "price": 0.13216, "amount": 40.0, "side": "buy", "timestamp": 1766188746424}, {"id": "981480174", "price": 0.13216, "amount": 50.0, "side": "buy", "timestamp": 1766188747957}, {"id": "981480175", "price": 0.13216, "amount": 106.0, "side": "buy", "timestamp": 1766188748110}, {"id": "981480176", "price": 0.13216, "amount": 12.0, "side": "buy", "timestamp": 1766188748901}, {"id": "981480177", "price": 0.13216, "amount": 50.0, "side": "buy", "timestamp": 1766188749068}, {"id": "981480178", "price": 0.13215, "amount": 63228.0, "side": "sell", "timestamp": 1766188749809}, {"id": "981480179", "price": 0.13216, "amount": 106.0, "side": "buy", "timestamp": 1766188750140}, {"id": "981480180", "price": 0.13215, "amount": 38.0, "side": "sell", "timestamp": 1766188750797}, {"id": "981480181", "price": 0.13216, "amount": 106.0, "side": "buy", "timestamp": 1766188752164}, {"id": "981480182", "price": 0.13215, "amount": 37503.0, "side": "sell", "timestamp": 1766188752758}, {"id": "981480183", "price": 0.13216, "amount": 46.0, "side": "buy", "timestamp": 1766188752902}, {"id": "981480184", "price": 0.13215, "amount": 58.0, "side": "sell", "timestamp": 1766188753004}, {"id": "981480185", "price": 0.13216, "amount": 24.0, "side": "buy", "timestamp": 1766188753009}, {"id": "981480186", "price": 0.13216, "amount": 157.0, "side": "buy", "timestamp": 1766188753986}, {"id": "981480187", "price": 0.13216, "amount": 44.0, "side": "buy", "timestamp": 1766188754236}, {"id": "981480188", "price": 0.13216, "amount": 60.0, "side": "buy", "timestamp": 1766188754935}, {"id": "981480189", "price": 0.13216, "amount": 52.0, "side": "buy", "timestamp": 1766188755060}, {"id": "981480190", "price": 0.13216, "amount": 106.0, "side": "buy", "timestamp": 1766188756091}, {"id": "981480191", "price": 0.13215, "amount": 75.0, "side": "sell", "timestamp": 1766188757164}, {"id": "981480192", "price": 0.13216, "amount": 50.0, "side": "buy", "timestamp": 1766188757424}, {"id": "981480193", "price": 0.13216, "amount": 109.0, "side": "buy", "timestamp": 1766188758009}, {"id": "981480194", "price": 0.13216, "amount": 106.0, "side": "buy", "timestamp": 1766188758124}, {"id": "981480195", "price": 0.13215, "amount": 6136.0, "side": "sell", "timestamp": 1766188758496}, {"id": "981480196", "price": 0.13216, "amount": 47.0, "side": "buy", "timestamp": 1766188759092}, {"id": "981480197", "price": 0.13215, "amount": 9740.0, "side": "sell", "timestamp": 1766188759938}, {"id": "981480198", "price": 0.13216, "amount": 106.0, "side": "buy", "timestamp": 1766188760151}, {"id": "981480199", "price": 0.13216, "amount": 51.0, "side": "buy", "timestamp": 1766188760933}, {"id": "981480200", "price": 0.13216, "amount": 162.0, "side": "buy", "timestamp": 1766188762012}, {"id": "981480201", "price": 0.13216, "amount": 102.0, "side": "buy", "timestamp": 1766188762356}, {"id": "981480202", "price": 0.13215, "amount": 911.0, "side": "sell", "timestamp": 1766188762655}, {"id": "981480203", "price": 0.13216, "amount": 149434.0, "side": "buy", "timestamp": 1766188763206}, {"id": "981480204", "price": 0.13217, "amount": 187621.0, "side": "buy", "timestamp": 1766188763208}, {"id": "981480205", "price": 0.13217, "amount": 130.0, "side": "buy", "timestamp": 1766188763670}, {"id": "981480206", "price": 0.13217, "amount": 106.0, "side": "buy", "timestamp": 1766188764095}, {"id": "981480207", "price": 0.13217, "amount": 50.0, "side": "buy", "timestamp": 1766188764507}, {"id": "981480208", "price": 0.13217, "amount": 555.0, "side": "buy", "timestamp": 1766188765136}, {"id": "981480209", "price": 0.13217, "amount": 106.0, "side": "buy", "timestamp": 1766188766109}, {"id": "981480210", "price": 0.13216, "amount": 1980.0, "side": "sell", "timestamp": 1766188766287}, {"id": "981480211", "price": 0.13217, "amount": 6611.0, "side": "buy", "timestamp": 1766188766671}, {"id": "981480212", "price": 0.13217, "amount": 37830.0, "side": "buy", "timestamp": 1766188767050}, {"id": "981480213", "price": 0.13217, "amount": 51.0, "side": "buy", "timestamp": 1766188767838}, {"id": "981480214", "price": 0.13217, "amount": 106.0, "side": "buy", "timestamp": 1766188768159}, {"id": "981480215", "price": 0.13217, "amount": 97.0, "side": "buy", "timestamp": 1766188768817}, {"id": "981480216", "price": 0.13217, "amount": 106.0, "side": "buy", "timestamp": 1766188770006}, {"id": "981480217", "price": 0.13217, "amount": 4550.0, "side": "buy", "timestamp": 1766188770182}, {"id": "981480218", "price": 0.13217, "amount": 500.0, "side": "buy", "timestamp": 1766188770339}, {"id": "981480219", "price": 0.13217, "amount": 50.0, "side": "buy", "timestamp": 1766188771486}, {"id": "981480220", "price": 0.13217, "amount": 54.0, "side": "buy", "timestamp": 1766188771656}, {"id": "981480221", "price": 0.13217, "amount": 106.0, "side": "buy", "timestamp": 1766188772081}, {"id": "981480222", "price": 0.13217, "amount": 128.0, "side": "buy", "timestamp": 1766188772193}]