[{"symbol": "AVAXUSDT", "bids": [[13.281, 750.0], [13.28, 1040.0], [13.279, 2412.0], [13.278, 2484.0], [13.277, 2331.0], [13.276, 2180.0], [13.275, 1643.0], [13.274, 801.0], [13.273, 1888.0], [13.272, 2463.0], [13.271, 1965.0], [13.27, 2466.0], [13.269, 570.0], [13.268, 995.0], [13.267, 904.0], [13.266, 2052.0], [13.265, 1186.0], [13.264, 1236.0], [13.263, 1664.0], [13.262, 2379.0]], "asks": [[13.282, 635.0], [13.283, 997.0], [13.284, 5017.0], [13.285, 666.0], [13.286, 1058.0], [13.287, 900.0], [13.288, 997.0], [13.289, 1285.0], [13.29, 1392.0], [13.291, 2010.0], [13.292, 2032.0], [13.293, 2142.0], [13.294, 1763.0], [13.295, 3419.0], [13.296, 1202.0], [13.297, 1201.0], [13.298, 3322.0], [13.299, 1019.0], [13.3, 1499.0], [13.301, 2036.0]], "timestamp": "2025-12-06T04:50:58.265205+00:00"}, {"symbol": "AVAXUSDT", "bids": [[13.276, 813.0], [13.275, 534.0], [13.274, 652.0], [13.273, 1519.0], [13.272, 1706.0], [13.271, 1542.0], [13.27, 944.0], [13.269, 784.0], [13.268, 1238.0], [13.267, 1008.0], [13.266, 2223.0], [13.265, 2802.0], [13.264, 1712.0], [13.263, 1463.0], [13.262, 1022.0], [13.261, 956.0], [13.26, 1703.0], [13.259, 3034.0], [13.258, 1121.0], [13.257, 2031.0]], "asks": [[13.277, 113.0], [13.278, 4948.0], [13.279, 1680.0], [13.28, 1887.0], [13.281, 1947.0], [13.282, 1491.0], [13.283, 1672.0], [13.284, 1078.0], [13.285, 1093.0], [13.286, 1596.0], [13.287, 1378.0], [13.288, 1567.0], [13.289, 1580.0], [13.29, 5000.0], [13.291, 590.0], [13.292, 901.0], [13.293, 948.0], [13.294, 1460.0], [13.295, 939.0], [13.296, 1326.0]], "timestamp": "2025-12-06T04:51:39.425317+00:00"}, {"symbol": "AVAXUSDT", "bids": [[13.276, 2380.0], [13.275, 326.0], [13.274, 1019.0], [13.273, 1455.0], [13.272, 2110.0], [13.271, 1522.0], [13.27, 806.0], [13.269, 797.0], [13.268, 1239.0], [13.267, 1191.0], [13.266, 1864.0], [13.265, 3180.0], [13.264, 1809.0], [13.263, 1010.0], [13.262, 732.0], [13.261, 838.0], [13.26, 1703.0], [13.259, 2988.0], [13.258, 1121.0], [13.257, 2031.0]], "asks": [[13.277, 242.0], [13.278, 784.0], [13.279, 1675.0], [13.28, 6886.0], [13.281, 1893.0], [13.282, 1428.0], [13.283, 1293.0], [13.284, 1025.0], [13.285, 1179.0], [13.286, 1442.0], [13.287, 1646.0], [13.288, 1549.0], [13.289, 1282.0], [13.29, 4707.0], [13.291, 589.0], [13.292, 1215.0], [13.293, 1367.0], [13.294, 1476.0], [13.295, 900.0], [13.296, 1105.0]], "timestamp": "2025-12-06T04:52:30.584973+00:00"}, {"symbol": "AVAXUSDT", "bids": [[13.282, 992.0], [13.281, 669.0], [13.28, 1235.0], [13.279, 2186.0], [13.278, 3057.0], [13.277, 2544.0], [13.276, 967.0], [13.275, 1121.0], [13.274, 1401.0], [13.273, 1109.0], [13.272, 1314.0], [13.271, 1494.0], [13.27, 1182.0], [13.269, 4498.0], [13.268, 1534.0], [13.267, 1534.0], [13.266, 1715.0], [13.265, 2341.0], [13.264, 5411.0], [13.263, 12582.0]], "asks": [[13.283, 729.0], [13.284, 2070.0], [13.285, 2205.0], [13.286, 2644.0], [13.287, 1978.0], [13.288, 579.0], [13.289, 943.0], [13.29, 1172.0], [13.291, 574.0], [13.292, 635.0], [13.293, 1294.0], [13.294, 1646.0], [13.295, 1438.0], [13.296, 4387.0], [13.297, 1576.0], [13.298, 1906.0], [13.299, 1253.0], [13.3, 1617.0], [13.301, 1775.0], [13.302, 1271.0]], "timestamp": "2025-12-06T04:53:21.934528+00:00"}, {"symbol": "AVAXUSDT", "bids": [[13.285, 1112.0], [13.284, 2027.0], [13.283, 1666.0], [13.282, 1086.0], [13.281, 1122.0], [13.28, 2497.0], [13.279, 2239.0], [13.278, 3053.0], [13.277, 2022.0], [13.276, 890.0], [13.275, 1828.0], [13.274, 3793.0], [13.273, 1363.0], [13.272, 1970.0], [13.271, 1239.0], [13.27, 1634.0], [13.269, 975.0], [13.268, 1541.0], [13.267, 2341.0], [13.266, 1795.0]], "asks": [[13.286, 269.0], [13.287, 1309.0], [13.288, 5538.0], [13.289, 1475.0], [13.29, 5941.0], [13.291, 836.0], [13.292, 619.0], [13.293, 1372.0], [13.294, 2457.0], [13.295, 1168.0], [13.296, 1316.0], [13.297, 1261.0], [13.298, 2954.0], [13.299, 4127.0], [13.3, 1362.0], [13.301, 1151.0], [13.302, 1406.0], [13.303, 818.0], [13.304, 1706.0], [13.305, 3374.0]], "timestamp": "2025-12-06T04:54:12.928564+00:00"}, {"symbol": "AVAXUSDT", "bids": [[13.289, 497.0], [13.288, 544.0], [13.287, 1489.0], [13.286, 718.0], [13.285, 1090.0], [13.284, 2600.0], [13.283, 2321.0], [13.282, 1991.0], [13.281, 1342.0], [13.28, 2016.0], [13.279, 1250.0], [13.278, 1923.0], [13.277, 3123.0], [13.276, 1066.0], [13.275, 1277.0], [13.274, 1409.0], [13.273, 1013.0], [13.272, 1512.0], [13.271, 1473.0], [13.27, 2317.0]], "asks": [[13.29, 695.0], [13.291, 1688.0], [13.292, 5543.0], [13.293, 470.0], [13.294, 1213.0], [13.295, 1306.0], [13.296, 6809.0], [13.297, 1375.0], [13.298, 999.0], [13.299, 2130.0], [13.3, 1795.0], [13.301, 2179.0], [13.302, 1759.0], [13.303, 3564.0], [13.304, 1205.0], [13.305, 1035.0], [13.306, 796.0], [13.307, 1143.0], [13.308, 1753.0], [13.309, 1586.0]], "timestamp": "2025-12-06T04:55:04.638147+00:00"}, {"symbol": "AVAXUSDT", "bids": [[13.288, 1077.0], [13.287, 441.0], [13.286, 799.0], [13.285, 999.0], [13.284, 2254.0], [13.283, 1230.0], [13.282, 1067.0], [13.281, 1253.0], [13.28, 1672.0], [13.279, 804.0], [13.278, 1615.0], [13.277, 1608.0], [13.276, 2902.0], [13.275, 1278.0], [13.274, 1122.0], [13.273, 851.0], [13.272, 1739.0], [13.271, 2001.0], [13.27, 4574.0], [13.269, 1263.0]], "asks": [[13.289, 5502.0], [13.29, 812.0], [13.291, 1836.0], [13.292, 2235.0], [13.293, 2880.0], [13.294, 6535.0], [13.295, 1690.0], [13.296, 1243.0], [13.297, 1628.0], [13.298, 1837.0], [13.299, 1198.0], [13.3, 2048.0], [13.301, 5755.0], [13.302, 1281.0], [13.303, 1242.0], [13.304, 724.0], [13.305, 697.0], [13.306, 929.0], [13.307, 1222.0], [13.308, 1992.0]], "timestamp": "2025-12-06T04:55:55.863670+00:00"}, {"symbol": "AVAXUSDT", "bids": [[13.292, 1055.0], [13.291, 1288.0], [13.29, 1896.0], [13.289, 1362.0], [13.288, 1381.0], [13.287, 1567.0], [13.286, 1542.0], [13.285, 2090.0], [13.284, 2099.0], [13.283, 1352.0], [13.282, 1464.0], [13.281, 1496.0], [13.28, 3910.0], [13.279, 1460.0], [13.278, 2181.0], [13.277, 1658.0], [13.276, 981.0], [13.275, 1374.0], [13.274, 1933.0], [13.273, 1238.0]], "asks": [[13.293, 209.0], [13.294, 260.0], [13.295, 1262.0], [13.296, 5730.0], [13.297, 1857.0], [13.298, 6250.0], [13.299, 1399.0], [13.3, 1949.0], [13.301, 1735.0], [13.302, 2036.0], [13.303, 1255.0], [13.304, 2383.0], [13.305, 5252.0], [13.306, 933.0], [13.307, 1058.0], [13.308, 2010.0], [13.309, 1189.0], [13.31, 1318.0], [13.311, 1111.0], [13.312, 1249.0]], "timestamp": "2025-12-06T04:56:46.903791+00:00"}, {"symbol": "AVAXUSDT", "bids": [[13.283, 284.0], [13.282, 461.0], [13.281, 1136.0], [13.28, 1053.0], [13.279, 2272.0], [13.278, 2786.0], [13.277, 1323.0], [13.276, 1174.0], [13.275, 1272.0], [13.274, 1055.0], [13.273, 820.0], [13.272, 1686.0], [13.271, 2327.0], [13.27, 1727.0], [13.269, 994.0], [13.268, 1547.0], [13.267, 1309.0], [13.266, 3570.0], [13.265, 1910.0], [13.264, 1374.0]], "asks": [[13.284, 6173.0], [13.285, 637.0], [13.286, 1115.0], [13.287, 2128.0], [13.288, 6864.0], [13.289, 3042.0], [13.29, 3216.0], [13.291, 2711.0], [13.292, 2564.0], [13.293, 1912.0], [13.294, 2148.0], [13.295, 2002.0], [13.296, 3270.0], [13.297, 5293.0], [13.298, 454.0], [13.299, 908.0], [13.3, 1154.0], [13.301, 1040.0], [13.302, 1251.0], [13.303, 820.0]], "timestamp": "2025-12-06T04:57:39.174921+00:00"}, {"symbol": "AVAXUSDT", "bids": [[13.282, 1220.0], [13.281, 1442.0], [13.28, 1689.0], [13.279, 2441.0], [13.278, 2804.0], [13.277, 2221.0], [13.276, 1803.0], [13.275, 1719.0], [13.274, 844.0], [13.273, 1238.0], [13.272, 1932.0], [13.271, 1754.0], [13.27, 3794.0], [13.269, 1523.0], [13.268, 962.0], [13.267, 912.0], [13.266, 1560.0], [13.265, 1135.0], [13.264, 1428.0], [13.263, 2184.0]], "asks": [[13.283, 273.0], [13.284, 5100.0], [13.285, 633.0], [13.286, 611.0], [13.287, 2005.0], [13.288, 5128.0], [13.289, 1321.0], [13.29, 1612.0], [13.291, 1442.0], [13.292, 2362.0], [13.293, 2007.0], [13.294, 2650.0], [13.295, 1740.0], [13.296, 4259.0], [13.297, 1315.0], [13.298, 1010.0], [13.299, 1049.0], [13.3, 1322.0], [13.301, 783.0], [13.302, 1833.0]], "timestamp": "2025-12-06T04:58:30.874358+00:00"}, {"symbol": "AVAXUSDT", "bids": [[13.275, 1039.0], [13.274, 1404.0], [13.273, 506.0], [13.272, 720.0], [13.271, 974.0], [13.27, 1313.0], [13.269, 1361.0], [13.268, 894.0], [13.267, 1218.0], [13.266, 3491.0], [13.265, 1192.0], [13.264, 1280.0], [13.263, 961.0], [13.262, 1021.0], [13.261, 1814.0], [13.26, 1075.0], [13.259, 1179.0], [13.258, 1756.0], [13.257, 1859.0], [13.256, 6158.0]], "asks": [[13.276, 258.0], [13.277, 5266.0], [13.278, 1192.0], [13.279, 1270.0], [13.28, 1496.0], [13.281, 3345.0], [13.282, 2983.0], [13.283, 1592.0], [13.284, 1448.0], [13.285, 1928.0], [13.286, 1970.0], [13.287, 3194.0], [13.288, 2240.0], [13.289, 1773.0], [13.29, 5337.0], [13.291, 838.0], [13.292, 1779.0], [13.293, 1277.0], [13.294, 827.0], [13.295, 888.0]], "timestamp": "2025-12-06T04:59:22.088821+00:00"}, {"symbol": "AVAXUSDT", "bids": [[13.276, 667.0], [13.275, 937.0], [13.274, 1026.0], [13.273, 1148.0], [13.272, 824.0], [13.271, 1630.0], [13.27, 1522.0], [13.269, 1045.0], [13.268, 1188.0], [13.267, 2605.0], [13.266, 1483.0], [13.265, 1193.0], [13.264, 1281.0], [13.263, 943.0], [13.262, 1086.0], [13.261, 1942.0], [13.26, 1308.0], [13.259, 1497.0], [13.258, 5295.0], [13.257, 13901.0]], "asks": [[13.277, 103.0], [13.278, 5319.0], [13.279, 551.0], [13.28, 989.0], [13.281, 2317.0], [13.282, 3181.0], [13.283, 1351.0], [13.284, 1328.0], [13.285, 1652.0], [13.286, 1123.0], [13.287, 2316.0], [13.288, 3767.0], [13.289, 1233.0], [13.29, 2096.0], [13.291, 3600.0], [13.292, 1581.0], [13.293, 1531.0], [13.294, 885.0], [13.295, 1052.0], [13.296, 1285.0]], "timestamp": "2025-12-06T05:00:13.396293+00:00"}, {"symbol": "AVAXUSDT", "bids": [[13.281, 136.0], [13.28, 799.0], [13.279, 1345.0], [13.278, 2842.0], [13.277, 1514.0], [13.276, 1963.0], [13.275, 1201.0], [13.274, 1490.0], [13.273, 1575.0], [13.272, 1745.0], [13.271, 2052.0], [13.27, 3873.0], [13.269, 717.0], [13.268, 1024.0], [13.267, 1365.0], [13.266, 1440.0], [13.265, 975.0], [13.264, 1610.0], [13.263, 2304.0], [13.262, 945.0]], "asks": [[13.282, 770.0], [13.283, 2437.0], [13.284, 6589.0], [13.285, 822.0], [13.286, 1072.0], [13.287, 756.0], [13.288, 1541.0], [13.289, 1188.0], [13.29, 1860.0], [13.291, 1401.0], [13.292, 2189.0], [13.293, 2332.0], [13.294, 2737.0], [13.295, 2129.0], [13.296, 4812.0], [13.297, 1007.0], [13.298, 1175.0], [13.299, 983.0], [13.3, 1152.0], [13.301, 999.0]], "timestamp": "2025-12-06T05:01:04.826103+00:00"}, {"symbol": "AVAXUSDT", "bids": [[13.293, 313.0], [13.292, 323.0], [13.291, 926.0], [13.29, 1014.0], [13.289, 1425.0], [13.288, 2592.0], [13.287, 1806.0], [13.286, 1316.0], [13.285, 1822.0], [13.284, 2020.0], [13.283, 1474.0], [13.282, 1928.0], [13.281, 2809.0], [13.28, 992.0], [13.279, 963.0], [13.278, 1903.0], [13.277, 1404.0], [13.276, 1605.0], [13.275, 1092.0], [13.274, 1469.0]], "asks": [[13.294, 874.0], [13.295, 5545.0], [13.296, 934.0], [13.297, 1569.0], [13.298, 1449.0], [13.299, 1648.0], [13.3, 1324.0], [13.301, 2120.0], [13.302, 1722.0], [13.303, 2126.0], [13.304, 1558.0], [13.305, 1595.0], [13.306, 1537.0], [13.307, 3801.0], [13.308, 1632.0], [13.309, 1172.0], [13.31, 2389.0], [13.311, 1275.0], [13.312, 1046.0], [13.313, 1074.0]], "timestamp": "2025-12-06T05:01:56.102647+00:00"}, {"symbol": "AVAXUSDT", "bids": [[13.296, 647.0], [13.295, 646.0], [13.294, 2024.0], [13.293, 2332.0], [13.292, 759.0], [13.291, 1250.0], [13.29, 1658.0], [13.289, 1621.0], [13.288, 2529.0], [13.287, 1166.0], [13.286, 1285.0], [13.285, 3134.0], [13.284, 1891.0], [13.283, 1238.0], [13.282, 1609.0], [13.281, 1010.0], [13.28, 1056.0], [13.279, 979.0], [13.278, 1978.0], [13.277, 2910.0]], "asks": [[13.297, 186.0], [13.298, 5856.0], [13.299, 891.0], [13.3, 2772.0], [13.301, 1157.0], [13.302, 1100.0], [13.303, 990.0], [13.304, 1681.0], [13.305, 1448.0], [13.306, 1782.0], [13.307, 1899.0], [13.308, 2407.0], [13.309, 2214.0], [13.31, 5240.0], [13.311, 1196.0], [13.312, 833.0], [13.313, 1171.0], [13.314, 996.0], [13.315, 875.0], [13.316, 1407.0]], "timestamp": "2025-12-06T05:02:47.389205+00:00"}, {"symbol": "AVAXUSDT", "bids": [[13.296, 940.0], [13.295, 1044.0], [13.294, 1820.0], [13.293, 1900.0], [13.292, 1462.0], [13.291, 1474.0], [13.29, 1462.0], [13.289, 1532.0], [13.288, 1550.0], [13.287, 859.0], [13.286, 2101.0], [13.285, 2917.0], [13.284, 1056.0], [13.283, 1350.0], [13.282, 2143.0], [13.281, 1377.0], [13.28, 1717.0], [13.279, 942.0], [13.278, 2210.0], [13.277, 4711.0]], "asks": [[13.297, 407.0], [13.298, 5447.0], [13.299, 915.0], [13.3, 2028.0], [13.301, 1525.0], [13.302, 742.0], [13.303, 1260.0], [13.304, 864.0], [13.305, 1060.0], [13.306, 991.0], [13.307, 1510.0], [13.308, 3365.0], [13.309, 2032.0], [13.31, 4293.0], [13.311, 1198.0], [13.312, 847.0], [13.313, 1306.0], [13.314, 1443.0], [13.315, 840.0], [13.316, 1409.0]], "timestamp": "2025-12-06T05:03:38.772176+00:00"}, {"symbol": "AVAXUSDT", "bids": [[13.299, 281.0], [13.298, 1716.0], [13.297, 905.0], [13.296, 1803.0], [13.295, 1057.0], [13.294, 2079.0], [13.293, 1389.0], [13.292, 1802.0], [13.291, 1430.0], [13.29, 1376.0], [13.289, 2141.0], [13.288, 3350.0], [13.287, 1237.0], [13.286, 1423.0], [13.285, 1043.0], [13.284, 1331.0], [13.283, 1593.0], [13.282, 2302.0], [13.281, 2829.0], [13.28, 3927.0]], "asks": [[13.3, 781.0], [13.301, 5592.0], [13.302, 838.0], [13.303, 1125.0], [13.304, 612.0], [13.305, 1084.0], [13.306, 1102.0], [13.307, 1191.0], [13.308, 1730.0], [13.309, 1532.0], [13.31, 2180.0], [13.311, 1850.0], [13.312, 2422.0], [13.313, 3855.0], [13.314, 1471.0], [13.315, 998.0], [13.316, 1409.0], [13.317, 1135.0], [13.318, 1590.0], [13.319, 3599.0]], "timestamp": "2025-12-06T05:04:30.188566+00:00"}, {"symbol": "AVAXUSDT", "bids": [[13.299, 868.0], [13.298, 2250.0], [13.297, 1930.0], [13.296, 1642.0], [13.295, 662.0], [13.294, 2049.0], [13.293, 1320.0], [13.292, 1523.0], [13.291, 1420.0], [13.29, 1790.0], [13.289, 1489.0], [13.288, 1829.0], [13.287, 2748.0], [13.286, 1362.0], [13.285, 1044.0], [13.284, 1138.0], [13.283, 1891.0], [13.282, 1970.0], [13.281, 2504.0], [13.28, 1742.0]], "asks": [[13.3, 652.0], [13.301, 5760.0], [13.302, 900.0], [13.303, 570.0], [13.304, 1072.0], [13.305, 1190.0], [13.306, 844.0], [13.307, 1621.0], [13.308, 2718.0], [13.309, 1567.0], [13.31, 2281.0], [13.311, 1938.0], [13.312, 5450.0], [13.313, 1046.0], [13.314, 987.0], [13.315, 1000.0], [13.316, 1352.0], [13.317, 1135.0], [13.318, 1159.0], [13.319, 1777.0]], "timestamp": "2025-12-06T05:05:21.513971+00:00"}, {"symbol": "AVAXUSDT", "bids": [[13.294, 784.0], [13.293, 269.0], [13.292, 1017.0], [13.291, 703.0], [13.29, 959.0], [13.289, 1560.0], [13.288, 1427.0], [13.287, 836.0], [13.286, 1172.0], [13.285, 1467.0], [13.284, 1490.0], [13.283, 3769.0], [13.282, 3697.0], [13.281, 1264.0], [13.28, 1607.0], [13.279, 893.0], [13.278, 1628.0], [13.277, 2814.0], [13.276, 1831.0], [13.275, 3398.0]], "asks": [[13.295, 1925.0], [13.296, 1845.0], [13.297, 7307.0], [13.298, 2443.0], [13.299, 2338.0], [13.3, 2080.0], [13.301, 1933.0], [13.302, 2304.0], [13.303, 2574.0], [13.304, 1416.0], [13.305, 1764.0], [13.306, 1660.0], [13.307, 2348.0], [13.308, 6313.0], [13.309, 976.0], [13.31, 1424.0], [13.311, 1528.0], [13.312, 1613.0], [13.313, 1048.0], [13.314, 988.0]], "timestamp": "2025-12-06T05:06:12.721640+00:00"}, {"symbol": "AVAXUSDT", "bids": [[13.289, 84.0], [13.288, 481.0], [13.287, 1220.0], [13.286, 1004.0], [13.285, 1621.0], [13.284, 1257.0], [13.283, 1415.0], [13.282, 1956.0], [13.281, 1066.0], [13.28, 1618.0], [13.279, 1464.0], [13.278, 1760.0], [13.277, 2385.0], [13.276, 1143.0], [13.275, 1378.0], [13.274, 1212.0], [13.273, 1015.0], [13.272, 2000.0], [13.271, 4546.0], [13.27, 1356.0]], "asks": [[13.29, 295.0], [13.291, 883.0], [13.292, 899.0], [13.293, 1182.0], [13.294, 2657.0], [13.295, 2256.0], [13.296, 1911.0], [13.297, 2874.0], [13.298, 1840.0], [13.299, 2113.0], [13.3, 1631.0], [13.301, 2052.0], [13.302, 3085.0], [13.303, 4562.0], [13.304, 2297.0], [13.305, 1342.0], [13.306, 1150.0], [13.307, 1148.0], [13.308, 854.0], [13.309, 963.0]], "timestamp": "2025-12-06T05:07:04.224218+00:00"}, {"symbol": "AVAXUSDT", "bids": [[13.292, 693.0], [13.291, 992.0], [13.29, 1367.0], [13.289, 913.0], [13.288, 953.0], [13.287, 1645.0], [13.286, 1934.0], [13.285, 1672.0], [13.284, 954.0], [13.283, 1214.0], [13.282, 2362.0], [13.281, 3608.0], [13.28, 1088.0], [13.279, 1054.0], [13.278, 1719.0], [13.277, 1136.0], [13.276, 1141.0], [13.275, 1699.0], [13.274, 2725.0], [13.273, 1264.0]], "asks": [[13.293, 180.0], [13.294, 629.0], [13.295, 905.0], [13.296, 1489.0], [13.297, 2710.0], [13.298, 1873.0], [13.299, 1506.0], [13.3, 1599.0], [13.301, 1795.0], [13.302, 2012.0], [13.303, 2374.0], [13.304, 2468.0], [13.305, 2804.0], [13.306, 4116.0], [13.307, 1148.0], [13.308, 854.0], [13.309, 1066.0], [13.31, 1522.0], [13.311, 1386.0], [13.312, 1032.0]], "timestamp": "2025-12-06T05:07:55.518537+00:00"}, {"symbol": "AVAXUSDT", "bids": [[13.292, 14.0], [13.291, 120.0], [13.29, 523.0], [13.289, 1370.0], [13.288, 1255.0], [13.287, 1440.0], [13.286, 1728.0], [13.285, 1877.0], [13.284, 837.0], [13.283, 1404.0], [13.282, 2362.0], [13.281, 1730.0], [13.28, 3158.0], [13.279, 1055.0], [13.278, 1718.0], [13.277, 1135.0], [13.276, 1204.0], [13.275, 2018.0], [13.274, 3131.0], [13.273, 3311.0]], "asks": [[13.293, 609.0], [13.294, 1057.0], [13.295, 1007.0], [13.296, 1631.0], [13.297, 1978.0], [13.298, 1876.0], [13.299, 1490.0], [13.3, 1701.0], [13.301, 1507.0], [13.302, 1653.0], [13.303, 2770.0], [13.304, 2316.0], [13.305, 5270.0], [13.306, 1531.0], [13.307, 1660.0], [13.308, 855.0], [13.309, 1066.0], [13.31, 1522.0], [13.311, 1385.0], [13.312, 1032.0]], "timestamp": "2025-12-06T05:08:46.818918+00:00"}, {"symbol": "AVAXUSDT", "bids": [[13.295, 119.0], [13.294, 591.0], [13.293, 778.0], [13.292, 1224.0], [13.291, 1270.0], [13.29, 1767.0], [13.289, 1699.0], [13.288, 2340.0], [13.287, 1280.0], [13.286, 1283.0], [13.285, 2508.0], [13.284, 1178.0], [13.283, 1364.0], [13.282, 2218.0], [13.281, 1009.0], [13.28, 1461.0], [13.279, 3769.0], [13.278, 3309.0], [13.277, 1264.0], [13.276, 2835.0]], "asks": [[13.296, 751.0], [13.297, 2289.0], [13.298, 1016.0], [13.299, 466.0], [13.3, 715.0], [13.301, 812.0], [13.302, 1971.0], [13.303, 1512.0], [13.304, 1391.0], [13.305, 1173.0], [13.306, 1744.0], [13.307, 1576.0], [13.308, 1767.0], [13.309, 2984.0], [13.31, 3804.0], [13.311, 1465.0], [13.312, 989.0], [13.313, 1542.0], [13.314, 1486.0], [13.315, 979.0]], "timestamp": "2025-12-06T05:09:38.080593+00:00"}, {"symbol": "AVAXUSDT", "bids": [[13.294, 389.0], [13.293, 452.0], [13.292, 913.0], [13.291, 1411.0], [13.29, 1536.0], [13.289, 1609.0], [13.288, 1235.0], [13.287, 851.0], [13.286, 1111.0], [13.285, 1422.0], [13.284, 2495.0], [13.283, 1400.0], [13.282, 1530.0], [13.281, 1156.0], [13.28, 1828.0], [13.279, 1127.0], [13.278, 2140.0], [13.277, 1788.0], [13.276, 4449.0], [13.275, 1453.0]], "asks": [[13.295, 272.0], [13.296, 519.0], [13.297, 610.0], [13.298, 1285.0], [13.299, 1193.0], [13.3, 1379.0], [13.301, 1307.0], [13.302, 1447.0], [13.303, 1808.0], [13.304, 2063.0], [13.305, 1717.0], [13.306, 2045.0], [13.307, 2902.0], [13.308, 1562.0], [13.309, 3584.0], [13.31, 1277.0], [13.311, 1463.0], [13.312, 1019.0], [13.313, 1358.0], [13.314, 1464.0]], "timestamp": "2025-12-06T05:10:29.379999+00:00"}, {"symbol": "AVAXUSDT", "bids": [[13.292, 920.0], [13.291, 1398.0], [13.29, 2048.0], [13.289, 1596.0], [13.288, 1205.0], [13.287, 699.0], [13.286, 1445.0], [13.285, 1828.0], [13.284, 2683.0], [13.283, 1157.0], [13.282, 1530.0], [13.281, 1104.0], [13.28, 1831.0], [13.279, 1045.0], [13.278, 1536.0], [13.277, 1995.0], [13.276, 3846.0], [13.275, 1332.0], [13.274, 2070.0], [13.273, 2788.0]], "asks": [[13.293, 292.0], [13.294, 617.0], [13.295, 406.0], [13.296, 619.0], [13.297, 468.0], [13.298, 1463.0], [13.299, 1429.0], [13.3, 1443.0], [13.301, 1287.0], [13.302, 1817.0], [13.303, 1682.0], [13.304, 2434.0], [13.305, 2762.0], [13.306, 2646.0], [13.307, 3236.0], [13.308, 1108.0], [13.309, 757.0], [13.31, 1122.0], [13.311, 1471.0], [13.312, 971.0]], "timestamp": "2025-12-06T05:11:21.010109+00:00"}, {"symbol": "AVAXUSDT", "bids": [[13.291, 308.0], [13.29, 429.0], [13.289, 1169.0], [13.288, 1115.0], [13.287, 634.0], [13.286, 942.0], [13.285, 1135.0], [13.284, 1113.0], [13.283, 1579.0], [13.282, 1593.0], [13.281, 1177.0], [13.28, 2674.0], [13.279, 1766.0], [13.278, 1610.0], [13.277, 1509.0], [13.276, 820.0], [13.275, 1037.0], [13.274, 959.0], [13.273, 1203.0], [13.272, 2517.0]], "asks": [[13.292, 456.0], [13.293, 485.0], [13.294, 999.0], [13.295, 795.0], [13.296, 1804.0], [13.297, 1267.0], [13.298, 2155.0], [13.299, 1514.0], [13.3, 1058.0], [13.301, 1041.0], [13.302, 1961.0], [13.303, 2047.0], [13.304, 4086.0], [13.305, 652.0], [13.306, 888.0], [13.307, 1038.0], [13.308, 1045.0], [13.309, 615.0], [13.31, 1088.0], [13.311, 1188.0]], "timestamp": "2025-12-06T05:12:12.993488+00:00"}, {"symbol": "AVAXUSDT", "bids": [[13.296, 373.0], [13.295, 688.0], [13.294, 742.0], [13.293, 828.0], [13.292, 1468.0], [13.291, 1391.0], [13.29, 1242.0], [13.289, 2221.0], [13.288, 1063.0], [13.287, 956.0], [13.286, 970.0], [13.285, 1408.0], [13.284, 2713.0], [13.283, 1616.0], [13.282, 1254.0], [13.281, 768.0], [13.28, 1176.0], [13.279, 1169.0], [13.278, 3632.0], [13.277, 2108.0]], "asks": [[13.297, 342.0], [13.298, 1471.0], [13.299, 788.0], [13.3, 763.0], [13.301, 1006.0], [13.302, 1089.0], [13.303, 953.0], [13.304, 1185.0], [13.305, 609.0], [13.306, 1326.0], [13.307, 2546.0], [13.308, 2111.0], [13.309, 3355.0], [13.31, 1267.0], [13.311, 1116.0], [13.312, 1116.0], [13.313, 820.0], [13.314, 669.0], [13.315, 1117.0], [13.316, 3637.0]], "timestamp": "2025-12-06T05:13:04.699716+00:00"}, {"symbol": "AVAXUSDT", "bids": [[13.299, 205.0], [13.298, 532.0], [13.297, 1058.0], [13.296, 1163.0], [13.295, 1666.0], [13.294, 1011.0], [13.293, 935.0], [13.292, 2024.0], [13.291, 1773.0], [13.29, 1728.0], [13.289, 2161.0], [13.288, 2503.0], [13.287, 520.0], [13.286, 814.0], [13.285, 1070.0], [13.284, 1172.0], [13.283, 1496.0], [13.282, 2291.0], [13.281, 1085.0], [13.28, 3445.0]], "asks": [[13.3, 276.0], [13.301, 272.0], [13.302, 602.0], [13.303, 807.0], [13.304, 687.0], [13.305, 1245.0], [13.306, 631.0], [13.307, 1204.0], [13.308, 994.0], [13.309, 1319.0], [13.31, 1504.0], [13.311, 2673.0], [13.312, 2946.0], [13.313, 2065.0], [13.314, 1437.0], [13.315, 740.0], [13.316, 955.0], [13.317, 1337.0], [13.318, 3470.0], [13.319, 878.0]], "timestamp": "2025-12-06T05:13:56.391261+00:00"}, {"symbol": "AVAXUSDT", "bids": [[13.302, 133.0], [13.301, 426.0], [13.3, 767.0], [13.299, 816.0], [13.298, 1171.0], [13.297, 1395.0], [13.296, 1559.0], [13.295, 2325.0], [13.294, 465.0], [13.293, 704.0], [13.292, 1152.0], [13.291, 2952.0], [13.29, 930.0], [13.289, 1805.0], [13.288, 548.0], [13.287, 945.0], [13.286, 1856.0], [13.285, 4519.0], [13.284, 587.0], [13.283, 1252.0]], "asks": [[13.303, 1238.0], [13.304, 6075.0], [13.305, 2286.0], [13.306, 2510.0], [13.307, 969.0], [13.308, 1531.0], [13.309, 1361.0], [13.31, 1122.0], [13.311, 604.0], [13.312, 471.0], [13.313, 951.0], [13.314, 1465.0], [13.315, 2305.0], [13.316, 5127.0], [13.317, 1652.0], [13.318, 3857.0], [13.319, 1354.0], [13.32, 587.0], [13.321, 828.0], [13.322, 911.0]], "timestamp": "2025-12-06T05:14:48.195139+00:00"}, {"symbol": "AVAXUSDT", "bids": [[13.309, 295.0], [13.308, 522.0], [13.307, 1156.0], [13.306, 1358.0], [13.305, 1229.0], [13.304, 1364.0], [13.303, 1818.0], [13.302, 1814.0], [13.301, 2054.0], [13.3, 528.0], [13.299, 1283.0], [13.298, 2933.0], [13.297, 814.0], [13.296, 1042.0], [13.295, 1946.0], [13.294, 969.0], [13.293, 877.0], [13.292, 2180.0], [13.291, 4541.0], [13.29, 948.0]], "asks": [[13.31, 705.0], [13.311, 5333.0], [13.312, 917.0], [13.313, 848.0], [13.314, 3912.0], [13.315, 4010.0], [13.316, 1419.0], [13.317, 974.0], [13.318, 610.0], [13.319, 700.0], [13.32, 1623.0], [13.321, 1883.0], [13.322, 2643.0], [13.323, 3604.0], [13.324, 602.0], [13.325, 753.0], [13.326, 1881.0], [13.327, 3627.0], [13.328, 3076.0], [13.329, 599.0]], "timestamp": "2025-12-06T05:15:39.854727+00:00"}, {"symbol": "AVAXUSDT", "bids": [[13.306, 71.0], [13.305, 445.0], [13.304, 790.0], [13.303, 842.0], [13.302, 843.0], [13.301, 2232.0], [13.3, 676.0], [13.299, 1213.0], [13.298, 1253.0], [13.297, 1123.0], [13.296, 1829.0], [13.295, 3683.0], [13.294, 779.0], [13.293, 1127.0], [13.292, 2020.0], [13.291, 1414.0], [13.29, 1191.0], [13.289, 2098.0], [13.288, 3222.0], [13.287, 3700.0]], "asks": [[13.307, 568.0], [13.308, 6430.0], [13.309, 1482.0], [13.31, 1623.0], [13.311, 1607.0], [13.312, 5129.0], [13.313, 1612.0], [13.314, 3402.0], [13.315, 717.0], [13.316, 1182.0], [13.317, 1438.0], [13.318, 1689.0], [13.319, 1049.0], [13.32, 4667.0], [13.321, 1461.0], [13.322, 1110.0], [13.323, 1209.0], [13.324, 592.0], [13.325, 765.0], [13.326, 1466.0]], "timestamp": "2025-12-06T05:16:31.140381+00:00"}, {"symbol": "AVAXUSDT", "bids": [[13.303, 402.0], [13.302, 629.0], [13.301, 1272.0], [13.3, 698.0], [13.299, 544.0], [13.298, 1318.0], [13.297, 1295.0], [13.296, 1553.0], [13.295, 1972.0], [13.294, 1156.0], [13.293, 942.0], [13.292, 1796.0], [13.291, 2677.0], [13.29, 1171.0], [13.289, 1756.0], [13.288, 1600.0], [13.287, 1146.0], [13.286, 2134.0], [13.285, 2403.0], [13.284, 2556.0]], "asks": [[13.304, 1034.0], [13.305, 453.0], [13.306, 6016.0], [13.307, 1650.0], [13.308, 2345.0], [13.309, 6709.0], [13.31, 3148.0], [13.311, 1275.0], [13.312, 1054.0], [13.313, 1688.0], [13.314, 3530.0], [13.315, 2441.0], [13.316, 5359.0], [13.317, 1456.0], [13.318, 1286.0], [13.319, 482.0], [13.32, 666.0], [13.321, 883.0], [13.322, 967.0], [13.323, 1035.0]], "timestamp": "2025-12-06T05:17:22.611459+00:00"}, {"symbol": "AVAXUSDT", "bids": [[13.292, 142.0], [13.291, 125.0], [13.29, 474.0], [13.289, 1568.0], [13.288, 1046.0], [13.287, 1004.0], [13.286, 1128.0], [13.285, 1283.0], [13.284, 946.0], [13.283, 1047.0], [13.282, 1473.0], [13.281, 920.0], [13.28, 3043.0], [13.279, 1613.0], [13.278, 1466.0], [13.277, 1214.0], [13.276, 2136.0], [13.275, 4291.0], [13.274, 1090.0], [13.273, 1269.0]], "asks": [[13.293, 6603.0], [13.294, 1374.0], [13.295, 3903.0], [13.296, 7546.0], [13.297, 2500.0], [13.298, 2664.0], [13.299, 1557.0], [13.3, 2353.0], [13.301, 1925.0], [13.302, 1465.0], [13.303, 1132.0], [13.304, 4450.0], [13.305, 1552.0], [13.306, 2950.0], [13.307, 1232.0], [13.308, 768.0], [13.309, 858.0], [13.31, 776.0], [13.311, 1092.0], [13.312, 825.0]], "timestamp": "2025-12-06T05:18:13.917191+00:00"}, {"symbol": "AVAXUSDT", "bids": [[13.297, 397.0], [13.296, 1051.0], [13.295, 2156.0], [13.294, 1477.0], [13.293, 901.0], [13.292, 1238.0], [13.291, 1760.0], [13.29, 1525.0], [13.289, 1564.0], [13.288, 1484.0], [13.287, 1373.0], [13.286, 2895.0], [13.285, 1856.0], [13.284, 851.0], [13.283, 1309.0], [13.282, 1633.0], [13.281, 1199.0], [13.28, 2236.0], [13.279, 2440.0], [13.278, 1410.0]], "asks": [[13.298, 305.0], [13.299, 525.0], [13.3, 1692.0], [13.301, 6132.0], [13.302, 1795.0], [13.303, 5528.0], [13.304, 867.0], [13.305, 910.0], [13.306, 1042.0], [13.307, 1615.0], [13.308, 1715.0], [13.309, 1463.0], [13.31, 2509.0], [13.311, 4394.0], [13.312, 1295.0], [13.313, 1917.0], [13.314, 3842.0], [13.315, 1578.0], [13.316, 4125.0], [13.317, 3322.0]], "timestamp": "2025-12-06T05:19:05.708737+00:00"}, {"symbol": "AVAXUSDT", "bids": [[13.299, 331.0], [13.298, 400.0], [13.297, 814.0], [13.296, 1514.0], [13.295, 2084.0], [13.294, 1334.0], [13.293, 1527.0], [13.292, 1771.0], [13.291, 2280.0], [13.29, 1614.0], [13.289, 1590.0], [13.288, 1541.0], [13.287, 1072.0], [13.286, 3385.0], [13.285, 1465.0], [13.284, 855.0], [13.283, 1238.0], [13.282, 1631.0], [13.281, 2255.0], [13.28, 2071.0]], "asks": [[13.3, 5310.0], [13.301, 513.0], [13.302, 1203.0], [13.303, 710.0], [13.304, 1937.0], [13.305, 5588.0], [13.306, 907.0], [13.307, 1199.0], [13.308, 994.0], [13.309, 2514.0], [13.31, 1645.0], [13.311, 4290.0], [13.312, 2282.0], [13.313, 1384.0], [13.314, 4010.0], [13.315, 946.0], [13.316, 2054.0], [13.317, 3420.0], [13.318, 818.0], [13.319, 960.0]], "timestamp": "2025-12-06T05:19:57.655945+00:00"}, {"symbol": "AVAXUSDT", "bids": [[13.303, 647.0], [13.302, 992.0], [13.301, 1356.0], [13.3, 1260.0], [13.299, 962.0], [13.298, 1490.0], [13.297, 2172.0], [13.296, 2333.0], [13.295, 2590.0], [13.294, 2299.0], [13.293, 4064.0], [13.292, 1373.0], [13.291, 1839.0], [13.29, 1112.0], [13.289, 1224.0], [13.288, 1162.0], [13.287, 1222.0], [13.286, 1513.0], [13.285, 2809.0], [13.284, 3159.0]], "asks": [[13.304, 40.0], [13.305, 347.0], [13.306, 4904.0], [13.307, 664.0], [13.308, 2440.0], [13.309, 6144.0], [13.31, 3168.0], [13.311, 1105.0], [13.312, 607.0], [13.313, 799.0], [13.314, 1669.0], [13.315, 1592.0], [13.316, 2932.0], [13.317, 4292.0], [13.318, 1109.0], [13.319, 1143.0], [13.32, 1238.0], [13.321, 1143.0], [13.322, 1667.0], [13.323, 3806.0]], "timestamp": "2025-12-06T05:20:49.194195+00:00"}, {"symbol": "AVAXUSDT", "bids": [[13.297, 873.0], [13.296, 982.0], [13.295, 1438.0], [13.294, 1209.0], [13.293, 868.0], [13.292, 1233.0], [13.291, 1560.0], [13.29, 1065.0], [13.289, 1467.0], [13.288, 1939.0], [13.287, 3593.0], [13.286, 1213.0], [13.285, 1306.0], [13.284, 3163.0], [13.283, 1869.0], [13.282, 1912.0], [13.281, 1260.0], [13.28, 2105.0], [13.279, 883.0], [13.278, 1185.0]], "asks": [[13.298, 68.0], [13.299, 108.0], [13.3, 5807.0], [13.301, 1809.0], [13.302, 3132.0], [13.303, 6746.0], [13.304, 2257.0], [13.305, 1437.0], [13.306, 897.0], [13.307, 1454.0], [13.308, 1854.0], [13.309, 1888.0], [13.31, 3895.0], [13.311, 2341.0], [13.312, 4243.0], [13.313, 680.0], [13.314, 1045.0], [13.315, 1254.0], [13.316, 1842.0], [13.317, 1210.0]], "timestamp": "2025-12-06T05:21:40.870416+00:00"}, {"symbol": "AVAXUSDT", "bids": [[13.296, 798.0], [13.295, 101.0], [13.294, 659.0], [13.293, 915.0], [13.292, 1359.0], [13.291, 1316.0], [13.29, 1051.0], [13.289, 1812.0], [13.288, 1362.0], [13.287, 2138.0], [13.286, 1234.0], [13.285, 2805.0], [13.284, 946.0], [13.283, 1695.0], [13.282, 1559.0], [13.281, 1352.0], [13.28, 1813.0], [13.279, 964.0], [13.278, 2611.0], [13.277, 4999.0]], "asks": [[13.297, 6289.0], [13.298, 2023.0], [13.299, 2117.0], [13.3, 2987.0], [13.301, 5533.0], [13.302, 1889.0], [13.303, 1464.0], [13.304, 2153.0], [13.305, 1865.0], [13.306, 1247.0], [13.307, 1290.0], [13.308, 2231.0], [13.309, 3845.0], [13.31, 7053.0], [13.311, 1295.0], [13.312, 937.0], [13.313, 768.0], [13.314, 1058.0], [13.315, 1107.0], [13.316, 1846.0]], "timestamp": "2025-12-06T05:22:32.583261+00:00"}, {"symbol": "AVAXUSDT", "bids": [[13.294, 902.0], [13.293, 1908.0], [13.292, 2387.0], [13.291, 1730.0], [13.29, 588.0], [13.289, 1258.0], [13.288, 1579.0], [13.287, 1035.0], [13.286, 1804.0], [13.285, 1537.0], [13.284, 1035.0], [13.283, 2684.0], [13.282, 1256.0], [13.281, 1136.0], [13.28, 1388.0], [13.279, 1223.0], [13.278, 1708.0], [13.277, 4153.0], [13.276, 2490.0], [13.275, 1637.0]], "asks": [[13.295, 221.0], [13.296, 19.0], [13.297, 5745.0], [13.298, 1558.0], [13.299, 2366.0], [13.3, 2426.0], [13.301, 5223.0], [13.302, 2051.0], [13.303, 714.0], [13.304, 1116.0], [13.305, 2416.0], [13.306, 1268.0], [13.307, 2924.0], [13.308, 4439.0], [13.309, 1824.0], [13.31, 3270.0], [13.311, 1005.0], [13.312, 1120.0], [13.313, 898.0], [13.314, 1522.0]], "timestamp": "2025-12-06T05:23:23.913515+00:00"}, {"symbol": "AVAXUSDT", "bids": [[13.299, 2366.0], [13.298, 1667.0], [13.297, 1491.0], [13.296, 1327.0], [13.295, 1328.0], [13.294, 2328.0], [13.293, 1698.0], [13.292, 2443.0], [13.291, 1675.0], [13.29, 1389.0], [13.289, 2147.0], [13.288, 3639.0], [13.287, 1176.0], [13.286, 2041.0], [13.285, 1152.0], [13.284, 971.0], [13.283, 1355.0], [13.282, 1438.0], [13.281, 2011.0], [13.28, 1563.0]], "asks": [[13.3, 36.0], [13.301, 64.0], [13.302, 356.0], [13.303, 105.0], [13.304, 6532.0], [13.305, 1312.0], [13.306, 1422.0], [13.307, 1301.0], [13.308, 1178.0], [13.309, 2029.0], [13.31, 4743.0], [13.311, 2658.0], [13.312, 1249.0], [13.313, 1832.0], [13.314, 3989.0], [13.315, 1219.0], [13.316, 1235.0], [13.317, 1992.0], [13.318, 5920.0], [13.319, 1155.0]], "timestamp": "2025-12-06T05:24:15.423695+00:00"}, {"symbol": "AVAXUSDT", "bids": [[13.3, 893.0], [13.299, 724.0], [13.298, 1008.0], [13.297, 1472.0], [13.296, 1453.0], [13.295, 2130.0], [13.294, 2495.0], [13.293, 1661.0], [13.292, 1763.0], [13.291, 1473.0], [13.29, 1418.0], [13.289, 3519.0], [13.288, 1448.0], [13.287, 853.0], [13.286, 1718.0], [13.285, 1057.0], [13.284, 1249.0], [13.283, 1719.0], [13.282, 2708.0], [13.281, 3126.0]], "asks": [[13.301, 5411.0], [13.302, 503.0], [13.303, 391.0], [13.304, 441.0], [13.305, 1508.0], [13.306, 1699.0], [13.307, 3906.0], [13.308, 1412.0], [13.309, 1342.0], [13.31, 1205.0], [13.311, 1873.0], [13.312, 3114.0], [13.313, 1020.0], [13.314, 2269.0], [13.315, 4324.0], [13.316, 1235.0], [13.317, 1363.0], [13.318, 874.0], [13.319, 1093.0], [13.32, 1221.0]], "timestamp": "2025-12-06T05:25:06.926694+00:00"}, {"symbol": "AVAXUSDT", "bids": [[13.296, 36.0], [13.295, 305.0], [13.294, 854.0], [13.293, 1370.0], [13.292, 611.0], [13.291, 1553.0], [13.29, 1443.0], [13.289, 1401.0], [13.288, 780.0], [13.287, 1017.0], [13.286, 1722.0], [13.285, 1526.0], [13.284, 1348.0], [13.283, 1527.0], [13.282, 3162.0], [13.281, 871.0], [13.28, 1736.0], [13.279, 2308.0], [13.278, 1807.0], [13.277, 1085.0]], "asks": [[13.297, 602.0], [13.298, 1102.0], [13.299, 2509.0], [13.3, 2290.0], [13.301, 2765.0], [13.302, 2734.0], [13.303, 2115.0], [13.304, 1393.0], [13.305, 1530.0], [13.306, 2738.0], [13.307, 4534.0], [13.308, 5254.0], [13.309, 2410.0], [13.31, 830.0], [13.311, 1329.0], [13.312, 1010.0], [13.313, 1043.0], [13.314, 1243.0], [13.315, 1531.0], [13.316, 1771.0]], "timestamp": "2025-12-06T05:25:58.416206+00:00"}, {"symbol": "AVAXUSDT", "bids": [[13.284, 886.0], [13.283, 1446.0], [13.282, 1258.0], [13.281, 1154.0], [13.28, 1403.0], [13.279, 1150.0], [13.278, 1960.0], [13.277, 1288.0], [13.276, 1387.0], [13.275, 1254.0], [13.274, 1773.0], [13.273, 1414.0], [13.272, 3123.0], [13.271, 1651.0], [13.27, 3393.0], [13.269, 844.0], [13.268, 1635.0], [13.267, 1105.0], [13.266, 1756.0], [13.265, 939.0]], "asks": [[13.285, 23.0], [13.286, 431.0], [13.287, 1244.0], [13.288, 1054.0], [13.289, 2642.0], [13.29, 1428.0], [13.291, 1399.0], [13.292, 1314.0], [13.293, 1592.0], [13.294, 1313.0], [13.295, 1430.0], [13.296, 2379.0], [13.297, 2139.0], [13.298, 3836.0], [13.299, 1179.0], [13.3, 1630.0], [13.301, 1048.0], [13.302, 1789.0], [13.303, 1131.0], [13.304, 2395.0]], "timestamp": "2025-12-06T05:26:51.101531+00:00"}, {"symbol": "AVAXUSDT", "bids": [[13.28, 562.0], [13.279, 987.0], [13.278, 1021.0], [13.277, 1060.0], [13.276, 1446.0], [13.275, 1217.0], [13.274, 1789.0], [13.273, 892.0], [13.272, 1145.0], [13.271, 1168.0], [13.27, 1424.0], [13.269, 2787.0], [13.268, 1958.0], [13.267, 1528.0], [13.266, 1282.0], [13.265, 1488.0], [13.264, 1265.0], [13.263, 1499.0], [13.262, 3464.0], [13.261, 14635.0]], "asks": [[13.281, 1.0], [13.282, 722.0], [13.283, 937.0], [13.284, 2029.0], [13.285, 666.0], [13.286, 1789.0], [13.287, 1566.0], [13.288, 1425.0], [13.289, 2251.0], [13.29, 2054.0], [13.291, 2019.0], [13.292, 2763.0], [13.293, 1596.0], [13.294, 1510.0], [13.295, 4080.0], [13.296, 2378.0], [13.297, 1626.0], [13.298, 1007.0], [13.299, 1145.0], [13.3, 1234.0]], "timestamp": "2025-12-06T05:27:42.679364+00:00"}, {"symbol": "AVAXUSDT", "bids": [[13.281, 283.0], [13.28, 628.0], [13.279, 863.0], [13.278, 1392.0], [13.277, 1440.0], [13.276, 1224.0], [13.275, 1112.0], [13.274, 1329.0], [13.273, 909.0], [13.272, 1319.0], [13.271, 1784.0], [13.27, 3180.0], [13.269, 1167.0], [13.268, 1860.0], [13.267, 1641.0], [13.266, 1246.0], [13.265, 1488.0], [13.264, 1398.0], [13.263, 2440.0], [13.262, 2580.0]], "asks": [[13.282, 197.0], [13.283, 743.0], [13.284, 1104.0], [13.285, 602.0], [13.286, 1097.0], [13.287, 1562.0], [13.288, 2174.0], [13.289, 2328.0], [13.29, 1747.0], [13.291, 1910.0], [13.292, 2539.0], [13.293, 3038.0], [13.294, 3992.0], [13.295, 1124.0], [13.296, 1934.0], [13.297, 1742.0], [13.298, 1008.0], [13.299, 1262.0], [13.3, 1234.0], [13.301, 1164.0]], "timestamp": "2025-12-06T05:28:34.128027+00:00"}, {"symbol": "AVAXUSDT", "bids": [[13.292, 502.0], [13.291, 1214.0], [13.29, 2137.0], [13.289, 1262.0], [13.288, 1255.0], [13.287, 1755.0], [13.286, 2032.0], [13.285, 2004.0], [13.284, 2590.0], [13.283, 2495.0], [13.282, 1525.0], [13.281, 3046.0], [13.28, 1755.0], [13.279, 1019.0], [13.278, 1160.0], [13.277, 1418.0], [13.276, 1822.0], [13.275, 1825.0], [13.274, 1548.0], [13.273, 1912.0]], "asks": [[13.293, 8.0], [13.294, 52.0], [13.295, 398.0], [13.296, 822.0], [13.297, 1452.0], [13.298, 1034.0], [13.299, 1514.0], [13.3, 1415.0], [13.301, 1197.0], [13.302, 2531.0], [13.303, 2676.0], [13.304, 1262.0], [13.305, 1823.0], [13.306, 3789.0], [13.307, 3731.0], [13.308, 1839.0], [13.309, 1644.0], [13.31, 3537.0], [13.311, 3553.0], [13.312, 502.0]], "timestamp": "2025-12-06T05:29:25.869180+00:00"}, {"symbol": "AVAXUSDT", "bids": [[13.296, 128.0], [13.295, 266.0], [13.294, 756.0], [13.293, 1008.0], [13.292, 949.0], [13.291, 1123.0], [13.29, 1805.0], [13.289, 1500.0], [13.288, 1816.0], [13.287, 1633.0], [13.286, 2102.0], [13.285, 1383.0], [13.284, 1632.0], [13.283, 2953.0], [13.282, 958.0], [13.281, 1496.0], [13.28, 1580.0], [13.279, 1975.0], [13.278, 1475.0], [13.277, 2556.0]], "asks": [[13.297, 649.0], [13.298, 380.0], [13.299, 913.0], [13.3, 900.0], [13.301, 1783.0], [13.302, 1735.0], [13.303, 4089.0], [13.304, 1024.0], [13.305, 1543.0], [13.306, 1519.0], [13.307, 2070.0], [13.308, 1442.0], [13.309, 3609.0], [13.31, 909.0], [13.311, 1202.0], [13.312, 891.0], [13.313, 1003.0], [13.314, 1466.0], [13.315, 1697.0], [13.316, 1823.0]], "timestamp": "2025-12-06T05:30:17.540328+00:00"}, {"symbol": "AVAXUSDT", "bids": [[13.29, 417.0], [13.289, 689.0], [13.288, 1248.0], [13.287, 1355.0], [13.286, 1864.0], [13.285, 899.0], [13.284, 1668.0], [13.283, 1135.0], [13.282, 1545.0], [13.281, 1586.0], [13.28, 916.0], [13.279, 1380.0], [13.278, 3297.0], [13.277, 1117.0], [13.276, 1727.0], [13.275, 1564.0], [13.274, 1112.0], [13.273, 3784.0], [13.272, 12835.0], [13.271, 1634.0]], "asks": [[13.291, 104.0], [13.292, 440.0], [13.293, 1454.0], [13.294, 983.0], [13.295, 2213.0], [13.296, 2047.0], [13.297, 1560.0], [13.298, 1003.0], [13.299, 1289.0], [13.3, 1431.0], [13.301, 2495.0], [13.302, 2792.0], [13.303, 7441.0], [13.304, 696.0], [13.305, 966.0], [13.306, 515.0], [13.307, 729.0], [13.308, 996.0], [13.309, 1537.0], [13.31, 877.0]], "timestamp": "2025-12-06T05:31:09.404459+00:00"}, {"symbol": "AVAXUSDT", "bids": [[13.291, 948.0], [13.29, 637.0], [13.289, 785.0], [13.288, 1433.0], [13.287, 1528.0], [13.286, 1745.0], [13.285, 952.0], [13.284, 1669.0], [13.283, 1163.0], [13.282, 1186.0], [13.281, 1980.0], [13.28, 1211.0], [13.279, 3147.0], [13.278, 1374.0], [13.277, 1234.0], [13.276, 1577.0], [13.275, 1720.0], [13.274, 1113.0], [13.273, 3901.0], [13.272, 12992.0]], "asks": [[13.292, 72.0], [13.293, 18.0], [13.294, 661.0], [13.295, 1437.0], [13.296, 2346.0], [13.297, 1380.0], [13.298, 1005.0], [13.299, 1175.0], [13.3, 1031.0], [13.301, 1909.0], [13.302, 2770.0], [13.303, 7253.0], [13.304, 696.0], [13.305, 967.0], [13.306, 515.0], [13.307, 729.0], [13.308, 995.0], [13.309, 1538.0], [13.31, 775.0], [13.311, 1124.0]], "timestamp": "2025-12-06T05:32:00.638120+00:00"}, {"symbol": "AVAXUSDT", "bids": [[13.288, 633.0], [13.287, 100.0], [13.286, 605.0], [13.285, 988.0], [13.284, 1599.0], [13.283, 1478.0], [13.282, 859.0], [13.281, 1200.0], [13.28, 1179.0], [13.279, 1424.0], [13.278, 1572.0], [13.277, 1505.0], [13.276, 2927.0], [13.275, 686.0], [13.274, 1638.0], [13.273, 756.0], [13.272, 1193.0], [13.271, 2681.0], [13.27, 1263.0], [13.269, 1376.0]], "asks": [[13.289, 388.0], [13.29, 551.0], [13.291, 770.0], [13.292, 1461.0], [13.293, 2682.0], [13.294, 2064.0], [13.295, 2289.0], [13.296, 1922.0], [13.297, 1256.0], [13.298, 1116.0], [13.299, 1921.0], [13.3, 3726.0], [13.301, 1863.0], [13.302, 2531.0], [13.303, 4089.0], [13.304, 647.0], [13.305, 939.0], [13.306, 497.0], [13.307, 1034.0], [13.308, 995.0]], "timestamp": "2025-12-06T05:32:52.111982+00:00"}, {"symbol": "AVAXUSDT", "bids": [[13.279, 705.0], [13.278, 600.0], [13.277, 1649.0], [13.276, 1232.0], [13.275, 725.0], [13.274, 854.0], [13.273, 893.0], [13.272, 1284.0], [13.271, 1448.0], [13.27, 1052.0], [13.269, 3292.0], [13.268, 1429.0], [13.267, 866.0], [13.266, 1138.0], [13.265, 1279.0], [13.264, 1688.0], [13.263, 1743.0], [13.262, 680.0], [13.261, 2645.0], [13.26, 14376.0]], "asks": [[13.28, 345.0], [13.281, 114.0], [13.282, 783.0], [13.283, 861.0], [13.284, 726.0], [13.285, 994.0], [13.286, 2137.0], [13.287, 2096.0], [13.288, 1921.0], [13.289, 1668.0], [13.29, 1234.0], [13.291, 3863.0], [13.292, 2400.0], [13.293, 1728.0], [13.294, 1035.0], [13.295, 2346.0], [13.296, 913.0], [13.297, 937.0], [13.298, 445.0], [13.299, 737.0]], "timestamp": "2025-12-06T05:33:43.580869+00:00"}, {"symbol": "AVAXUSDT", "bids": [[13.273, 537.0], [13.272, 732.0], [13.271, 1087.0], [13.27, 1191.0], [13.269, 885.0], [13.268, 1035.0], [13.267, 1069.0], [13.266, 1456.0], [13.265, 1012.0], [13.264, 1427.0], [13.263, 1261.0], [13.262, 2958.0], [13.261, 1088.0], [13.26, 1782.0], [13.259, 3184.0], [13.258, 1652.0], [13.257, 1098.0], [13.256, 1853.0], [13.255, 832.0], [13.254, 1208.0]], "asks": [[13.274, 225.0], [13.275, 73.0], [13.276, 453.0], [13.277, 625.0], [13.278, 1441.0], [13.279, 1815.0], [13.28, 1305.0], [13.281, 1345.0], [13.282, 1480.0], [13.283, 1572.0], [13.284, 1606.0], [13.285, 2072.0], [13.286, 3390.0], [13.287, 3597.0], [13.288, 1033.0], [13.289, 920.0], [13.29, 1059.0], [13.291, 695.0], [13.292, 1092.0], [13.293, 1586.0]], "timestamp": "2025-12-06T05:34:34.884500+00:00"}, {"symbol": "AVAXUSDT", "bids": [[13.278, 650.0], [13.277, 1428.0], [13.276, 1214.0], [13.275, 904.0], [13.274, 1186.0], [13.273, 826.0], [13.272, 1223.0], [13.271, 1207.0], [13.27, 1149.0], [13.269, 826.0], [13.268, 1481.0], [13.267, 2923.0], [13.266, 1402.0], [13.265, 1283.0], [13.264, 1392.0], [13.263, 1118.0], [13.262, 1131.0], [13.261, 1266.0], [13.26, 2562.0], [13.259, 1276.0]], "asks": [[13.279, 114.0], [13.28, 121.0], [13.281, 782.0], [13.282, 1125.0], [13.283, 1305.0], [13.284, 845.0], [13.285, 1117.0], [13.286, 1119.0], [13.287, 2028.0], [13.288, 1589.0], [13.289, 1129.0], [13.29, 2195.0], [13.291, 2891.0], [13.292, 960.0], [13.293, 1118.0], [13.294, 930.0], [13.295, 1750.0], [13.296, 1280.0], [13.297, 1207.0], [13.298, 1890.0]], "timestamp": "2025-12-06T05:35:26.101405+00:00"}, {"symbol": "AVAXUSDT", "bids": [[13.278, 309.0], [13.277, 259.0], [13.276, 379.0], [13.275, 761.0], [13.274, 1658.0], [13.273, 1194.0], [13.272, 1079.0], [13.271, 1158.0], [13.27, 1323.0], [13.269, 1517.0], [13.268, 1764.0], [13.267, 2921.0], [13.266, 1070.0], [13.265, 630.0], [13.264, 1663.0], [13.263, 1069.0], [13.262, 1263.0], [13.261, 1496.0], [13.26, 2518.0], [13.259, 3172.0]], "asks": [[13.279, 1882.0], [13.28, 962.0], [13.281, 1089.0], [13.282, 1577.0], [13.283, 892.0], [13.284, 836.0], [13.285, 1386.0], [13.286, 1097.0], [13.287, 1565.0], [13.288, 1595.0], [13.289, 1850.0], [13.29, 2766.0], [13.291, 3106.0], [13.292, 850.0], [13.293, 888.0], [13.294, 1067.0], [13.295, 1815.0], [13.296, 1280.0], [13.297, 1105.0], [13.298, 1749.0]], "timestamp": "2025-12-06T05:36:18.684203+00:00"}, {"symbol": "AVAXUSDT", "bids": [[13.278, 693.0], [13.277, 205.0], [13.276, 942.0], [13.275, 924.0], [13.274, 1452.0], [13.273, 1207.0], [13.272, 1147.0], [13.271, 1297.0], [13.27, 1524.0], [13.269, 1497.0], [13.268, 1462.0], [13.267, 2922.0], [13.266, 1070.0], [13.265, 702.0], [13.264, 1681.0], [13.263, 1182.0], [13.262, 1263.0], [13.261, 1288.0], [13.26, 2258.0], [13.259, 3190.0]], "asks": [[13.279, 331.0], [13.28, 431.0], [13.281, 992.0], [13.282, 807.0], [13.283, 503.0], [13.284, 834.0], [13.285, 1276.0], [13.286, 1114.0], [13.287, 1471.0], [13.288, 1586.0], [13.289, 1541.0], [13.29, 3285.0], [13.291, 2937.0], [13.292, 950.0], [13.293, 1417.0], [13.294, 1084.0], [13.295, 1558.0], [13.296, 1299.0], [13.297, 1105.0], [13.298, 1494.0]], "timestamp": "2025-12-06T05:37:10.563029+00:00"}, {"symbol": "AVAXUSDT", "bids": [[13.282, 1166.0], [13.281, 1272.0], [13.28, 1208.0], [13.279, 885.0], [13.278, 1396.0], [13.277, 1601.0], [13.276, 1429.0], [13.275, 1072.0], [13.274, 1277.0], [13.273, 1347.0], [13.272, 2302.0], [13.271, 3026.0], [13.27, 918.0], [13.269, 928.0], [13.268, 1382.0], [13.267, 1009.0], [13.266, 826.0], [13.265, 1569.0], [13.264, 2093.0], [13.263, 1532.0]], "asks": [[13.283, 19.0], [13.284, 684.0], [13.285, 557.0], [13.286, 489.0], [13.287, 814.0], [13.288, 1089.0], [13.289, 1123.0], [13.29, 806.0], [13.291, 835.0], [13.292, 1419.0], [13.293, 2015.0], [13.294, 2124.0], [13.295, 3163.0], [13.296, 958.0], [13.297, 887.0], [13.298, 654.0], [13.299, 1144.0], [13.3, 3277.0], [13.301, 675.0], [13.302, 2040.0]], "timestamp": "2025-12-06T05:38:03.320485+00:00"}, {"symbol": "AVAXUSDT", "bids": [[13.293, 752.0], [13.292, 490.0], [13.291, 985.0], [13.29, 1115.0], [13.289, 953.0], [13.288, 1384.0], [13.287, 2191.0], [13.286, 986.0], [13.285, 1503.0], [13.284, 2109.0], [13.283, 3010.0], [13.282, 983.0], [13.281, 976.0], [13.28, 629.0], [13.279, 534.0], [13.278, 1163.0], [13.277, 1550.0], [13.276, 1559.0], [13.275, 1794.0], [13.274, 1101.0]], "asks": [[13.294, 508.0], [13.295, 499.0], [13.296, 1393.0], [13.297, 1081.0], [13.298, 926.0], [13.299, 1625.0], [13.3, 3260.0], [13.301, 773.0], [13.302, 2183.0], [13.303, 2295.0], [13.304, 1058.0], [13.305, 2315.0], [13.306, 2527.0], [13.307, 609.0], [13.308, 972.0], [13.309, 1752.0], [13.31, 493.0], [13.311, 1255.0], [13.312, 3348.0], [13.313, 625.0]], "timestamp": "2025-12-06T05:38:55.322072+00:00"}, {"symbol": "AVAXUSDT", "bids": [[13.284, 172.0], [13.283, 223.0], [13.282, 422.0], [13.281, 638.0], [13.28, 859.0], [13.279, 883.0], [13.278, 794.0], [13.277, 1209.0], [13.276, 883.0], [13.275, 943.0], [13.274, 1211.0], [13.273, 1117.0], [13.272, 2259.0], [13.271, 880.0], [13.27, 1275.0], [13.269, 992.0], [13.268, 1601.0], [13.267, 1646.0], [13.266, 1907.0], [13.265, 1528.0]], "asks": [[13.285, 511.0], [13.286, 598.0], [13.287, 2541.0], [13.288, 1338.0], [13.289, 1311.0], [13.29, 2086.0], [13.291, 3080.0], [13.292, 1907.0], [13.293, 2400.0], [13.294, 1355.0], [13.295, 1366.0], [13.296, 2670.0], [13.297, 5116.0], [13.298, 871.0], [13.299, 1805.0], [13.3, 3252.0], [13.301, 678.0], [13.302, 1603.0], [13.303, 970.0], [13.304, 807.0]], "timestamp": "2025-12-06T05:39:46.896288+00:00"}, {"symbol": "AVAXUSDT", "bids": [[13.283, 403.0], [13.282, 461.0], [13.281, 365.0], [13.28, 845.0], [13.279, 562.0], [13.278, 1040.0], [13.277, 916.0], [13.276, 906.0], [13.275, 1253.0], [13.274, 1247.0], [13.273, 952.0], [13.272, 2366.0], [13.271, 880.0], [13.27, 913.0], [13.269, 1331.0], [13.268, 2053.0], [13.267, 1501.0], [13.266, 1908.0], [13.265, 1238.0], [13.264, 1273.0]], "asks": [[13.284, 4729.0], [13.285, 346.0], [13.286, 1034.0], [13.287, 1059.0], [13.288, 1077.0], [13.289, 2101.0], [13.29, 2230.0], [13.291, 2996.0], [13.292, 1935.0], [13.293, 2381.0], [13.294, 1046.0], [13.295, 2842.0], [13.296, 7756.0], [13.297, 1228.0], [13.298, 871.0], [13.299, 1371.0], [13.3, 515.0], [13.301, 675.0], [13.302, 1703.0], [13.303, 969.0]], "timestamp": "2025-12-06T05:40:38.392570+00:00"}, {"symbol": "AVAXUSDT", "bids": [[13.288, 1023.0], [13.287, 1214.0], [13.286, 1538.0], [13.285, 1789.0], [13.284, 2356.0], [13.283, 1676.0], [13.282, 2031.0], [13.281, 1172.0], [13.28, 573.0], [13.279, 592.0], [13.278, 931.0], [13.277, 2526.0], [13.276, 848.0], [13.275, 893.0], [13.274, 952.0], [13.273, 1356.0], [13.272, 949.0], [13.271, 1440.0], [13.27, 2102.0], [13.269, 861.0]], "asks": [[13.289, 460.0], [13.29, 367.0], [13.291, 1253.0], [13.292, 1766.0], [13.293, 2543.0], [13.294, 731.0], [13.295, 1335.0], [13.296, 3900.0], [13.297, 1718.0], [13.298, 678.0], [13.299, 1385.0], [13.3, 2944.0], [13.301, 4023.0], [13.302, 1806.0], [13.303, 867.0], [13.304, 832.0], [13.305, 1247.0], [13.306, 3401.0], [13.307, 517.0], [13.308, 933.0]], "timestamp": "2025-12-06T05:41:29.762291+00:00"}, {"symbol": "AVAXUSDT", "bids": [[13.291, 1491.0], [13.29, 1762.0], [13.289, 2279.0], [13.288, 1443.0], [13.287, 1825.0], [13.286, 786.0], [13.285, 1741.0], [13.284, 2877.0], [13.283, 2341.0], [13.282, 1361.0], [13.281, 1664.0], [13.28, 2802.0], [13.279, 888.0], [13.278, 862.0], [13.277, 818.0], [13.276, 774.0], [13.275, 583.0], [13.274, 1282.0], [13.273, 2285.0], [13.272, 1151.0]], "asks": [[13.292, 111.0], [13.293, 30.0], [13.294, 329.0], [13.295, 1153.0], [13.296, 3727.0], [13.297, 703.0], [13.298, 570.0], [13.299, 1216.0], [13.3, 1136.0], [13.301, 768.0], [13.302, 2874.0], [13.303, 2665.0], [13.304, 3302.0], [13.305, 1143.0], [13.306, 1014.0], [13.307, 516.0], [13.308, 931.0], [13.309, 1485.0], [13.31, 718.0], [13.311, 846.0]], "timestamp": "2025-12-06T05:42:21.238079+00:00"}, {"symbol": "AVAXUSDT", "bids": [[13.291, 1574.0], [13.29, 886.0], [13.289, 908.0], [13.288, 864.0], [13.287, 1763.0], [13.286, 724.0], [13.285, 1567.0], [13.284, 2696.0], [13.283, 2052.0], [13.282, 1789.0], [13.281, 3575.0], [13.28, 526.0], [13.279, 518.0], [13.278, 843.0], [13.277, 1271.0], [13.276, 895.0], [13.275, 1401.0], [13.274, 1216.0], [13.273, 2152.0], [13.272, 3401.0]], "asks": [[13.292, 387.0], [13.293, 359.0], [13.294, 4022.0], [13.295, 527.0], [13.296, 3466.0], [13.297, 779.0], [13.298, 1137.0], [13.299, 1037.0], [13.3, 868.0], [13.301, 1497.0], [13.302, 2899.0], [13.303, 2528.0], [13.304, 2773.0], [13.305, 1288.0], [13.306, 1159.0], [13.307, 519.0], [13.308, 930.0], [13.309, 1140.0], [13.31, 536.0], [13.311, 1173.0]], "timestamp": "2025-12-06T05:43:12.682136+00:00"}, {"symbol": "AVAXUSDT", "bids": [[13.29, 906.0], [13.289, 478.0], [13.288, 556.0], [13.287, 1957.0], [13.286, 1133.0], [13.285, 1314.0], [13.284, 2736.0], [13.283, 1678.0], [13.282, 1548.0], [13.281, 745.0], [13.28, 524.0], [13.279, 866.0], [13.278, 3339.0], [13.277, 1637.0], [13.276, 1770.0], [13.275, 1281.0], [13.274, 1730.0], [13.273, 4127.0], [13.272, 827.0], [13.271, 1256.0]], "asks": [[13.291, 1492.0], [13.292, 1938.0], [13.293, 3420.0], [13.294, 5651.0], [13.295, 1182.0], [13.296, 3663.0], [13.297, 940.0], [13.298, 1094.0], [13.299, 1054.0], [13.3, 504.0], [13.301, 931.0], [13.302, 1972.0], [13.303, 5246.0], [13.304, 1476.0], [13.305, 1199.0], [13.306, 646.0], [13.307, 515.0], [13.308, 929.0], [13.309, 1242.0], [13.31, 593.0]], "timestamp": "2025-12-06T05:44:04.241727+00:00"}, {"symbol": "AVAXUSDT", "bids": [[13.29, 526.0], [13.289, 603.0], [13.288, 2016.0], [13.287, 2273.0], [13.286, 1358.0], [13.285, 1361.0], [13.284, 2222.0], [13.283, 1136.0], [13.282, 942.0], [13.281, 1586.0], [13.28, 1517.0], [13.279, 2545.0], [13.278, 1049.0], [13.277, 1668.0], [13.276, 1190.0], [13.275, 1315.0], [13.274, 1414.0], [13.273, 1771.0], [13.272, 2609.0], [13.271, 3980.0]], "asks": [[13.291, 266.0], [13.292, 1230.0], [13.293, 1024.0], [13.294, 542.0], [13.295, 1560.0], [13.296, 3028.0], [13.297, 910.0], [13.298, 851.0], [13.299, 1733.0], [13.3, 754.0], [13.301, 1319.0], [13.302, 2754.0], [13.303, 3446.0], [13.304, 1173.0], [13.305, 3642.0], [13.306, 853.0], [13.307, 1039.0], [13.308, 1180.0], [13.309, 1390.0], [13.31, 843.0]], "timestamp": "2025-12-06T05:44:55.988662+00:00"}, {"symbol": "AVAXUSDT", "bids": [[13.29, 1101.0], [13.289, 1804.0], [13.288, 1757.0], [13.287, 1835.0], [13.286, 863.0], [13.285, 925.0], [13.284, 2382.0], [13.283, 1289.0], [13.282, 1357.0], [13.281, 1777.0], [13.28, 693.0], [13.279, 2552.0], [13.278, 1064.0], [13.277, 1642.0], [13.276, 1191.0], [13.275, 1379.0], [13.274, 1416.0], [13.273, 1606.0], [13.272, 1295.0], [13.271, 3028.0]], "asks": [[13.291, 12.0], [13.292, 3685.0], [13.293, 978.0], [13.294, 478.0], [13.295, 1282.0], [13.296, 869.0], [13.297, 1267.0], [13.298, 1056.0], [13.299, 1769.0], [13.3, 1380.0], [13.301, 1552.0], [13.302, 3250.0], [13.303, 1804.0], [13.304, 3103.0], [13.305, 1218.0], [13.306, 1236.0], [13.307, 782.0], [13.308, 1179.0], [13.309, 1487.0], [13.31, 1103.0]], "timestamp": "2025-12-06T05:45:47.494266+00:00"}, {"symbol": "AVAXUSDT", "bids": [[13.286, 275.0], [13.285, 980.0], [13.284, 1485.0], [13.283, 1487.0], [13.282, 1129.0], [13.281, 763.0], [13.28, 1506.0], [13.279, 1070.0], [13.278, 1830.0], [13.277, 1792.0], [13.276, 1573.0], [13.275, 1126.0], [13.274, 3093.0], [13.273, 1055.0], [13.272, 1577.0], [13.271, 1225.0], [13.27, 1205.0], [13.269, 1405.0], [13.268, 1340.0], [13.267, 1664.0]], "asks": [[13.287, 21.0], [13.288, 96.0], [13.289, 930.0], [13.29, 1855.0], [13.291, 2018.0], [13.292, 3920.0], [13.293, 831.0], [13.294, 831.0], [13.295, 1816.0], [13.296, 1553.0], [13.297, 2419.0], [13.298, 1651.0], [13.299, 4160.0], [13.3, 1469.0], [13.301, 1052.0], [13.302, 2653.0], [13.303, 1351.0], [13.304, 817.0], [13.305, 1284.0], [13.306, 879.0]], "timestamp": "2025-12-06T05:46:39.258399+00:00"}, {"symbol": "AVAXUSDT", "bids": [[13.288, 64.0], [13.287, 219.0], [13.286, 405.0], [13.285, 763.0], [13.284, 1455.0], [13.283, 1417.0], [13.282, 1287.0], [13.281, 1218.0], [13.28, 1446.0], [13.279, 1007.0], [13.278, 1985.0], [13.277, 1744.0], [13.276, 1760.0], [13.275, 2523.0], [13.274, 1028.0], [13.273, 1037.0], [13.272, 1577.0], [13.271, 1301.0], [13.27, 1176.0], [13.269, 954.0]], "asks": [[13.289, 449.0], [13.29, 734.0], [13.291, 1182.0], [13.292, 3400.0], [13.293, 615.0], [13.294, 1083.0], [13.295, 1734.0], [13.296, 1611.0], [13.297, 1680.0], [13.298, 1283.0], [13.299, 2630.0], [13.3, 3491.0], [13.301, 1086.0], [13.302, 2514.0], [13.303, 2406.0], [13.304, 774.0], [13.305, 1407.0], [13.306, 880.0], [13.307, 1153.0], [13.308, 1386.0]], "timestamp": "2025-12-06T05:47:30.731937+00:00"}, {"symbol": "AVAXUSDT", "bids": [[13.288, 240.0], [13.287, 235.0], [13.286, 1182.0], [13.285, 1070.0], [13.284, 2101.0], [13.283, 2329.0], [13.282, 1195.0], [13.281, 1183.0], [13.28, 1303.0], [13.279, 1248.0], [13.278, 1305.0], [13.277, 1323.0], [13.276, 1418.0], [13.275, 2982.0], [13.274, 1480.0], [13.273, 970.0], [13.272, 1183.0], [13.271, 1651.0], [13.27, 1142.0], [13.269, 1398.0]], "asks": [[13.289, 914.0], [13.29, 1473.0], [13.291, 3470.0], [13.292, 3036.0], [13.293, 660.0], [13.294, 607.0], [13.295, 1163.0], [13.296, 872.0], [13.297, 1344.0], [13.298, 1898.0], [13.299, 2184.0], [13.3, 3587.0], [13.301, 1882.0], [13.302, 2157.0], [13.303, 2379.0], [13.304, 1677.0], [13.305, 1366.0], [13.306, 870.0], [13.307, 894.0], [13.308, 1214.0]], "timestamp": "2025-12-06T05:48:22.056040+00:00"}, {"symbol": "AVAXUSDT", "bids": [[13.287, 41.0], [13.286, 405.0], [13.285, 1000.0], [13.284, 1699.0], [13.283, 1421.0], [13.282, 988.0], [13.281, 571.0], [13.28, 1452.0], [13.279, 867.0], [13.278, 1137.0], [13.277, 1320.0], [13.276, 1474.0], [13.275, 3283.0], [13.274, 1921.0], [13.273, 3390.0], [13.272, 1664.0], [13.271, 1561.0], [13.27, 3874.0], [13.269, 12585.0], [13.268, 1029.0]], "asks": [[13.288, 1181.0], [13.289, 1187.0], [13.29, 2280.0], [13.291, 1434.0], [13.292, 1296.0], [13.293, 1349.0], [13.294, 1610.0], [13.295, 1457.0], [13.296, 1494.0], [13.297, 1733.0], [13.298, 1669.0], [13.299, 3353.0], [13.3, 4301.0], [13.301, 1305.0], [13.302, 2073.0], [13.303, 1534.0], [13.304, 1769.0], [13.305, 1414.0], [13.306, 777.0], [13.307, 908.0]], "timestamp": "2025-12-06T05:49:13.344674+00:00"}, {"symbol": "AVAXUSDT", "bids": [[13.295, 75.0], [13.294, 113.0], [13.293, 1056.0], [13.292, 1795.0], [13.291, 1331.0], [13.29, 1489.0], [13.289, 2121.0], [13.288, 2426.0], [13.287, 2072.0], [13.286, 1363.0], [13.285, 1078.0], [13.284, 1606.0], [13.283, 3523.0], [13.282, 1898.0], [13.281, 702.0], [13.28, 1333.0], [13.279, 1065.0], [13.278, 880.0], [13.277, 1628.0], [13.276, 3323.0]], "asks": [[13.296, 1497.0], [13.297, 1443.0], [13.298, 1278.0], [13.299, 1651.0], [13.3, 500.0], [13.301, 1523.0], [13.302, 1971.0], [13.303, 1415.0], [13.304, 1385.0], [13.305, 1990.0], [13.306, 1148.0], [13.307, 2324.0], [13.308, 3911.0], [13.309, 1626.0], [13.31, 1306.0], [13.311, 2607.0], [13.312, 836.0], [13.313, 1076.0], [13.314, 1438.0], [13.315, 1241.0]], "timestamp": "2025-12-06T05:50:04.715001+00:00"}, {"symbol": "AVAXUSDT", "bids": [[13.298, 345.0], [13.297, 1268.0], [13.296, 1659.0], [13.295, 1553.0], [13.294, 948.0], [13.293, 1536.0], [13.292, 1804.0], [13.291, 2031.0], [13.29, 1511.0], [13.289, 1687.0], [13.288, 1175.0], [13.287, 1300.0], [13.286, 2896.0], [13.285, 1080.0], [13.284, 977.0], [13.283, 1258.0], [13.282, 1860.0], [13.281, 2302.0], [13.28, 2027.0], [13.279, 1158.0]], "asks": [[13.299, 343.0], [13.3, 251.0], [13.301, 558.0], [13.302, 1226.0], [13.303, 1353.0], [13.304, 1405.0], [13.305, 1330.0], [13.306, 1349.0], [13.307, 2086.0], [13.308, 1761.0], [13.309, 1830.0], [13.31, 1248.0], [13.311, 4480.0], [13.312, 772.0], [13.313, 841.0], [13.314, 1321.0], [13.315, 1193.0], [13.316, 1392.0], [13.317, 1138.0], [13.318, 1642.0]], "timestamp": "2025-12-06T05:50:57.462639+00:00"}, {"symbol": "AVAXUSDT", "bids": [[13.295, 495.0], [13.294, 33.0], [13.293, 695.0], [13.292, 940.0], [13.291, 1629.0], [13.29, 1339.0], [13.289, 1125.0], [13.288, 1030.0], [13.287, 1571.0], [13.286, 843.0], [13.285, 1163.0], [13.284, 1806.0], [13.283, 2765.0], [13.282, 1442.0], [13.281, 1335.0], [13.28, 1333.0], [13.279, 1182.0], [13.278, 1206.0], [13.277, 1700.0], [13.276, 4553.0]], "asks": [[13.296, 4327.0], [13.297, 2137.0], [13.298, 2551.0], [13.299, 1766.0], [13.3, 1002.0], [13.301, 760.0], [13.302, 1582.0], [13.303, 921.0], [13.304, 753.0], [13.305, 859.0], [13.306, 1186.0], [13.307, 1702.0], [13.308, 5461.0], [13.309, 2586.0], [13.31, 2454.0], [13.311, 1130.0], [13.312, 545.0], [13.313, 594.0], [13.314, 1079.0], [13.315, 1003.0]], "timestamp": "2025-12-06T05:51:48.767235+00:00"}, {"symbol": "AVAXUSDT", "bids": [[13.283, 610.0], [13.282, 404.0], [13.281, 1187.0], [13.28, 1205.0], [13.279, 1328.0], [13.278, 1844.0], [13.277, 1760.0], [13.276, 1139.0], [13.275, 988.0], [13.274, 1261.0], [13.273, 752.0], [13.272, 1277.0], [13.271, 3072.0], [13.27, 2393.0], [13.269, 3487.0], [13.268, 1698.0], [13.267, 1593.0], [13.266, 1472.0], [13.265, 1234.0], [13.264, 1498.0]], "asks": [[13.284, 388.0], [13.285, 4065.0], [13.286, 1295.0], [13.287, 1128.0], [13.288, 1590.0], [13.289, 1732.0], [13.29, 873.0], [13.291, 1311.0], [13.292, 2829.0], [13.293, 2036.0], [13.294, 1729.0], [13.295, 1007.0], [13.296, 1716.0], [13.297, 3788.0], [13.298, 1013.0], [13.299, 432.0], [13.3, 552.0], [13.301, 920.0], [13.302, 1666.0], [13.303, 2001.0]], "timestamp": "2025-12-06T05:52:40.465892+00:00"}, {"symbol": "AVAXUSDT", "bids": [[13.291, 491.0], [13.29, 795.0], [13.289, 1349.0], [13.288, 585.0], [13.287, 1399.0], [13.286, 1646.0], [13.285, 2368.0], [13.284, 2541.0], [13.283, 2488.0], [13.282, 1431.0], [13.281, 2591.0], [13.28, 3784.0], [13.279, 798.0], [13.278, 1094.0], [13.277, 1443.0], [13.276, 1346.0], [13.275, 875.0], [13.274, 1086.0], [13.273, 1734.0], [13.272, 3624.0]], "asks": [[13.292, 335.0], [13.293, 304.0], [13.294, 375.0], [13.295, 436.0], [13.296, 882.0], [13.297, 1155.0], [13.298, 1273.0], [13.299, 1357.0], [13.3, 2016.0], [13.301, 2432.0], [13.302, 1468.0], [13.303, 1770.0], [13.304, 2666.0], [13.305, 1237.0], [13.306, 1087.0], [13.307, 1258.0], [13.308, 1710.0], [13.309, 1425.0], [13.31, 2062.0], [13.311, 1613.0]], "timestamp": "2025-12-06T05:53:31.813045+00:00"}, {"symbol": "AVAXUSDT", "bids": [[13.297, 6.0], [13.296, 174.0], [13.295, 702.0], [13.294, 1263.0], [13.293, 1082.0], [13.292, 1247.0], [13.291, 1487.0], [13.29, 1831.0], [13.289, 1756.0], [13.288, 1602.0], [13.287, 1967.0], [13.286, 2128.0], [13.285, 2390.0], [13.284, 3963.0], [13.283, 1753.0], [13.282, 551.0], [13.281, 918.0], [13.28, 2154.0], [13.279, 1596.0], [13.278, 1006.0]], "asks": [[13.298, 499.0], [13.299, 576.0], [13.3, 1789.0], [13.301, 1231.0], [13.302, 1165.0], [13.303, 1303.0], [13.304, 1432.0], [13.305, 1610.0], [13.306, 1945.0], [13.307, 1273.0], [13.308, 1830.0], [13.309, 3374.0], [13.31, 1980.0], [13.311, 1130.0], [13.312, 1439.0], [13.313, 852.0], [13.314, 1083.0], [13.315, 1804.0], [13.316, 4197.0], [13.317, 1568.0]], "timestamp": "2025-12-06T05:54:24.445810+00:00"}, {"symbol": "AVAXUSDT", "bids": [[13.295, 700.0], [13.294, 817.0], [13.293, 993.0], [13.292, 1693.0], [13.291, 408.0], [13.29, 1646.0], [13.289, 1838.0], [13.288, 1466.0], [13.287, 1810.0], [13.286, 1950.0], [13.285, 2499.0], [13.284, 1796.0], [13.283, 2972.0], [13.282, 872.0], [13.281, 770.0], [13.28, 1033.0], [13.279, 1144.0], [13.278, 1396.0], [13.277, 2861.0], [13.276, 3449.0]], "asks": [[13.296, 350.0], [13.297, 248.0], [13.298, 568.0], [13.299, 1152.0], [13.3, 778.0], [13.301, 1192.0], [13.302, 1223.0], [13.303, 1352.0], [13.304, 1222.0], [13.305, 2294.0], [13.306, 2583.0], [13.307, 4388.0], [13.308, 1394.0], [13.309, 977.0], [13.31, 1329.0], [13.311, 1002.0], [13.312, 603.0], [13.313, 814.0], [13.314, 1193.0], [13.315, 1555.0]], "timestamp": "2025-12-06T05:55:16.333796+00:00"}, {"symbol": "AVAXUSDT", "bids": [[13.307, 1086.0], [13.306, 341.0], [13.305, 1070.0], [13.304, 956.0], [13.303, 2303.0], [13.302, 1442.0], [13.301, 1574.0], [13.3, 1190.0], [13.299, 1014.0], [13.298, 1209.0], [13.297, 1243.0], [13.296, 1449.0], [13.295, 3044.0], [13.294, 1102.0], [13.293, 1023.0], [13.292, 1189.0], [13.291, 1087.0], [13.29, 1300.0], [13.289, 1716.0], [13.288, 689.0]], "asks": [[13.308, 680.0], [13.309, 4482.0], [13.31, 909.0], [13.311, 651.0], [13.312, 1331.0], [13.313, 717.0], [13.314, 1052.0], [13.315, 1744.0], [13.316, 1774.0], [13.317, 1469.0], [13.318, 2727.0], [13.319, 1129.0], [13.32, 661.0], [13.321, 1156.0], [13.322, 743.0], [13.323, 1055.0], [13.324, 948.0], [13.325, 1146.0], [13.326, 2107.0], [13.327, 3991.0]], "timestamp": "2025-12-06T05:56:07.841569+00:00"}, {"symbol": "AVAXUSDT", "bids": [[13.305, 1788.0], [13.304, 90.0], [13.303, 232.0], [13.302, 868.0], [13.301, 1169.0], [13.3, 1024.0], [13.299, 1555.0], [13.298, 1505.0], [13.297, 1419.0], [13.296, 1390.0], [13.295, 1460.0], [13.294, 2680.0], [13.293, 1168.0], [13.292, 1852.0], [13.291, 1315.0], [13.29, 1643.0], [13.289, 1750.0], [13.288, 2054.0], [13.287, 1412.0], [13.286, 1655.0]], "asks": [[13.306, 184.0], [13.307, 878.0], [13.308, 5194.0], [13.309, 539.0], [13.31, 1072.0], [13.311, 1061.0], [13.312, 817.0], [13.313, 1049.0], [13.314, 944.0], [13.315, 1376.0], [13.316, 1797.0], [13.317, 2952.0], [13.318, 3285.0], [13.319, 1576.0], [13.32, 673.0], [13.321, 1152.0], [13.322, 745.0], [13.323, 851.0], [13.324, 874.0], [13.325, 1356.0]], "timestamp": "2025-12-06T05:56:59.482888+00:00"}, {"symbol": "AVAXUSDT", "bids": [[13.302, 547.0], [13.301, 398.0], [13.3, 685.0], [13.299, 1334.0], [13.298, 1177.0], [13.297, 833.0], [13.296, 1533.0], [13.295, 1251.0], [13.294, 899.0], [13.293, 1122.0], [13.292, 2117.0], [13.291, 3090.0], [13.29, 1335.0], [13.289, 817.0], [13.288, 1096.0], [13.287, 2210.0], [13.286, 2401.0], [13.285, 4774.0], [13.284, 1074.0], [13.283, 3139.0]], "asks": [[13.303, 816.0], [13.304, 1263.0], [13.305, 5067.0], [13.306, 655.0], [13.307, 900.0], [13.308, 1514.0], [13.309, 879.0], [13.31, 1221.0], [13.311, 933.0], [13.312, 1629.0], [13.313, 1160.0], [13.314, 1374.0], [13.315, 4734.0], [13.316, 1217.0], [13.317, 721.0], [13.318, 686.0], [13.319, 1188.0], [13.32, 671.0], [13.321, 1471.0], [13.322, 743.0]], "timestamp": "2025-12-06T05:57:51.018461+00:00"}, {"symbol": "AVAXUSDT", "bids": [[13.302, 1003.0], [13.301, 167.0], [13.3, 1089.0], [13.299, 1286.0], [13.298, 926.0], [13.297, 826.0], [13.296, 1503.0], [13.295, 1178.0], [13.294, 990.0], [13.293, 1157.0], [13.292, 1938.0], [13.291, 3094.0], [13.29, 1335.0], [13.289, 817.0], [13.288, 1210.0], [13.287, 2037.0], [13.286, 1445.0], [13.285, 3480.0], [13.284, 1850.0], [13.283, 5464.0]], "asks": [[13.303, 1214.0], [13.304, 1230.0], [13.305, 4989.0], [13.306, 417.0], [13.307, 842.0], [13.308, 1530.0], [13.309, 850.0], [13.31, 1209.0], [13.311, 1231.0], [13.312, 1708.0], [13.313, 1176.0], [13.314, 1400.0], [13.315, 4781.0], [13.316, 1189.0], [13.317, 721.0], [13.318, 686.0], [13.319, 1301.0], [13.32, 671.0], [13.321, 1369.0], [13.322, 743.0]], "timestamp": "2025-12-06T05:58:42.268393+00:00"}, {"symbol": "AVAXUSDT", "bids": [[13.3, 434.0], [13.299, 22.0], [13.298, 682.0], [13.297, 964.0], [13.296, 1756.0], [13.295, 1042.0], [13.294, 1109.0], [13.293, 1348.0], [13.292, 1618.0], [13.291, 1534.0], [13.29, 2044.0], [13.289, 1583.0], [13.288, 2875.0], [13.287, 1303.0], [13.286, 1753.0], [13.285, 1821.0], [13.284, 1349.0], [13.283, 4020.0], [13.282, 13988.0], [13.281, 770.0]], "asks": [[13.301, 5783.0], [13.302, 2438.0], [13.303, 3402.0], [13.304, 2457.0], [13.305, 1535.0], [13.306, 1506.0], [13.307, 1840.0], [13.308, 983.0], [13.309, 892.0], [13.31, 1551.0], [13.311, 1512.0], [13.312, 5067.0], [13.313, 1733.0], [13.314, 867.0], [13.315, 1045.0], [13.316, 1104.0], [13.317, 923.0], [13.318, 566.0], [13.319, 1298.0], [13.32, 671.0]], "timestamp": "2025-12-06T05:59:33.524164+00:00"}, {"symbol": "AVAXUSDT", "bids": [[13.284, 1011.0], [13.283, 25.0], [13.282, 482.0], [13.281, 469.0], [13.28, 1648.0], [13.279, 1455.0], [13.278, 1684.0], [13.277, 1904.0], [13.276, 1397.0], [13.275, 1718.0], [13.274, 1534.0], [13.273, 1595.0], [13.272, 2835.0], [13.271, 1141.0], [13.27, 1471.0], [13.269, 3595.0], [13.268, 1261.0], [13.267, 1448.0], [13.266, 2008.0], [13.265, 1186.0]], "asks": [[13.285, 922.0], [13.286, 406.0], [13.287, 1265.0], [13.288, 852.0], [13.289, 514.0], [13.29, 1762.0], [13.291, 2914.0], [13.292, 1994.0], [13.293, 2109.0], [13.294, 4093.0], [13.295, 1600.0], [13.296, 4396.0], [13.297, 1211.0], [13.298, 1368.0], [13.299, 1247.0], [13.3, 2417.0], [13.301, 1053.0], [13.302, 1372.0], [13.303, 1461.0], [13.304, 995.0]], "timestamp": "2025-12-06T06:00:25.425226+00:00"}]