[{"symbol": "ADAUSDT", "bids": [[0.4015, 70229.0], [0.4014, 217187.0], [0.4013, 368174.0], [0.4012, 377563.0], [0.4011, 220510.0], [0.401, 297729.0], [0.4009, 179807.0], [0.4008, 183258.0], [0.4007, 216555.0], [0.4006, 183110.0], [0.4005, 180893.0], [0.4004, 309449.0], [0.4003, 147343.0], [0.4002, 131580.0], [0.4001, 226964.0], [0.4, 283938.0], [0.3999, 206965.0], [0.3998, 92976.0], [0.3997, 123840.0], [0.3996, 418888.0]], "asks": [[0.4016, 88820.0], [0.4017, 221731.0], [0.4018, 304005.0], [0.4019, 269996.0], [0.402, 396847.0], [0.4021, 290778.0], [0.4022, 400989.0], [0.4023, 283950.0], [0.4024, 218007.0], [0.4025, 171507.0], [0.4026, 173977.0], [0.4027, 259454.0], [0.4028, 274596.0], [0.4029, 185906.0], [0.403, 125169.0], [0.4031, 156322.0], [0.4032, 118740.0], [0.4033, 143179.0], [0.4034, 291603.0], [0.4035, 148428.0]], "timestamp": "2025-12-15T08:40:47.096059+00:00"}, {"symbol": "ADAUSDT", "bids": [[0.4017, 107748.0], [0.4016, 202929.0], [0.4015, 400861.0], [0.4014, 280713.0], [0.4013, 376930.0], [0.4012, 314819.0], [0.4011, 177670.0], [0.401, 232905.0], [0.4009, 174196.0], [0.4008, 215918.0], [0.4007, 282385.0], [0.4006, 247936.0], [0.4005, 148884.0], [0.4004, 176337.0], [0.4003, 116983.0], [0.4002, 131536.0], [0.4001, 354530.0], [0.4, 267217.0], [0.3999, 272012.0], [0.3998, 100436.0]], "asks": [[0.4018, 179803.0], [0.4019, 172004.0], [0.402, 314338.0], [0.4021, 462900.0], [0.4022, 291530.0], [0.4023, 229320.0], [0.4024, 241941.0], [0.4025, 249207.0], [0.4026, 271687.0], [0.4027, 224069.0], [0.4028, 217548.0], [0.4029, 202946.0], [0.403, 136625.0], [0.4031, 193048.0], [0.4032, 210244.0], [0.4033, 150288.0], [0.4034, 291618.0], [0.4035, 165814.0], [0.4036, 154386.0], [0.4037, 167550.0]], "timestamp": "2025-12-15T08:41:41.896074+00:00"}, {"symbol": "ADAUSDT", "bids": [[0.4016, 169028.0], [0.4015, 276247.0], [0.4014, 343622.0], [0.4013, 289012.0], [0.4012, 365097.0], [0.4011, 176109.0], [0.401, 258895.0], [0.4009, 266889.0], [0.4008, 142817.0], [0.4007, 217243.0], [0.4006, 192805.0], [0.4005, 148352.0], [0.4004, 201938.0], [0.4003, 236686.0], [0.4002, 146286.0], [0.4001, 336198.0], [0.4, 255757.0], [0.3999, 181960.0], [0.3998, 114914.0], [0.3997, 213444.0]], "asks": [[0.4017, 5341.0], [0.4018, 222326.0], [0.4019, 322255.0], [0.402, 248370.0], [0.4021, 415394.0], [0.4022, 293366.0], [0.4023, 301456.0], [0.4024, 306583.0], [0.4025, 195546.0], [0.4026, 180809.0], [0.4027, 229361.0], [0.4028, 161533.0], [0.4029, 209882.0], [0.403, 215632.0], [0.4031, 174584.0], [0.4032, 120655.0], [0.4033, 167976.0], [0.4034, 291603.0], [0.4035, 149673.0], [0.4036, 222312.0]], "timestamp": "2025-12-15T08:42:35.692554+00:00"}, {"symbol": "ADAUSDT", "bids": [[0.4017, 70998.0], [0.4016, 188199.0], [0.4015, 369512.0], [0.4014, 424866.0], [0.4013, 287188.0], [0.4012, 219056.0], [0.4011, 287653.0], [0.401, 206599.0], [0.4009, 158644.0], [0.4008, 149844.0], [0.4007, 220386.0], [0.4006, 207927.0], [0.4005, 267710.0], [0.4004, 196012.0], [0.4003, 115820.0], [0.4002, 131551.0], [0.4001, 329332.0], [0.4, 256485.0], [0.3999, 182157.0], [0.3998, 114651.0]], "asks": [[0.4018, 201709.0], [0.4019, 258864.0], [0.402, 282910.0], [0.4021, 385722.0], [0.4022, 290817.0], [0.4023, 260560.0], [0.4024, 349838.0], [0.4025, 208061.0], [0.4026, 150828.0], [0.4027, 221669.0], [0.4028, 188410.0], [0.4029, 217307.0], [0.403, 165828.0], [0.4031, 264016.0], [0.4032, 121009.0], [0.4033, 150216.0], [0.4034, 291618.0], [0.4035, 165816.0], [0.4036, 154386.0], [0.4037, 167609.0]], "timestamp": "2025-12-15T08:43:29.214520+00:00"}, {"symbol": "ADAUSDT", "bids": [[0.4017, 87769.0], [0.4016, 254029.0], [0.4015, 342888.0], [0.4014, 230060.0], [0.4013, 235752.0], [0.4012, 372770.0], [0.4011, 233359.0], [0.401, 187439.0], [0.4009, 138807.0], [0.4008, 122411.0], [0.4007, 246806.0], [0.4006, 314381.0], [0.4005, 172861.0], [0.4004, 205451.0], [0.4003, 116983.0], [0.4002, 152259.0], [0.4001, 437680.0], [0.4, 256485.0], [0.3999, 182157.0], [0.3998, 114499.0]], "asks": [[0.4018, 157292.0], [0.4019, 236541.0], [0.402, 282427.0], [0.4021, 450535.0], [0.4022, 300825.0], [0.4023, 260166.0], [0.4024, 266293.0], [0.4025, 247977.0], [0.4026, 160597.0], [0.4027, 227014.0], [0.4028, 200039.0], [0.4029, 240366.0], [0.403, 189598.0], [0.4031, 264212.0], [0.4032, 121232.0], [0.4033, 150216.0], [0.4034, 291633.0], [0.4035, 166871.0], [0.4036, 154386.0], [0.4037, 166569.0]], "timestamp": "2025-12-15T08:44:22.870647+00:00"}, {"symbol": "ADAUSDT", "bids": [[0.4017, 24254.0], [0.4016, 165293.0], [0.4015, 332130.0], [0.4014, 303814.0], [0.4013, 368332.0], [0.4012, 202873.0], [0.4011, 221704.0], [0.401, 221263.0], [0.4009, 131901.0], [0.4008, 122157.0], [0.4007, 202846.0], [0.4006, 211435.0], [0.4005, 386020.0], [0.4004, 206479.0], [0.4003, 113245.0], [0.4002, 104490.0], [0.4001, 284234.0], [0.4, 281032.0], [0.3999, 189449.0], [0.3998, 111251.0]], "asks": [[0.4018, 166473.0], [0.4019, 332947.0], [0.402, 279682.0], [0.4021, 288993.0], [0.4022, 417675.0], [0.4023, 287112.0], [0.4024, 339362.0], [0.4025, 197874.0], [0.4026, 157728.0], [0.4027, 258764.0], [0.4028, 180487.0], [0.4029, 223972.0], [0.403, 148566.0], [0.4031, 280672.0], [0.4032, 121234.0], [0.4033, 150216.0], [0.4034, 291618.0], [0.4035, 142082.0], [0.4036, 154386.0], [0.4037, 166569.0]], "timestamp": "2025-12-15T08:45:16.528964+00:00"}, {"symbol": "ADAUSDT", "bids": [[0.4018, 133746.0], [0.4017, 345207.0], [0.4016, 395052.0], [0.4015, 369913.0], [0.4014, 202071.0], [0.4013, 429373.0], [0.4012, 286917.0], [0.4011, 167072.0], [0.401, 200690.0], [0.4009, 160385.0], [0.4008, 215479.0], [0.4007, 346911.0], [0.4006, 161409.0], [0.4005, 140101.0], [0.4004, 234419.0], [0.4003, 133972.0], [0.4002, 221597.0], [0.4001, 284234.0], [0.4, 251070.0], [0.3999, 197354.0]], "asks": [[0.4019, 67397.0], [0.402, 189761.0], [0.4021, 351540.0], [0.4022, 333119.0], [0.4023, 407359.0], [0.4024, 336669.0], [0.4025, 192639.0], [0.4026, 165455.0], [0.4027, 248143.0], [0.4028, 207589.0], [0.4029, 334475.0], [0.403, 142395.0], [0.4031, 216229.0], [0.4032, 101618.0], [0.4033, 175087.0], [0.4034, 300456.0], [0.4035, 206347.0], [0.4036, 149415.0], [0.4037, 166569.0], [0.4038, 279961.0]], "timestamp": "2025-12-15T08:46:10.289964+00:00"}, {"symbol": "ADAUSDT", "bids": [[0.4016, 210463.0], [0.4015, 194884.0], [0.4014, 366123.0], [0.4013, 346467.0], [0.4012, 249014.0], [0.4011, 152077.0], [0.401, 246936.0], [0.4009, 186766.0], [0.4008, 146720.0], [0.4007, 200387.0], [0.4006, 170082.0], [0.4005, 282298.0], [0.4004, 333347.0], [0.4003, 141368.0], [0.4002, 116481.0], [0.4001, 305832.0], [0.4, 290138.0], [0.3999, 189624.0], [0.3998, 109646.0], [0.3997, 216747.0]], "asks": [[0.4017, 92975.0], [0.4018, 209984.0], [0.4019, 318107.0], [0.402, 293904.0], [0.4021, 227549.0], [0.4022, 358188.0], [0.4023, 407879.0], [0.4024, 263487.0], [0.4025, 249674.0], [0.4026, 167150.0], [0.4027, 260955.0], [0.4028, 150155.0], [0.4029, 222939.0], [0.403, 133712.0], [0.4031, 185256.0], [0.4032, 191623.0], [0.4033, 179142.0], [0.4034, 323823.0], [0.4035, 183448.0], [0.4036, 149415.0]], "timestamp": "2025-12-15T08:47:04.110417+00:00"}, {"symbol": "ADAUSDT", "bids": [[0.4013, 113318.0], [0.4012, 171806.0], [0.4011, 284201.0], [0.401, 243687.0], [0.4009, 274474.0], [0.4008, 140735.0], [0.4007, 272760.0], [0.4006, 184948.0], [0.4005, 180736.0], [0.4004, 209882.0], [0.4003, 198862.0], [0.4002, 247695.0], [0.4001, 339337.0], [0.4, 299660.0], [0.3999, 184878.0], [0.3998, 98008.0], [0.3997, 139206.0], [0.3996, 303722.0], [0.3995, 277585.0], [0.3994, 362000.0]], "asks": [[0.4014, 87007.0], [0.4015, 275825.0], [0.4016, 310902.0], [0.4017, 320616.0], [0.4018, 273887.0], [0.4019, 403077.0], [0.402, 304322.0], [0.4021, 372294.0], [0.4022, 245802.0], [0.4023, 319867.0], [0.4024, 241950.0], [0.4025, 156583.0], [0.4026, 154974.0], [0.4027, 319878.0], [0.4028, 134478.0], [0.4029, 211468.0], [0.403, 122888.0], [0.4031, 124398.0], [0.4032, 100282.0], [0.4033, 134337.0]], "timestamp": "2025-12-15T08:47:57.753669+00:00"}, {"symbol": "ADAUSDT", "bids": [[0.4011, 83363.0], [0.401, 178593.0], [0.4009, 284470.0], [0.4008, 259366.0], [0.4007, 239051.0], [0.4006, 152534.0], [0.4005, 154808.0], [0.4004, 250240.0], [0.4003, 190408.0], [0.4002, 117299.0], [0.4001, 222865.0], [0.4, 345615.0], [0.3999, 232343.0], [0.3998, 211489.0], [0.3997, 172372.0], [0.3996, 357395.0], [0.3995, 300374.0], [0.3994, 274126.0], [0.3993, 369164.0], [0.3992, 301647.0]], "asks": [[0.4012, 118179.0], [0.4013, 211736.0], [0.4014, 243334.0], [0.4015, 438302.0], [0.4016, 327301.0], [0.4017, 410088.0], [0.4018, 264249.0], [0.4019, 275897.0], [0.402, 254598.0], [0.4021, 303174.0], [0.4022, 172636.0], [0.4023, 291723.0], [0.4024, 201556.0], [0.4025, 235503.0], [0.4026, 137342.0], [0.4027, 184666.0], [0.4028, 129360.0], [0.4029, 189336.0], [0.403, 109687.0], [0.4031, 124756.0]], "timestamp": "2025-12-15T08:48:51.264046+00:00"}, {"symbol": "ADAUSDT", "bids": [[0.4012, 164272.0], [0.4011, 238635.0], [0.401, 277345.0], [0.4009, 307295.0], [0.4008, 284795.0], [0.4007, 243764.0], [0.4006, 124488.0], [0.4005, 150244.0], [0.4004, 221023.0], [0.4003, 195841.0], [0.4002, 147154.0], [0.4001, 309859.0], [0.4, 234436.0], [0.3999, 231959.0], [0.3998, 211489.0], [0.3997, 172372.0], [0.3996, 350499.0], [0.3995, 298134.0], [0.3994, 274323.0], [0.3993, 369181.0]], "asks": [[0.4013, 106542.0], [0.4014, 164487.0], [0.4015, 464185.0], [0.4016, 349395.0], [0.4017, 407218.0], [0.4018, 265644.0], [0.4019, 223340.0], [0.402, 312789.0], [0.4021, 317492.0], [0.4022, 169608.0], [0.4023, 293449.0], [0.4024, 265971.0], [0.4025, 168500.0], [0.4026, 227025.0], [0.4027, 184651.0], [0.4028, 125666.0], [0.4029, 157773.0], [0.403, 120007.0], [0.4031, 124258.0], [0.4032, 118841.0]], "timestamp": "2025-12-15T08:49:44.921903+00:00"}, {"symbol": "ADAUSDT", "bids": [[0.4013, 70900.0], [0.4012, 98108.0], [0.4011, 278012.0], [0.401, 281515.0], [0.4009, 284530.0], [0.4008, 181477.0], [0.4007, 217518.0], [0.4006, 168653.0], [0.4005, 150388.0], [0.4004, 242360.0], [0.4003, 226130.0], [0.4002, 136973.0], [0.4001, 307237.0], [0.4, 231555.0], [0.3999, 231751.0], [0.3998, 211489.0], [0.3997, 135476.0], [0.3996, 350499.0], [0.3995, 298685.0], [0.3994, 363982.0]], "asks": [[0.4014, 173353.0], [0.4015, 324704.0], [0.4016, 359318.0], [0.4017, 281715.0], [0.4018, 322614.0], [0.4019, 220666.0], [0.402, 297595.0], [0.4021, 341732.0], [0.4022, 182601.0], [0.4023, 238413.0], [0.4024, 271396.0], [0.4025, 173428.0], [0.4026, 271043.0], [0.4027, 233095.0], [0.4028, 126100.0], [0.4029, 162712.0], [0.403, 144829.0], [0.4031, 124258.0], [0.4032, 110429.0], [0.4033, 132130.0]], "timestamp": "2025-12-15T08:50:38.785335+00:00"}, {"symbol": "ADAUSDT", "bids": [[0.4013, 62272.0], [0.4012, 92893.0], [0.4011, 276243.0], [0.401, 269210.0], [0.4009, 301264.0], [0.4008, 158703.0], [0.4007, 241958.0], [0.4006, 159711.0], [0.4005, 145225.0], [0.4004, 299304.0], [0.4003, 182195.0], [0.4002, 139597.0], [0.4001, 309686.0], [0.4, 223687.0], [0.3999, 174043.0], [0.3998, 211489.0], [0.3997, 133107.0], [0.3996, 349984.0], [0.3995, 306141.0], [0.3994, 366470.0]], "asks": [[0.4014, 174284.0], [0.4015, 286192.0], [0.4016, 385594.0], [0.4017, 382679.0], [0.4018, 190867.0], [0.4019, 255215.0], [0.402, 213949.0], [0.4021, 401022.0], [0.4022, 207197.0], [0.4023, 258047.0], [0.4024, 255072.0], [0.4025, 160527.0], [0.4026, 177820.0], [0.4027, 322740.0], [0.4028, 126100.0], [0.4029, 162712.0], [0.403, 145869.0], [0.4031, 124258.0], [0.4032, 110442.0], [0.4033, 132130.0]], "timestamp": "2025-12-15T08:51:32.545428+00:00"}, {"symbol": "ADAUSDT", "bids": [[0.4006, 82640.0], [0.4005, 232395.0], [0.4004, 271343.0], [0.4003, 251978.0], [0.4002, 349594.0], [0.4001, 194712.0], [0.4, 226290.0], [0.3999, 168265.0], [0.3998, 186234.0], [0.3997, 107887.0], [0.3996, 216096.0], [0.3995, 301655.0], [0.3994, 302906.0], [0.3993, 164337.0], [0.3992, 271187.0], [0.3991, 168693.0], [0.399, 213216.0], [0.3989, 157663.0], [0.3988, 176441.0], [0.3987, 188025.0]], "asks": [[0.4007, 134497.0], [0.4008, 164914.0], [0.4009, 337646.0], [0.401, 400181.0], [0.4011, 392729.0], [0.4012, 338825.0], [0.4013, 560190.0], [0.4014, 326048.0], [0.4015, 333891.0], [0.4016, 328379.0], [0.4017, 275332.0], [0.4018, 145831.0], [0.4019, 164774.0], [0.402, 150079.0], [0.4021, 198008.0], [0.4022, 251400.0], [0.4023, 177209.0], [0.4024, 147089.0], [0.4025, 142541.0], [0.4026, 129687.0]], "timestamp": "2025-12-15T08:52:26.511308+00:00"}, {"symbol": "ADAUSDT", "bids": [[0.4005, 42235.0], [0.4004, 181975.0], [0.4003, 343458.0], [0.4002, 275154.0], [0.4001, 181083.0], [0.4, 282587.0], [0.3999, 174136.0], [0.3998, 236222.0], [0.3997, 104423.0], [0.3996, 193866.0], [0.3995, 211205.0], [0.3994, 298296.0], [0.3993, 164708.0], [0.3992, 260322.0], [0.3991, 90643.0], [0.399, 289098.0], [0.3989, 148927.0], [0.3988, 86493.0], [0.3987, 188317.0], [0.3986, 491969.0]], "asks": [[0.4006, 96564.0], [0.4007, 220528.0], [0.4008, 334380.0], [0.4009, 361165.0], [0.401, 357884.0], [0.4011, 455073.0], [0.4012, 362596.0], [0.4013, 575438.0], [0.4014, 286940.0], [0.4015, 320853.0], [0.4016, 217698.0], [0.4017, 246520.0], [0.4018, 186980.0], [0.4019, 191779.0], [0.402, 230552.0], [0.4021, 139494.0], [0.4022, 154310.0], [0.4023, 164689.0], [0.4024, 147327.0], [0.4025, 142054.0]], "timestamp": "2025-12-15T08:53:20.271763+00:00"}, {"symbol": "ADAUSDT", "bids": [[0.4004, 19496.0], [0.4003, 161140.0], [0.4002, 264777.0], [0.4001, 390350.0], [0.4, 216870.0], [0.3999, 250171.0], [0.3998, 108701.0], [0.3997, 214768.0], [0.3996, 156970.0], [0.3995, 153000.0], [0.3994, 165559.0], [0.3993, 248499.0], [0.3992, 161102.0], [0.3991, 192775.0], [0.399, 308259.0], [0.3989, 134433.0], [0.3988, 98264.0], [0.3987, 215816.0], [0.3986, 410653.0], [0.3985, 330961.0]], "asks": [[0.4005, 164510.0], [0.4006, 247960.0], [0.4007, 336152.0], [0.4008, 294608.0], [0.4009, 480191.0], [0.401, 369758.0], [0.4011, 276553.0], [0.4012, 376371.0], [0.4013, 466551.0], [0.4014, 278527.0], [0.4015, 307716.0], [0.4016, 149127.0], [0.4017, 143629.0], [0.4018, 301269.0], [0.4019, 178271.0], [0.402, 147374.0], [0.4021, 142770.0], [0.4022, 161560.0], [0.4023, 151485.0], [0.4024, 116132.0]], "timestamp": "2025-12-15T08:54:13.827603+00:00"}, {"symbol": "ADAUSDT", "bids": [[0.4004, 134584.0], [0.4003, 173792.0], [0.4002, 274863.0], [0.4001, 376294.0], [0.4, 247352.0], [0.3999, 290456.0], [0.3998, 121908.0], [0.3997, 178627.0], [0.3996, 157482.0], [0.3995, 113240.0], [0.3994, 164561.0], [0.3993, 221417.0], [0.3992, 161102.0], [0.3991, 190347.0], [0.399, 308259.0], [0.3989, 134433.0], [0.3988, 100671.0], [0.3987, 245816.0], [0.3986, 500500.0], [0.3985, 241113.0]], "asks": [[0.4005, 117382.0], [0.4006, 233731.0], [0.4007, 346090.0], [0.4008, 291636.0], [0.4009, 480053.0], [0.401, 377382.0], [0.4011, 284707.0], [0.4012, 371813.0], [0.4013, 476904.0], [0.4014, 262495.0], [0.4015, 253717.0], [0.4016, 172792.0], [0.4017, 160651.0], [0.4018, 238408.0], [0.4019, 178770.0], [0.402, 147374.0], [0.4021, 142770.0], [0.4022, 180158.0], [0.4023, 151485.0], [0.4024, 117172.0]], "timestamp": "2025-12-15T08:55:07.485623+00:00"}, {"symbol": "ADAUSDT", "bids": [[0.4003, 28034.0], [0.4002, 158274.0], [0.4001, 355944.0], [0.4, 337980.0], [0.3999, 362163.0], [0.3998, 179774.0], [0.3997, 128533.0], [0.3996, 271033.0], [0.3995, 130563.0], [0.3994, 214944.0], [0.3993, 215722.0], [0.3992, 271629.0], [0.3991, 132978.0], [0.399, 308259.0], [0.3989, 159499.0], [0.3988, 108562.0], [0.3987, 244141.0], [0.3986, 506996.0], [0.3985, 240915.0], [0.3984, 394979.0]], "asks": [[0.4004, 167044.0], [0.4005, 282097.0], [0.4006, 315347.0], [0.4007, 273209.0], [0.4008, 359048.0], [0.4009, 360672.0], [0.401, 336575.0], [0.4011, 281884.0], [0.4012, 363071.0], [0.4013, 477905.0], [0.4014, 232864.0], [0.4015, 218702.0], [0.4016, 180895.0], [0.4017, 124296.0], [0.4018, 159208.0], [0.4019, 178634.0], [0.402, 265095.0], [0.4021, 143008.0], [0.4022, 156498.0], [0.4023, 129652.0]], "timestamp": "2025-12-15T08:56:00.939198+00:00"}, {"symbol": "ADAUSDT", "bids": [[0.4003, 106820.0], [0.4002, 216873.0], [0.4001, 305698.0], [0.4, 250810.0], [0.3999, 333830.0], [0.3998, 210269.0], [0.3997, 152554.0], [0.3996, 208451.0], [0.3995, 178668.0], [0.3994, 210108.0], [0.3993, 154935.0], [0.3992, 273121.0], [0.3991, 88068.0], [0.399, 194460.0], [0.3989, 159513.0], [0.3988, 92609.0], [0.3987, 246773.0], [0.3986, 425864.0], [0.3985, 345513.0], [0.3984, 398317.0]], "asks": [[0.4004, 75314.0], [0.4005, 231162.0], [0.4006, 356160.0], [0.4007, 299240.0], [0.4008, 387152.0], [0.4009, 418363.0], [0.401, 339219.0], [0.4011, 385263.0], [0.4012, 381339.0], [0.4013, 351905.0], [0.4014, 210749.0], [0.4015, 207926.0], [0.4016, 201995.0], [0.4017, 224447.0], [0.4018, 123148.0], [0.4019, 163381.0], [0.402, 164297.0], [0.4021, 143008.0], [0.4022, 156696.0], [0.4023, 170773.0]], "timestamp": "2025-12-15T08:56:54.905032+00:00"}, {"symbol": "ADAUSDT", "bids": [[0.4003, 24527.0], [0.4002, 190624.0], [0.4001, 322484.0], [0.4, 374051.0], [0.3999, 231910.0], [0.3998, 184644.0], [0.3997, 154408.0], [0.3996, 220525.0], [0.3995, 174334.0], [0.3994, 204235.0], [0.3993, 96959.0], [0.3992, 272422.0], [0.3991, 88392.0], [0.399, 139368.0], [0.3989, 196305.0], [0.3988, 117682.0], [0.3987, 246773.0], [0.3986, 425864.0], [0.3985, 345814.0], [0.3984, 398490.0]], "asks": [[0.4004, 145786.0], [0.4005, 258056.0], [0.4006, 389700.0], [0.4007, 285097.0], [0.4008, 421875.0], [0.4009, 411621.0], [0.401, 345124.0], [0.4011, 388976.0], [0.4012, 394232.0], [0.4013, 361106.0], [0.4014, 171004.0], [0.4015, 241523.0], [0.4016, 193483.0], [0.4017, 145497.0], [0.4018, 212618.0], [0.4019, 163366.0], [0.402, 130775.0], [0.4021, 143023.0], [0.4022, 156696.0], [0.4023, 170773.0]], "timestamp": "2025-12-15T08:57:48.689675+00:00"}, {"symbol": "ADAUSDT", "bids": [[0.4004, 95527.0], [0.4003, 253761.0], [0.4002, 320448.0], [0.4001, 292148.0], [0.4, 393418.0], [0.3999, 291800.0], [0.3998, 128829.0], [0.3997, 97057.0], [0.3996, 193318.0], [0.3995, 216013.0], [0.3994, 266887.0], [0.3993, 196806.0], [0.3992, 182295.0], [0.3991, 146130.0], [0.399, 139368.0], [0.3989, 166630.0], [0.3988, 110803.0], [0.3987, 227442.0], [0.3986, 360488.0], [0.3985, 440352.0]], "asks": [[0.4005, 120756.0], [0.4006, 279483.0], [0.4007, 323878.0], [0.4008, 440151.0], [0.4009, 380108.0], [0.401, 349765.0], [0.4011, 392813.0], [0.4012, 368089.0], [0.4013, 298477.0], [0.4014, 252773.0], [0.4015, 253891.0], [0.4016, 193224.0], [0.4017, 144937.0], [0.4018, 212618.0], [0.4019, 152588.0], [0.402, 157807.0], [0.4021, 167672.0], [0.4022, 154982.0], [0.4023, 171911.0], [0.4024, 262246.0]], "timestamp": "2025-12-15T08:58:42.222169+00:00"}, {"symbol": "ADAUSDT", "bids": [[0.4004, 126559.0], [0.4003, 254928.0], [0.4002, 323590.0], [0.4001, 302203.0], [0.4, 371187.0], [0.3999, 284564.0], [0.3998, 150353.0], [0.3997, 99405.0], [0.3996, 172518.0], [0.3995, 222954.0], [0.3994, 259946.0], [0.3993, 197882.0], [0.3992, 182295.0], [0.3991, 146705.0], [0.399, 137890.0], [0.3989, 166630.0], [0.3988, 112873.0], [0.3987, 226943.0], [0.3986, 370164.0], [0.3985, 432937.0]], "asks": [[0.4005, 209662.0], [0.4006, 274998.0], [0.4007, 325363.0], [0.4008, 327287.0], [0.4009, 499052.0], [0.401, 354861.0], [0.4011, 356873.0], [0.4012, 379279.0], [0.4013, 297532.0], [0.4014, 258819.0], [0.4015, 283453.0], [0.4016, 188736.0], [0.4017, 150599.0], [0.4018, 212618.0], [0.4019, 152588.0], [0.402, 157807.0], [0.4021, 167672.0], [0.4022, 154982.0], [0.4023, 171911.0], [0.4024, 194849.0]], "timestamp": "2025-12-15T08:59:36.084747+00:00"}, {"symbol": "ADAUSDT", "bids": [[0.4003, 112853.0], [0.4002, 231060.0], [0.4001, 326171.0], [0.4, 340916.0], [0.3999, 284232.0], [0.3998, 152516.0], [0.3997, 141382.0], [0.3996, 197756.0], [0.3995, 133594.0], [0.3994, 287979.0], [0.3993, 80666.0], [0.3992, 158014.0], [0.3991, 147919.0], [0.399, 140447.0], [0.3989, 189203.0], [0.3988, 115684.0], [0.3987, 167087.0], [0.3986, 459802.0], [0.3985, 343063.0], [0.3984, 295498.0]], "asks": [[0.4004, 173534.0], [0.4005, 324519.0], [0.4006, 361329.0], [0.4007, 282704.0], [0.4008, 477327.0], [0.4009, 414227.0], [0.401, 334944.0], [0.4011, 300039.0], [0.4012, 283719.0], [0.4013, 315879.0], [0.4014, 330249.0], [0.4015, 204372.0], [0.4016, 158119.0], [0.4017, 135528.0], [0.4018, 122830.0], [0.4019, 153562.0], [0.402, 185378.0], [0.4021, 168169.0], [0.4022, 154982.0], [0.4023, 171926.0]], "timestamp": "2025-12-15T09:00:29.435105+00:00"}, {"symbol": "ADAUSDT", "bids": [[0.4002, 100942.0], [0.4001, 245323.0], [0.4, 319435.0], [0.3999, 172584.0], [0.3998, 243871.0], [0.3997, 198128.0], [0.3996, 188230.0], [0.3995, 212603.0], [0.3994, 173151.0], [0.3993, 140791.0], [0.3992, 283340.0], [0.3991, 147580.0], [0.399, 138255.0], [0.3989, 166460.0], [0.3988, 145478.0], [0.3987, 193019.0], [0.3986, 370857.0], [0.3985, 343063.0], [0.3984, 295512.0], [0.3983, 515605.0]], "asks": [[0.4003, 149007.0], [0.4004, 196487.0], [0.4005, 357449.0], [0.4006, 284673.0], [0.4007, 369558.0], [0.4008, 374152.0], [0.4009, 344520.0], [0.401, 365093.0], [0.4011, 297411.0], [0.4012, 232053.0], [0.4013, 210954.0], [0.4014, 256356.0], [0.4015, 198980.0], [0.4016, 167630.0], [0.4017, 146665.0], [0.4018, 212744.0], [0.4019, 127978.0], [0.402, 125331.0], [0.4021, 168392.0], [0.4022, 154780.0]], "timestamp": "2025-12-15T09:01:23.504551+00:00"}, {"symbol": "ADAUSDT", "bids": [[0.4005, 85568.0], [0.4004, 220668.0], [0.4003, 270506.0], [0.4002, 249118.0], [0.4001, 410222.0], [0.4, 215158.0], [0.3999, 148726.0], [0.3998, 219552.0], [0.3997, 129679.0], [0.3996, 168346.0], [0.3995, 211920.0], [0.3994, 177102.0], [0.3993, 130084.0], [0.3992, 347647.0], [0.3991, 148707.0], [0.399, 138155.0], [0.3989, 152133.0], [0.3988, 83707.0], [0.3987, 167441.0], [0.3986, 457431.0]], "asks": [[0.4006, 141039.0], [0.4007, 301785.0], [0.4008, 365665.0], [0.4009, 410651.0], [0.401, 428994.0], [0.4011, 312019.0], [0.4012, 305424.0], [0.4013, 225932.0], [0.4014, 237539.0], [0.4015, 185340.0], [0.4016, 190502.0], [0.4017, 171255.0], [0.4018, 237156.0], [0.4019, 166919.0], [0.402, 157105.0], [0.4021, 150416.0], [0.4022, 183023.0], [0.4023, 171688.0], [0.4024, 193601.0], [0.4025, 188610.0]], "timestamp": "2025-12-15T09:02:17.181844+00:00"}, {"symbol": "ADAUSDT", "bids": [[0.4007, 95087.0], [0.4006, 279739.0], [0.4005, 388475.0], [0.4004, 286246.0], [0.4003, 355281.0], [0.4002, 161818.0], [0.4001, 292130.0], [0.4, 305451.0], [0.3999, 156224.0], [0.3998, 149448.0], [0.3997, 142940.0], [0.3996, 191266.0], [0.3995, 203991.0], [0.3994, 414144.0], [0.3993, 98254.0], [0.3992, 195475.0], [0.3991, 109773.0], [0.399, 260587.0], [0.3989, 197514.0], [0.3988, 87611.0]], "asks": [[0.4008, 136647.0], [0.4009, 210288.0], [0.401, 311677.0], [0.4011, 358843.0], [0.4012, 391727.0], [0.4013, 242076.0], [0.4014, 217439.0], [0.4015, 189561.0], [0.4016, 154675.0], [0.4017, 261555.0], [0.4018, 156847.0], [0.4019, 235840.0], [0.402, 166305.0], [0.4021, 159867.0], [0.4022, 180961.0], [0.4023, 308783.0], [0.4024, 160454.0], [0.4025, 214709.0], [0.4026, 111049.0], [0.4027, 220295.0]], "timestamp": "2025-12-15T09:03:10.819106+00:00"}, {"symbol": "ADAUSDT", "bids": [[0.4008, 136253.0], [0.4007, 239107.0], [0.4006, 361489.0], [0.4005, 443174.0], [0.4004, 251062.0], [0.4003, 287227.0], [0.4002, 136694.0], [0.4001, 280742.0], [0.4, 210567.0], [0.3999, 134741.0], [0.3998, 170185.0], [0.3997, 239709.0], [0.3996, 160373.0], [0.3995, 236641.0], [0.3994, 292559.0], [0.3993, 98254.0], [0.3992, 238643.0], [0.3991, 142490.0], [0.399, 223584.0], [0.3989, 120572.0]], "asks": [[0.4009, 16172.0], [0.401, 215897.0], [0.4011, 411294.0], [0.4012, 325699.0], [0.4013, 371711.0], [0.4014, 225832.0], [0.4015, 279052.0], [0.4016, 240259.0], [0.4017, 229557.0], [0.4018, 188820.0], [0.4019, 206713.0], [0.402, 254235.0], [0.4021, 355400.0], [0.4022, 162618.0], [0.4023, 172497.0], [0.4024, 253639.0], [0.4025, 204956.0], [0.4026, 110826.0], [0.4027, 220518.0], [0.4028, 103958.0]], "timestamp": "2025-12-15T09:04:04.682387+00:00"}, {"symbol": "ADAUSDT", "bids": [[0.4012, 161274.0], [0.4011, 252834.0], [0.401, 266190.0], [0.4009, 296380.0], [0.4008, 279739.0], [0.4007, 281271.0], [0.4006, 215975.0], [0.4005, 249940.0], [0.4004, 155842.0], [0.4003, 185636.0], [0.4002, 177281.0], [0.4001, 198207.0], [0.4, 328994.0], [0.3999, 159427.0], [0.3998, 158552.0], [0.3997, 142370.0], [0.3996, 190307.0], [0.3995, 201187.0], [0.3994, 318729.0], [0.3993, 239142.0]], "asks": [[0.4013, 69994.0], [0.4014, 178225.0], [0.4015, 268198.0], [0.4016, 300114.0], [0.4017, 347818.0], [0.4018, 204867.0], [0.4019, 255446.0], [0.402, 299792.0], [0.4021, 225002.0], [0.4022, 256688.0], [0.4023, 265170.0], [0.4024, 218963.0], [0.4025, 191463.0], [0.4026, 180302.0], [0.4027, 262492.0], [0.4028, 114204.0], [0.4029, 243035.0], [0.403, 146810.0], [0.4031, 210559.0], [0.4032, 234846.0]], "timestamp": "2025-12-15T09:04:58.443025+00:00"}, {"symbol": "ADAUSDT", "bids": [[0.4012, 78375.0], [0.4011, 232019.0], [0.401, 303780.0], [0.4009, 292960.0], [0.4008, 351551.0], [0.4007, 292749.0], [0.4006, 186812.0], [0.4005, 198728.0], [0.4004, 150024.0], [0.4003, 163389.0], [0.4002, 184987.0], [0.4001, 339846.0], [0.4, 187552.0], [0.3999, 206088.0], [0.3998, 214682.0], [0.3997, 284955.0], [0.3996, 195268.0], [0.3995, 177425.0], [0.3994, 265878.0], [0.3993, 235188.0]], "asks": [[0.4013, 55214.0], [0.4014, 130885.0], [0.4015, 334222.0], [0.4016, 402952.0], [0.4017, 305078.0], [0.4018, 225812.0], [0.4019, 266423.0], [0.402, 219610.0], [0.4021, 338701.0], [0.4022, 181277.0], [0.4023, 230888.0], [0.4024, 183348.0], [0.4025, 204531.0], [0.4026, 178499.0], [0.4027, 273057.0], [0.4028, 144143.0], [0.4029, 245243.0], [0.403, 162695.0], [0.4031, 173703.0], [0.4032, 169782.0]], "timestamp": "2025-12-15T09:05:52.511179+00:00"}, {"symbol": "ADAUSDT", "bids": [[0.4018, 61485.0], [0.4017, 263415.0], [0.4016, 330149.0], [0.4015, 290088.0], [0.4014, 318370.0], [0.4013, 596445.0], [0.4012, 189366.0], [0.4011, 213145.0], [0.401, 236424.0], [0.4009, 273173.0], [0.4008, 226506.0], [0.4007, 119585.0], [0.4006, 143057.0], [0.4005, 151370.0], [0.4004, 121251.0], [0.4003, 157899.0], [0.4002, 127861.0], [0.4001, 390612.0], [0.4, 181473.0], [0.3999, 141801.0]], "asks": [[0.4019, 117939.0], [0.402, 106249.0], [0.4021, 312233.0], [0.4022, 184094.0], [0.4023, 190417.0], [0.4024, 184540.0], [0.4025, 344681.0], [0.4026, 265190.0], [0.4027, 198217.0], [0.4028, 237970.0], [0.4029, 219832.0], [0.403, 213502.0], [0.4031, 292249.0], [0.4032, 267161.0], [0.4033, 144290.0], [0.4034, 200342.0], [0.4035, 165287.0], [0.4036, 210377.0], [0.4037, 129704.0], [0.4038, 228180.0]], "timestamp": "2025-12-15T09:06:46.168786+00:00"}, {"symbol": "ADAUSDT", "bids": [[0.4021, 168238.0], [0.402, 271017.0], [0.4019, 337857.0], [0.4018, 210535.0], [0.4017, 253171.0], [0.4016, 350744.0], [0.4015, 281622.0], [0.4014, 211698.0], [0.4013, 186628.0], [0.4012, 143590.0], [0.4011, 210728.0], [0.401, 175855.0], [0.4009, 295639.0], [0.4008, 139897.0], [0.4007, 159688.0], [0.4006, 161224.0], [0.4005, 167570.0], [0.4004, 124123.0], [0.4003, 324648.0], [0.4002, 166441.0]], "asks": [[0.4022, 124580.0], [0.4023, 224941.0], [0.4024, 317735.0], [0.4025, 224235.0], [0.4026, 241129.0], [0.4027, 304582.0], [0.4028, 296146.0], [0.4029, 245921.0], [0.403, 199129.0], [0.4031, 223248.0], [0.4032, 169071.0], [0.4033, 176249.0], [0.4034, 196793.0], [0.4035, 179169.0], [0.4036, 182457.0], [0.4037, 221360.0], [0.4038, 117680.0], [0.4039, 202638.0], [0.404, 131628.0], [0.4041, 182500.0]], "timestamp": "2025-12-15T09:07:39.622554+00:00"}, {"symbol": "ADAUSDT", "bids": [[0.4017, 160638.0], [0.4016, 145708.0], [0.4015, 350148.0], [0.4014, 251136.0], [0.4013, 331313.0], [0.4012, 170039.0], [0.4011, 240684.0], [0.401, 177126.0], [0.4009, 221516.0], [0.4008, 277063.0], [0.4007, 170078.0], [0.4006, 161135.0], [0.4005, 224714.0], [0.4004, 134694.0], [0.4003, 176094.0], [0.4002, 111482.0], [0.4001, 187013.0], [0.4, 383734.0], [0.3999, 207700.0], [0.3998, 215622.0]], "asks": [[0.4018, 91099.0], [0.4019, 268364.0], [0.402, 277965.0], [0.4021, 448747.0], [0.4022, 255387.0], [0.4023, 244149.0], [0.4024, 461240.0], [0.4025, 228019.0], [0.4026, 311430.0], [0.4027, 301320.0], [0.4028, 151165.0], [0.4029, 219601.0], [0.403, 139661.0], [0.4031, 302030.0], [0.4032, 123543.0], [0.4033, 127714.0], [0.4034, 125558.0], [0.4035, 191377.0], [0.4036, 173924.0], [0.4037, 138452.0]], "timestamp": "2025-12-15T09:08:33.383104+00:00"}, {"symbol": "ADAUSDT", "bids": [[0.4018, 195421.0], [0.4017, 265487.0], [0.4016, 259534.0], [0.4015, 332526.0], [0.4014, 291874.0], [0.4013, 208645.0], [0.4012, 147557.0], [0.4011, 158382.0], [0.401, 180094.0], [0.4009, 252817.0], [0.4008, 297823.0], [0.4007, 198047.0], [0.4006, 157426.0], [0.4005, 219975.0], [0.4004, 136906.0], [0.4003, 325596.0], [0.4002, 172568.0], [0.4001, 162025.0], [0.4, 236006.0], [0.3999, 207700.0]], "asks": [[0.4019, 80499.0], [0.402, 144145.0], [0.4021, 465919.0], [0.4022, 262936.0], [0.4023, 214710.0], [0.4024, 266217.0], [0.4025, 399694.0], [0.4026, 284528.0], [0.4027, 385187.0], [0.4028, 157809.0], [0.4029, 219247.0], [0.403, 156192.0], [0.4031, 236074.0], [0.4032, 176565.0], [0.4033, 221286.0], [0.4034, 108728.0], [0.4035, 186436.0], [0.4036, 198629.0], [0.4037, 138964.0], [0.4038, 116300.0]], "timestamp": "2025-12-15T09:09:27.071252+00:00"}, {"symbol": "ADAUSDT", "bids": [[0.4019, 37266.0], [0.4018, 201375.0], [0.4017, 373178.0], [0.4016, 360423.0], [0.4015, 246758.0], [0.4014, 302097.0], [0.4013, 222438.0], [0.4012, 165787.0], [0.4011, 158908.0], [0.401, 170389.0], [0.4009, 220618.0], [0.4008, 294462.0], [0.4007, 289440.0], [0.4006, 157008.0], [0.4005, 219751.0], [0.4004, 120383.0], [0.4003, 194561.0], [0.4002, 180839.0], [0.4001, 227856.0], [0.4, 387642.0]], "asks": [[0.402, 84527.0], [0.4021, 400478.0], [0.4022, 258972.0], [0.4023, 251261.0], [0.4024, 244184.0], [0.4025, 258137.0], [0.4026, 431915.0], [0.4027, 319871.0], [0.4028, 161496.0], [0.4029, 271062.0], [0.403, 186306.0], [0.4031, 226676.0], [0.4032, 177047.0], [0.4033, 220703.0], [0.4034, 109103.0], [0.4035, 193587.0], [0.4036, 180086.0], [0.4037, 163243.0], [0.4038, 115803.0], [0.4039, 180375.0]], "timestamp": "2025-12-15T09:10:20.802004+00:00"}, {"symbol": "ADAUSDT", "bids": [[0.4014, 73437.0], [0.4013, 192828.0], [0.4012, 216794.0], [0.4011, 354056.0], [0.401, 205288.0], [0.4009, 168317.0], [0.4008, 243795.0], [0.4007, 127610.0], [0.4006, 135201.0], [0.4005, 164047.0], [0.4004, 173771.0], [0.4003, 304324.0], [0.4002, 127837.0], [0.4001, 214170.0], [0.4, 220158.0], [0.3999, 247206.0], [0.3998, 228244.0], [0.3997, 126618.0], [0.3996, 232194.0], [0.3995, 238324.0]], "asks": [[0.4015, 140140.0], [0.4016, 287111.0], [0.4017, 284845.0], [0.4018, 360992.0], [0.4019, 311979.0], [0.402, 347045.0], [0.4021, 484729.0], [0.4022, 266576.0], [0.4023, 255437.0], [0.4024, 272095.0], [0.4025, 161267.0], [0.4026, 207181.0], [0.4027, 220437.0], [0.4028, 202774.0], [0.4029, 129306.0], [0.403, 126599.0], [0.4031, 229049.0], [0.4032, 190808.0], [0.4033, 115160.0], [0.4034, 109281.0]], "timestamp": "2025-12-15T09:11:14.665282+00:00"}, {"symbol": "ADAUSDT", "bids": [[0.4014, 122641.0], [0.4013, 282817.0], [0.4012, 226427.0], [0.4011, 207531.0], [0.401, 295520.0], [0.4009, 245280.0], [0.4008, 147954.0], [0.4007, 149963.0], [0.4006, 216382.0], [0.4005, 179056.0], [0.4004, 276705.0], [0.4003, 231805.0], [0.4002, 98519.0], [0.4001, 186307.0], [0.4, 205471.0], [0.3999, 235336.0], [0.3998, 135978.0], [0.3997, 128076.0], [0.3996, 328017.0], [0.3995, 305833.0]], "asks": [[0.4015, 141737.0], [0.4016, 265620.0], [0.4017, 282836.0], [0.4018, 494139.0], [0.4019, 288266.0], [0.402, 329227.0], [0.4021, 467939.0], [0.4022, 336080.0], [0.4023, 291802.0], [0.4024, 225455.0], [0.4025, 140530.0], [0.4026, 245182.0], [0.4027, 282883.0], [0.4028, 183120.0], [0.4029, 145315.0], [0.403, 211438.0], [0.4031, 210150.0], [0.4032, 166015.0], [0.4033, 115085.0], [0.4034, 139281.0]], "timestamp": "2025-12-15T09:12:08.323810+00:00"}, {"symbol": "ADAUSDT", "bids": [[0.4016, 143092.0], [0.4015, 245287.0], [0.4014, 275741.0], [0.4013, 390292.0], [0.4012, 381490.0], [0.4011, 253211.0], [0.401, 178943.0], [0.4009, 253145.0], [0.4008, 151724.0], [0.4007, 234402.0], [0.4006, 240503.0], [0.4005, 345592.0], [0.4004, 131003.0], [0.4003, 200088.0], [0.4002, 113070.0], [0.4001, 156632.0], [0.4, 197150.0], [0.3999, 203438.0], [0.3998, 132223.0], [0.3997, 129577.0]], "asks": [[0.4017, 112757.0], [0.4018, 263072.0], [0.4019, 238205.0], [0.402, 281586.0], [0.4021, 206223.0], [0.4022, 346012.0], [0.4023, 383285.0], [0.4024, 233924.0], [0.4025, 280373.0], [0.4026, 234600.0], [0.4027, 298862.0], [0.4028, 185096.0], [0.4029, 128904.0], [0.403, 201321.0], [0.4031, 187046.0], [0.4032, 172911.0], [0.4033, 151910.0], [0.4034, 164037.0], [0.4035, 133310.0], [0.4036, 240195.0]], "timestamp": "2025-12-15T09:13:02.186328+00:00"}, {"symbol": "ADAUSDT", "bids": [[0.4015, 160897.0], [0.4014, 227866.0], [0.4013, 409162.0], [0.4012, 405305.0], [0.4011, 233652.0], [0.401, 264743.0], [0.4009, 218128.0], [0.4008, 192185.0], [0.4007, 158562.0], [0.4006, 192718.0], [0.4005, 261731.0], [0.4004, 236226.0], [0.4003, 135847.0], [0.4002, 143070.0], [0.4001, 156632.0], [0.4, 229040.0], [0.3999, 203438.0], [0.3998, 143004.0], [0.3997, 219305.0], [0.3996, 225800.0]], "asks": [[0.4016, 53565.0], [0.4017, 140369.0], [0.4018, 371917.0], [0.4019, 221973.0], [0.402, 266254.0], [0.4021, 198447.0], [0.4022, 433578.0], [0.4023, 284525.0], [0.4024, 223135.0], [0.4025, 297484.0], [0.4026, 222084.0], [0.4027, 286272.0], [0.4028, 174485.0], [0.4029, 134490.0], [0.403, 201429.0], [0.4031, 187046.0], [0.4032, 166015.0], [0.4033, 151970.0], [0.4034, 163977.0], [0.4035, 133808.0]], "timestamp": "2025-12-15T09:13:55.844528+00:00"}, {"symbol": "ADAUSDT", "bids": [[0.4019, 100341.0], [0.4018, 338180.0], [0.4017, 407947.0], [0.4016, 286036.0], [0.4015, 391528.0], [0.4014, 315186.0], [0.4013, 265087.0], [0.4012, 299213.0], [0.4011, 242180.0], [0.401, 238653.0], [0.4009, 189564.0], [0.4008, 249455.0], [0.4007, 133365.0], [0.4006, 172855.0], [0.4005, 240090.0], [0.4004, 104663.0], [0.4003, 131437.0], [0.4002, 141090.0], [0.4001, 359502.0], [0.4, 338992.0]], "asks": [[0.402, 80652.0], [0.4021, 201005.0], [0.4022, 283668.0], [0.4023, 178391.0], [0.4024, 207467.0], [0.4025, 339039.0], [0.4026, 327752.0], [0.4027, 282281.0], [0.4028, 197187.0], [0.4029, 233285.0], [0.403, 247337.0], [0.4031, 202424.0], [0.4032, 169930.0], [0.4033, 138455.0], [0.4034, 245516.0], [0.4035, 140266.0], [0.4036, 265045.0], [0.4037, 141212.0], [0.4038, 155555.0], [0.4039, 175363.0]], "timestamp": "2025-12-15T09:14:49.195837+00:00"}, {"symbol": "ADAUSDT", "bids": [[0.4018, 55964.0], [0.4017, 237199.0], [0.4016, 309449.0], [0.4015, 285766.0], [0.4014, 222755.0], [0.4013, 459644.0], [0.4012, 286371.0], [0.4011, 175484.0], [0.401, 181754.0], [0.4009, 163052.0], [0.4008, 194854.0], [0.4007, 252461.0], [0.4006, 172885.0], [0.4005, 235385.0], [0.4004, 130266.0], [0.4003, 145177.0], [0.4002, 144342.0], [0.4001, 361475.0], [0.4, 258951.0], [0.3999, 251895.0]], "asks": [[0.4019, 65211.0], [0.402, 229203.0], [0.4021, 251239.0], [0.4022, 240320.0], [0.4023, 216038.0], [0.4024, 267220.0], [0.4025, 440423.0], [0.4026, 270307.0], [0.4027, 309034.0], [0.4028, 220099.0], [0.4029, 152998.0], [0.403, 180458.0], [0.4031, 177539.0], [0.4032, 148991.0], [0.4033, 218052.0], [0.4034, 165769.0], [0.4035, 168140.0], [0.4036, 269010.0], [0.4037, 128553.0], [0.4038, 131386.0]], "timestamp": "2025-12-15T09:15:42.853859+00:00"}, {"symbol": "ADAUSDT", "bids": [[0.4016, 92211.0], [0.4015, 184172.0], [0.4014, 221453.0], [0.4013, 268875.0], [0.4012, 364661.0], [0.4011, 207075.0], [0.401, 217311.0], [0.4009, 166160.0], [0.4008, 195292.0], [0.4007, 140368.0], [0.4006, 197931.0], [0.4005, 237070.0], [0.4004, 256917.0], [0.4003, 145409.0], [0.4002, 186112.0], [0.4001, 368356.0], [0.4, 237723.0], [0.3999, 162387.0], [0.3998, 152967.0], [0.3997, 194622.0]], "asks": [[0.4017, 110967.0], [0.4018, 269662.0], [0.4019, 270036.0], [0.402, 347582.0], [0.4021, 241519.0], [0.4022, 284349.0], [0.4023, 289376.0], [0.4024, 415825.0], [0.4025, 352686.0], [0.4026, 213406.0], [0.4027, 253432.0], [0.4028, 192785.0], [0.4029, 165583.0], [0.403, 236879.0], [0.4031, 156952.0], [0.4032, 135759.0], [0.4033, 121632.0], [0.4034, 137621.0], [0.4035, 143340.0], [0.4036, 250382.0]], "timestamp": "2025-12-15T09:16:36.819692+00:00"}, {"symbol": "ADAUSDT", "bids": [[0.4021, 147958.0], [0.402, 245570.0], [0.4019, 396809.0], [0.4018, 261802.0], [0.4017, 436138.0], [0.4016, 228968.0], [0.4015, 239359.0], [0.4014, 185718.0], [0.4013, 253885.0], [0.4012, 266091.0], [0.4011, 225181.0], [0.401, 139887.0], [0.4009, 154902.0], [0.4008, 121637.0], [0.4007, 125670.0], [0.4006, 251612.0], [0.4005, 505125.0], [0.4004, 112786.0], [0.4003, 137535.0], [0.4002, 141768.0]], "asks": [[0.4022, 50737.0], [0.4023, 150309.0], [0.4024, 330496.0], [0.4025, 388832.0], [0.4026, 218762.0], [0.4027, 290132.0], [0.4028, 330965.0], [0.4029, 203820.0], [0.403, 214886.0], [0.4031, 220116.0], [0.4032, 174360.0], [0.4033, 198186.0], [0.4034, 222363.0], [0.4035, 280718.0], [0.4036, 242488.0], [0.4037, 170540.0], [0.4038, 200440.0], [0.4039, 193930.0], [0.404, 125841.0], [0.4041, 199574.0]], "timestamp": "2025-12-15T09:17:30.682207+00:00"}, {"symbol": "ADAUSDT", "bids": [[0.4021, 157369.0], [0.402, 237038.0], [0.4019, 445725.0], [0.4018, 254408.0], [0.4017, 265047.0], [0.4016, 384071.0], [0.4015, 330686.0], [0.4014, 172746.0], [0.4013, 276125.0], [0.4012, 195248.0], [0.4011, 199151.0], [0.401, 304989.0], [0.4009, 180527.0], [0.4008, 121731.0], [0.4007, 128568.0], [0.4006, 180574.0], [0.4005, 364950.0], [0.4004, 109699.0], [0.4003, 149189.0], [0.4002, 257977.0]], "asks": [[0.4022, 111443.0], [0.4023, 263079.0], [0.4024, 260421.0], [0.4025, 356542.0], [0.4026, 216047.0], [0.4027, 322706.0], [0.4028, 300281.0], [0.4029, 197067.0], [0.403, 284255.0], [0.4031, 205569.0], [0.4032, 146801.0], [0.4033, 183862.0], [0.4034, 141159.0], [0.4035, 190820.0], [0.4036, 283166.0], [0.4037, 161552.0], [0.4038, 127737.0], [0.4039, 233121.0], [0.404, 115957.0], [0.4041, 150329.0]], "timestamp": "2025-12-15T09:18:24.135646+00:00"}, {"symbol": "ADAUSDT", "bids": [[0.4016, 103446.0], [0.4015, 262329.0], [0.4014, 236915.0], [0.4013, 303837.0], [0.4012, 350066.0], [0.4011, 208919.0], [0.401, 177526.0], [0.4009, 157137.0], [0.4008, 136507.0], [0.4007, 189428.0], [0.4006, 210264.0], [0.4005, 372300.0], [0.4004, 141730.0], [0.4003, 145416.0], [0.4002, 144953.0], [0.4001, 254890.0], [0.4, 359150.0], [0.3999, 175119.0], [0.3998, 152985.0], [0.3997, 201558.0]], "asks": [[0.4017, 51057.0], [0.4018, 181791.0], [0.4019, 365942.0], [0.402, 334223.0], [0.4021, 293657.0], [0.4022, 310348.0], [0.4023, 498584.0], [0.4024, 323393.0], [0.4025, 405616.0], [0.4026, 291620.0], [0.4027, 286675.0], [0.4028, 157150.0], [0.4029, 193042.0], [0.403, 206450.0], [0.4031, 132850.0], [0.4032, 140830.0], [0.4033, 122051.0], [0.4034, 166656.0], [0.4035, 132074.0], [0.4036, 189040.0]], "timestamp": "2025-12-15T09:19:17.794308+00:00"}, {"symbol": "ADAUSDT", "bids": [[0.4017, 78217.0], [0.4016, 241362.0], [0.4015, 254290.0], [0.4014, 196750.0], [0.4013, 271005.0], [0.4012, 364486.0], [0.4011, 134328.0], [0.401, 175833.0], [0.4009, 160712.0], [0.4008, 133220.0], [0.4007, 179144.0], [0.4006, 329399.0], [0.4005, 253034.0], [0.4004, 142560.0], [0.4003, 148601.0], [0.4002, 141812.0], [0.4001, 246286.0], [0.4, 362232.0], [0.3999, 189067.0], [0.3998, 228332.0]], "asks": [[0.4018, 139422.0], [0.4019, 257055.0], [0.402, 476286.0], [0.4021, 343238.0], [0.4022, 290193.0], [0.4023, 385754.0], [0.4024, 365928.0], [0.4025, 432294.0], [0.4026, 378174.0], [0.4027, 280684.0], [0.4028, 193925.0], [0.4029, 199840.0], [0.403, 231353.0], [0.4031, 132573.0], [0.4032, 142019.0], [0.4033, 127557.0], [0.4034, 168193.0], [0.4035, 156860.0], [0.4036, 189040.0], [0.4037, 158305.0]], "timestamp": "2025-12-15T09:20:11.657333+00:00"}, {"symbol": "ADAUSDT", "bids": [[0.4017, 89196.0], [0.4016, 212211.0], [0.4015, 273839.0], [0.4014, 205575.0], [0.4013, 399670.0], [0.4012, 149036.0], [0.4011, 238940.0], [0.401, 175818.0], [0.4009, 160729.0], [0.4008, 133717.0], [0.4007, 174185.0], [0.4006, 329411.0], [0.4005, 243723.0], [0.4004, 114120.0], [0.4003, 148601.0], [0.4002, 141812.0], [0.4001, 271271.0], [0.4, 365731.0], [0.3999, 184593.0], [0.3998, 203684.0]], "asks": [[0.4018, 63729.0], [0.4019, 268351.0], [0.402, 483537.0], [0.4021, 333237.0], [0.4022, 301871.0], [0.4023, 368034.0], [0.4024, 377271.0], [0.4025, 493435.0], [0.4026, 286900.0], [0.4027, 274163.0], [0.4028, 200059.0], [0.4029, 188450.0], [0.403, 141947.0], [0.4031, 153361.0], [0.4032, 231633.0], [0.4033, 127557.0], [0.4034, 167696.0], [0.4035, 156859.0], [0.4036, 189040.0], [0.4037, 159847.0]], "timestamp": "2025-12-15T09:21:05.521370+00:00"}, {"symbol": "ADAUSDT", "bids": [[0.4017, 127871.0], [0.4016, 220406.0], [0.4015, 287823.0], [0.4014, 285229.0], [0.4013, 355526.0], [0.4012, 183238.0], [0.4011, 251872.0], [0.401, 236600.0], [0.4009, 159458.0], [0.4008, 134636.0], [0.4007, 196267.0], [0.4006, 266805.0], [0.4005, 233882.0], [0.4004, 114058.0], [0.4003, 148601.0], [0.4002, 144601.0], [0.4001, 246286.0], [0.4, 365731.0], [0.3999, 183700.0], [0.3998, 197699.0]], "asks": [[0.4018, 62148.0], [0.4019, 275830.0], [0.402, 390720.0], [0.4021, 307768.0], [0.4022, 274424.0], [0.4023, 324636.0], [0.4024, 378558.0], [0.4025, 517622.0], [0.4026, 288042.0], [0.4027, 268515.0], [0.4028, 231214.0], [0.4029, 168704.0], [0.403, 173178.0], [0.4031, 227697.0], [0.4032, 142965.0], [0.4033, 127540.0], [0.4034, 167696.0], [0.4035, 156857.0], [0.4036, 189040.0], [0.4037, 159847.0]], "timestamp": "2025-12-15T09:21:58.974182+00:00"}, {"symbol": "ADAUSDT", "bids": [[0.4017, 49863.0], [0.4016, 127941.0], [0.4015, 288941.0], [0.4014, 298264.0], [0.4013, 369846.0], [0.4012, 148810.0], [0.4011, 256142.0], [0.401, 196438.0], [0.4009, 158976.0], [0.4008, 183917.0], [0.4007, 151150.0], [0.4006, 192962.0], [0.4005, 353302.0], [0.4004, 114073.0], [0.4003, 148571.0], [0.4002, 144601.0], [0.4001, 246395.0], [0.4, 365731.0], [0.3999, 182139.0], [0.3998, 198193.0]], "asks": [[0.4018, 94320.0], [0.4019, 298509.0], [0.402, 349086.0], [0.4021, 317864.0], [0.4022, 260768.0], [0.4023, 319261.0], [0.4024, 358196.0], [0.4025, 499953.0], [0.4026, 258327.0], [0.4027, 274842.0], [0.4028, 197218.0], [0.4029, 163923.0], [0.403, 187797.0], [0.4031, 236795.0], [0.4032, 142468.0], [0.4033, 127540.0], [0.4034, 137696.0], [0.4035, 132074.0], [0.4036, 189040.0], [0.4037, 153903.0]], "timestamp": "2025-12-15T09:22:52.837301+00:00"}, {"symbol": "ADAUSDT", "bids": [[0.4017, 91086.0], [0.4016, 208756.0], [0.4015, 239536.0], [0.4014, 260117.0], [0.4013, 395768.0], [0.4012, 226327.0], [0.4011, 247421.0], [0.401, 142068.0], [0.4009, 193924.0], [0.4008, 215437.0], [0.4007, 153138.0], [0.4006, 193863.0], [0.4005, 347998.0], [0.4004, 105919.0], [0.4003, 135507.0], [0.4002, 138807.0], [0.4001, 273139.0], [0.4, 364557.0], [0.3999, 175396.0], [0.3998, 120216.0]], "asks": [[0.4018, 61755.0], [0.4019, 269644.0], [0.402, 352299.0], [0.4021, 291473.0], [0.4022, 245345.0], [0.4023, 385348.0], [0.4024, 469046.0], [0.4025, 404427.0], [0.4026, 251884.0], [0.4027, 260016.0], [0.4028, 261891.0], [0.4029, 269230.0], [0.403, 180262.0], [0.4031, 125883.0], [0.4032, 121873.0], [0.4033, 152696.0], [0.4034, 180089.0], [0.4035, 121985.0], [0.4036, 179107.0], [0.4037, 213694.0]], "timestamp": "2025-12-15T09:23:46.188167+00:00"}, {"symbol": "ADAUSDT", "bids": [[0.4021, 94684.0], [0.402, 263988.0], [0.4019, 282076.0], [0.4018, 351659.0], [0.4017, 449560.0], [0.4016, 341642.0], [0.4015, 215393.0], [0.4014, 200716.0], [0.4013, 245914.0], [0.4012, 227715.0], [0.4011, 247737.0], [0.401, 257491.0], [0.4009, 151086.0], [0.4008, 222292.0], [0.4007, 143626.0], [0.4006, 113459.0], [0.4005, 246770.0], [0.4004, 227387.0], [0.4003, 143495.0], [0.4002, 200159.0]], "asks": [[0.4022, 41938.0], [0.4023, 215970.0], [0.4024, 273261.0], [0.4025, 348327.0], [0.4026, 186125.0], [0.4027, 302968.0], [0.4028, 385992.0], [0.4029, 218936.0], [0.403, 190291.0], [0.4031, 227719.0], [0.4032, 190120.0], [0.4033, 186621.0], [0.4034, 189459.0], [0.4035, 177635.0], [0.4036, 281405.0], [0.4037, 164570.0], [0.4038, 156314.0], [0.4039, 179097.0], [0.404, 163730.0], [0.4041, 256670.0]], "timestamp": "2025-12-15T09:24:39.949345+00:00"}, {"symbol": "ADAUSDT", "bids": [[0.4025, 69653.0], [0.4024, 214183.0], [0.4023, 279190.0], [0.4022, 447818.0], [0.4021, 213971.0], [0.402, 239885.0], [0.4019, 292792.0], [0.4018, 174841.0], [0.4017, 195570.0], [0.4016, 105670.0], [0.4015, 156188.0], [0.4014, 147213.0], [0.4013, 181604.0], [0.4012, 268388.0], [0.4011, 154157.0], [0.401, 133776.0], [0.4009, 161199.0], [0.4008, 323397.0], [0.4007, 193287.0], [0.4006, 302709.0]], "asks": [[0.4026, 176383.0], [0.4027, 247175.0], [0.4028, 272526.0], [0.4029, 255995.0], [0.403, 162993.0], [0.4031, 285449.0], [0.4032, 298126.0], [0.4033, 227272.0], [0.4034, 318984.0], [0.4035, 190746.0], [0.4036, 194690.0], [0.4037, 183556.0], [0.4038, 198894.0], [0.4039, 233099.0], [0.404, 163357.0], [0.4041, 364427.0], [0.4042, 101496.0], [0.4043, 199863.0], [0.4044, 175932.0], [0.4045, 208118.0]], "timestamp": "2025-12-15T09:25:34.017175+00:00"}, {"symbol": "ADAUSDT", "bids": [[0.4024, 64340.0], [0.4023, 226395.0], [0.4022, 378463.0], [0.4021, 246957.0], [0.402, 299648.0], [0.4019, 356556.0], [0.4018, 157411.0], [0.4017, 195584.0], [0.4016, 111115.0], [0.4015, 163539.0], [0.4014, 174897.0], [0.4013, 320458.0], [0.4012, 189150.0], [0.4011, 211910.0], [0.401, 133080.0], [0.4009, 183328.0], [0.4008, 373472.0], [0.4007, 191775.0], [0.4006, 282278.0], [0.4005, 294566.0]], "asks": [[0.4025, 191110.0], [0.4026, 139857.0], [0.4027, 379749.0], [0.4028, 239721.0], [0.4029, 211066.0], [0.403, 192441.0], [0.4031, 346133.0], [0.4032, 268174.0], [0.4033, 293067.0], [0.4034, 202157.0], [0.4035, 191893.0], [0.4036, 225263.0], [0.4037, 159236.0], [0.4038, 221329.0], [0.4039, 291796.0], [0.404, 174498.0], [0.4041, 268205.0], [0.4042, 101511.0], [0.4043, 168865.0], [0.4044, 175932.0]], "timestamp": "2025-12-15T09:26:28.085488+00:00"}, {"symbol": "ADAUSDT", "bids": [[0.4025, 142403.0], [0.4024, 242597.0], [0.4023, 276232.0], [0.4022, 304444.0], [0.4021, 449695.0], [0.402, 240640.0], [0.4019, 241799.0], [0.4018, 193212.0], [0.4017, 221389.0], [0.4016, 152302.0], [0.4015, 298317.0], [0.4014, 149592.0], [0.4013, 214630.0], [0.4012, 264664.0], [0.4011, 129033.0], [0.401, 133080.0], [0.4009, 183347.0], [0.4008, 385600.0], [0.4007, 266132.0], [0.4006, 216279.0]], "asks": [[0.4026, 136226.0], [0.4027, 156110.0], [0.4028, 220668.0], [0.4029, 286783.0], [0.403, 145988.0], [0.4031, 249396.0], [0.4032, 311028.0], [0.4033, 224066.0], [0.4034, 278737.0], [0.4035, 271303.0], [0.4036, 231799.0], [0.4037, 139647.0], [0.4038, 208898.0], [0.4039, 258474.0], [0.404, 153327.0], [0.4041, 275012.0], [0.4042, 96564.0], [0.4043, 155262.0], [0.4044, 194545.0], [0.4045, 150767.0]], "timestamp": "2025-12-15T09:27:22.152882+00:00"}, {"symbol": "ADAUSDT", "bids": [[0.4026, 47108.0], [0.4025, 193348.0], [0.4024, 317307.0], [0.4023, 211589.0], [0.4022, 269552.0], [0.4021, 415741.0], [0.402, 217379.0], [0.4019, 221304.0], [0.4018, 166005.0], [0.4017, 205680.0], [0.4016, 185206.0], [0.4015, 277914.0], [0.4014, 162599.0], [0.4013, 209196.0], [0.4012, 200533.0], [0.4011, 154185.0], [0.401, 126184.0], [0.4009, 183347.0], [0.4008, 385944.0], [0.4007, 275546.0]], "asks": [[0.4027, 169320.0], [0.4028, 182602.0], [0.4029, 302681.0], [0.403, 164540.0], [0.4031, 241848.0], [0.4032, 204781.0], [0.4033, 318063.0], [0.4034, 308399.0], [0.4035, 218645.0], [0.4036, 243100.0], [0.4037, 136443.0], [0.4038, 204990.0], [0.4039, 176549.0], [0.404, 254102.0], [0.4041, 291697.0], [0.4042, 103460.0], [0.4043, 155262.0], [0.4044, 194545.0], [0.4045, 150767.0], [0.4046, 172292.0]], "timestamp": "2025-12-15T09:28:15.811185+00:00"}, {"symbol": "ADAUSDT", "bids": [[0.4025, 45793.0], [0.4024, 171709.0], [0.4023, 245144.0], [0.4022, 328247.0], [0.4021, 357894.0], [0.402, 176320.0], [0.4019, 242037.0], [0.4018, 240138.0], [0.4017, 174378.0], [0.4016, 152874.0], [0.4015, 199128.0], [0.4014, 148608.0], [0.4013, 289345.0], [0.4012, 200326.0], [0.4011, 154101.0], [0.401, 133080.0], [0.4009, 183497.0], [0.4008, 373457.0], [0.4007, 206006.0], [0.4006, 385236.0]], "asks": [[0.4026, 128206.0], [0.4027, 280330.0], [0.4028, 261058.0], [0.4029, 262410.0], [0.403, 202781.0], [0.4031, 291692.0], [0.4032, 328995.0], [0.4033, 257134.0], [0.4034, 350243.0], [0.4035, 210743.0], [0.4036, 208643.0], [0.4037, 161976.0], [0.4038, 158855.0], [0.4039, 175977.0], [0.404, 248266.0], [0.4041, 274582.0], [0.4042, 113405.0], [0.4043, 137945.0], [0.4044, 194530.0], [0.4045, 216546.0]], "timestamp": "2025-12-15T09:29:09.675272+00:00"}, {"symbol": "ADAUSDT", "bids": [[0.4023, 154080.0], [0.4022, 294884.0], [0.4021, 286723.0], [0.402, 323964.0], [0.4019, 357330.0], [0.4018, 165139.0], [0.4017, 182973.0], [0.4016, 111511.0], [0.4015, 161709.0], [0.4014, 138060.0], [0.4013, 184251.0], [0.4012, 248351.0], [0.4011, 288263.0], [0.401, 133106.0], [0.4009, 208213.0], [0.4008, 378313.0], [0.4007, 180577.0], [0.4006, 265813.0], [0.4005, 361364.0], [0.4004, 134349.0]], "asks": [[0.4024, 71430.0], [0.4025, 229623.0], [0.4026, 239519.0], [0.4027, 312587.0], [0.4028, 317522.0], [0.4029, 300319.0], [0.403, 302352.0], [0.4031, 392369.0], [0.4032, 238449.0], [0.4033, 245936.0], [0.4034, 207697.0], [0.4035, 191713.0], [0.4036, 197758.0], [0.4037, 160455.0], [0.4038, 228431.0], [0.4039, 163120.0], [0.404, 136597.0], [0.4041, 267526.0], [0.4042, 93607.0], [0.4043, 137945.0]], "timestamp": "2025-12-15T09:30:03.434961+00:00"}, {"symbol": "ADAUSDT", "bids": [[0.4023, 31175.0], [0.4022, 161302.0], [0.4021, 347817.0], [0.402, 231986.0], [0.4019, 450000.0], [0.4018, 206719.0], [0.4017, 233834.0], [0.4016, 110532.0], [0.4015, 138531.0], [0.4014, 161087.0], [0.4013, 183852.0], [0.4012, 233006.0], [0.4011, 295212.0], [0.401, 173303.0], [0.4009, 208129.0], [0.4008, 381734.0], [0.4007, 180346.0], [0.4006, 239070.0], [0.4005, 272384.0], [0.4004, 139845.0]], "asks": [[0.4024, 142752.0], [0.4025, 311099.0], [0.4026, 245109.0], [0.4027, 297538.0], [0.4028, 264521.0], [0.4029, 287008.0], [0.403, 196092.0], [0.4031, 281054.0], [0.4032, 258906.0], [0.4033, 296739.0], [0.4034, 151500.0], [0.4035, 161947.0], [0.4036, 186073.0], [0.4037, 238360.0], [0.4038, 147717.0], [0.4039, 180213.0], [0.404, 82975.0], [0.4041, 198408.0], [0.4042, 126830.0], [0.4043, 121119.0]], "timestamp": "2025-12-15T09:30:57.093047+00:00"}, {"symbol": "ADAUSDT", "bids": [[0.4027, 159354.0], [0.4026, 251673.0], [0.4025, 298267.0], [0.4024, 270550.0], [0.4023, 397870.0], [0.4022, 248455.0], [0.4021, 216471.0], [0.402, 228094.0], [0.4019, 280040.0], [0.4018, 212903.0], [0.4017, 240908.0], [0.4016, 289688.0], [0.4015, 138389.0], [0.4014, 156246.0], [0.4013, 200649.0], [0.4012, 177097.0], [0.4011, 132258.0], [0.401, 147537.0], [0.4009, 288021.0], [0.4008, 230632.0]], "asks": [[0.4028, 83107.0], [0.4029, 146441.0], [0.403, 201076.0], [0.4031, 185069.0], [0.4032, 223697.0], [0.4033, 242322.0], [0.4034, 324608.0], [0.4035, 259071.0], [0.4036, 197895.0], [0.4037, 188901.0], [0.4038, 225333.0], [0.4039, 239223.0], [0.404, 225247.0], [0.4041, 193503.0], [0.4042, 126565.0], [0.4043, 160258.0], [0.4044, 153410.0], [0.4045, 174777.0], [0.4046, 244198.0], [0.4047, 236235.0]], "timestamp": "2025-12-15T09:31:50.546744+00:00"}, {"symbol": "ADAUSDT", "bids": [[0.4028, 105141.0], [0.4027, 271017.0], [0.4026, 373173.0], [0.4025, 416666.0], [0.4024, 263789.0], [0.4023, 221586.0], [0.4022, 255670.0], [0.4021, 212144.0], [0.402, 203244.0], [0.4019, 155782.0], [0.4018, 196355.0], [0.4017, 138880.0], [0.4016, 149312.0], [0.4015, 164759.0], [0.4014, 276364.0], [0.4013, 203520.0], [0.4012, 183986.0], [0.4011, 124936.0], [0.401, 161849.0], [0.4009, 291465.0]], "asks": [[0.4029, 78156.0], [0.403, 253655.0], [0.4031, 264048.0], [0.4032, 146471.0], [0.4033, 318485.0], [0.4034, 262867.0], [0.4035, 372931.0], [0.4036, 172315.0], [0.4037, 189400.0], [0.4038, 194927.0], [0.4039, 271186.0], [0.404, 219911.0], [0.4041, 178876.0], [0.4042, 142156.0], [0.4043, 152058.0], [0.4044, 145993.0], [0.4045, 180887.0], [0.4046, 262802.0], [0.4047, 243632.0], [0.4048, 129315.0]], "timestamp": "2025-12-15T09:32:44.000224+00:00"}, {"symbol": "ADAUSDT", "bids": [[0.4024, 34615.0], [0.4023, 178815.0], [0.4022, 251626.0], [0.4021, 273223.0], [0.402, 434891.0], [0.4019, 186661.0], [0.4018, 194045.0], [0.4017, 206565.0], [0.4016, 177505.0], [0.4015, 256765.0], [0.4014, 156914.0], [0.4013, 204604.0], [0.4012, 167123.0], [0.4011, 197693.0], [0.401, 175232.0], [0.4009, 311318.0], [0.4008, 215624.0], [0.4007, 180664.0], [0.4006, 256668.0], [0.4005, 248233.0]], "asks": [[0.4025, 159464.0], [0.4026, 217239.0], [0.4027, 320574.0], [0.4028, 247482.0], [0.4029, 276265.0], [0.403, 329620.0], [0.4031, 293424.0], [0.4032, 276095.0], [0.4033, 334589.0], [0.4034, 180897.0], [0.4035, 181521.0], [0.4036, 252630.0], [0.4037, 139004.0], [0.4038, 180232.0], [0.4039, 171577.0], [0.404, 124961.0], [0.4041, 196771.0], [0.4042, 177980.0], [0.4043, 145132.0], [0.4044, 121758.0]], "timestamp": "2025-12-15T09:33:37.863160+00:00"}, {"symbol": "ADAUSDT", "bids": [[0.4024, 85847.0], [0.4023, 271241.0], [0.4022, 271436.0], [0.4021, 377374.0], [0.402, 260664.0], [0.4019, 283640.0], [0.4018, 187893.0], [0.4017, 173994.0], [0.4016, 179807.0], [0.4015, 146449.0], [0.4014, 184230.0], [0.4013, 215601.0], [0.4012, 238698.0], [0.4011, 158347.0], [0.401, 150150.0], [0.4009, 185475.0], [0.4008, 139083.0], [0.4007, 190411.0], [0.4006, 257257.0], [0.4005, 310977.0]], "asks": [[0.4025, 93969.0], [0.4026, 182441.0], [0.4027, 331833.0], [0.4028, 181566.0], [0.4029, 281786.0], [0.403, 309695.0], [0.4031, 325156.0], [0.4032, 321416.0], [0.4033, 307350.0], [0.4034, 148859.0], [0.4035, 228058.0], [0.4036, 139286.0], [0.4037, 163263.0], [0.4038, 269568.0], [0.4039, 160263.0], [0.404, 124976.0], [0.4041, 188747.0], [0.4042, 118358.0], [0.4043, 145119.0], [0.4044, 114293.0]], "timestamp": "2025-12-15T09:34:31.828886+00:00"}, {"symbol": "ADAUSDT", "bids": [[0.4025, 72927.0], [0.4024, 163559.0], [0.4023, 401886.0], [0.4022, 224118.0], [0.4021, 393185.0], [0.402, 263619.0], [0.4019, 240403.0], [0.4018, 205927.0], [0.4017, 141822.0], [0.4016, 180508.0], [0.4015, 168448.0], [0.4014, 196647.0], [0.4013, 322375.0], [0.4012, 164152.0], [0.4011, 156126.0], [0.401, 147172.0], [0.4009, 168707.0], [0.4008, 139098.0], [0.4007, 190381.0], [0.4006, 346588.0]], "asks": [[0.4026, 170074.0], [0.4027, 230853.0], [0.4028, 206726.0], [0.4029, 241758.0], [0.403, 323007.0], [0.4031, 239732.0], [0.4032, 310583.0], [0.4033, 319364.0], [0.4034, 253467.0], [0.4035, 154301.0], [0.4036, 116946.0], [0.4037, 216019.0], [0.4038, 321074.0], [0.4039, 161352.0], [0.404, 124961.0], [0.4041, 188235.0], [0.4042, 118288.0], [0.4043, 145155.0], [0.4044, 113089.0], [0.4045, 156164.0]], "timestamp": "2025-12-15T09:35:25.486979+00:00"}, {"symbol": "ADAUSDT", "bids": [[0.4026, 161495.0], [0.4025, 247308.0], [0.4024, 303845.0], [0.4023, 351811.0], [0.4022, 340740.0], [0.4021, 298809.0], [0.402, 226096.0], [0.4019, 189976.0], [0.4018, 176127.0], [0.4017, 173846.0], [0.4016, 231249.0], [0.4015, 288031.0], [0.4014, 155377.0], [0.4013, 202886.0], [0.4012, 164152.0], [0.4011, 166050.0], [0.401, 140558.0], [0.4009, 143769.0], [0.4008, 141902.0], [0.4007, 291818.0]], "asks": [[0.4027, 20099.0], [0.4028, 108062.0], [0.4029, 289554.0], [0.403, 296529.0], [0.4031, 223028.0], [0.4032, 189715.0], [0.4033, 430398.0], [0.4034, 315516.0], [0.4035, 151291.0], [0.4036, 149733.0], [0.4037, 248746.0], [0.4038, 222230.0], [0.4039, 215569.0], [0.404, 240981.0], [0.4041, 158220.0], [0.4042, 125184.0], [0.4043, 145155.0], [0.4044, 113104.0], [0.4045, 156164.0], [0.4046, 244227.0]], "timestamp": "2025-12-15T09:36:18.956302+00:00"}, {"symbol": "ADAUSDT", "bids": [[0.4025, 61122.0], [0.4024, 206323.0], [0.4023, 407293.0], [0.4022, 229444.0], [0.4021, 425244.0], [0.402, 228416.0], [0.4019, 162857.0], [0.4018, 182111.0], [0.4017, 259726.0], [0.4016, 216132.0], [0.4015, 188397.0], [0.4014, 154606.0], [0.4013, 236039.0], [0.4012, 167068.0], [0.4011, 163134.0], [0.401, 172306.0], [0.4009, 150003.0], [0.4008, 133787.0], [0.4007, 203012.0], [0.4006, 371928.0]], "asks": [[0.4026, 144949.0], [0.4027, 199114.0], [0.4028, 301654.0], [0.4029, 343482.0], [0.403, 292329.0], [0.4031, 246584.0], [0.4032, 303546.0], [0.4033, 346233.0], [0.4034, 196534.0], [0.4035, 161650.0], [0.4036, 198371.0], [0.4037, 233623.0], [0.4038, 190417.0], [0.4039, 212112.0], [0.404, 145126.0], [0.4041, 255082.0], [0.4042, 129578.0], [0.4043, 146165.0], [0.4044, 112094.0], [0.4045, 155089.0]], "timestamp": "2025-12-15T09:37:12.701006+00:00"}, {"symbol": "ADAUSDT", "bids": [[0.4026, 113783.0], [0.4025, 265991.0], [0.4024, 321007.0], [0.4023, 394500.0], [0.4022, 224807.0], [0.4021, 382845.0], [0.402, 331968.0], [0.4019, 241210.0], [0.4018, 154669.0], [0.4017, 123938.0], [0.4016, 131896.0], [0.4015, 144885.0], [0.4014, 274064.0], [0.4013, 205938.0], [0.4012, 167142.0], [0.4011, 163134.0], [0.401, 165980.0], [0.4009, 150003.0], [0.4008, 145868.0], [0.4007, 292139.0]], "asks": [[0.4027, 112869.0], [0.4028, 275989.0], [0.4029, 341343.0], [0.403, 264725.0], [0.4031, 244503.0], [0.4032, 219737.0], [0.4033, 477330.0], [0.4034, 186381.0], [0.4035, 148622.0], [0.4036, 136794.0], [0.4037, 207973.0], [0.4038, 191071.0], [0.4039, 276456.0], [0.404, 134974.0], [0.4041, 165793.0], [0.4042, 136474.0], [0.4043, 146661.0], [0.4044, 136822.0], [0.4045, 155074.0], [0.4046, 276022.0]], "timestamp": "2025-12-15T09:38:06.518746+00:00"}, {"symbol": "ADAUSDT", "bids": [[0.4026, 187586.0], [0.4025, 267290.0], [0.4024, 311963.0], [0.4023, 335156.0], [0.4022, 445353.0], [0.4021, 221445.0], [0.402, 251969.0], [0.4019, 213361.0], [0.4018, 161210.0], [0.4017, 170044.0], [0.4016, 128437.0], [0.4015, 157892.0], [0.4014, 274059.0], [0.4013, 205938.0], [0.4012, 167142.0], [0.4011, 163630.0], [0.401, 165487.0], [0.4009, 150003.0], [0.4008, 149184.0], [0.4007, 291135.0]], "asks": [[0.4027, 8358.0], [0.4028, 153017.0], [0.4029, 309829.0], [0.403, 232717.0], [0.4031, 277090.0], [0.4032, 196297.0], [0.4033, 411352.0], [0.4034, 177475.0], [0.4035, 216869.0], [0.4036, 175285.0], [0.4037, 210726.0], [0.4038, 215376.0], [0.4039, 288243.0], [0.404, 146159.0], [0.4041, 165793.0], [0.4042, 136474.0], [0.4043, 146165.0], [0.4044, 136822.0], [0.4045, 155074.0], [0.4046, 276022.0]], "timestamp": "2025-12-15T09:39:00.427630+00:00"}, {"symbol": "ADAUSDT", "bids": [[0.4029, 129503.0], [0.4028, 209722.0], [0.4027, 362173.0], [0.4026, 369865.0], [0.4025, 357072.0], [0.4024, 320394.0], [0.4023, 275567.0], [0.4022, 196677.0], [0.4021, 203923.0], [0.402, 260036.0], [0.4019, 223096.0], [0.4018, 270435.0], [0.4017, 168167.0], [0.4016, 137113.0], [0.4015, 175302.0], [0.4014, 151936.0], [0.4013, 190975.0], [0.4012, 104937.0], [0.4011, 132597.0], [0.401, 230510.0]], "asks": [[0.403, 87389.0], [0.4031, 201311.0], [0.4032, 254948.0], [0.4033, 236584.0], [0.4034, 278429.0], [0.4035, 230163.0], [0.4036, 257047.0], [0.4037, 311966.0], [0.4038, 236815.0], [0.4039, 275018.0], [0.404, 226026.0], [0.4041, 169308.0], [0.4042, 238275.0], [0.4043, 172207.0], [0.4044, 146216.0], [0.4045, 162172.0], [0.4046, 300740.0], [0.4047, 195209.0], [0.4048, 129346.0], [0.4049, 139305.0]], "timestamp": "2025-12-15T09:39:54.085751+00:00"}, {"symbol": "ADAUSDT", "bids": [[0.4031, 81403.0], [0.403, 235990.0], [0.4029, 295853.0], [0.4028, 351672.0], [0.4027, 442078.0], [0.4026, 309969.0], [0.4025, 300220.0], [0.4024, 215540.0], [0.4023, 268817.0], [0.4022, 203493.0], [0.4021, 228135.0], [0.402, 274151.0], [0.4019, 299164.0], [0.4018, 151996.0], [0.4017, 188581.0], [0.4016, 153660.0], [0.4015, 178477.0], [0.4014, 121910.0], [0.4013, 158814.0], [0.4012, 200885.0]], "asks": [[0.4032, 61725.0], [0.4033, 215499.0], [0.4034, 210692.0], [0.4035, 260882.0], [0.4036, 198591.0], [0.4037, 236141.0], [0.4038, 306124.0], [0.4039, 390509.0], [0.404, 147321.0], [0.4041, 237371.0], [0.4042, 165470.0], [0.4043, 236136.0], [0.4044, 188710.0], [0.4045, 236316.0], [0.4046, 331504.0], [0.4047, 186463.0], [0.4048, 96959.0], [0.4049, 161362.0], [0.405, 171865.0], [0.4051, 110261.0]], "timestamp": "2025-12-15T09:40:47.846608+00:00"}, {"symbol": "ADAUSDT", "bids": [[0.4028, 99519.0], [0.4027, 325831.0], [0.4026, 388127.0], [0.4025, 384589.0], [0.4024, 254459.0], [0.4023, 363946.0], [0.4022, 230501.0], [0.4021, 198434.0], [0.402, 232378.0], [0.4019, 186162.0], [0.4018, 170081.0], [0.4017, 305143.0], [0.4016, 140525.0], [0.4015, 198955.0], [0.4014, 153742.0], [0.4013, 153224.0], [0.4012, 136535.0], [0.4011, 191555.0], [0.401, 132706.0], [0.4009, 264046.0]], "asks": [[0.4029, 72690.0], [0.403, 152741.0], [0.4031, 320195.0], [0.4032, 214440.0], [0.4033, 227643.0], [0.4034, 232775.0], [0.4035, 421230.0], [0.4036, 381837.0], [0.4037, 199669.0], [0.4038, 182120.0], [0.4039, 250857.0], [0.404, 116974.0], [0.4041, 234277.0], [0.4042, 243789.0], [0.4043, 133989.0], [0.4044, 157145.0], [0.4045, 134565.0], [0.4046, 257154.0], [0.4047, 160335.0], [0.4048, 96929.0]], "timestamp": "2025-12-15T09:41:41.709427+00:00"}, {"symbol": "ADAUSDT", "bids": [[0.4027, 221405.0], [0.4026, 340332.0], [0.4025, 276710.0], [0.4024, 251350.0], [0.4023, 415398.0], [0.4022, 286707.0], [0.4021, 243673.0], [0.402, 191902.0], [0.4019, 180112.0], [0.4018, 183884.0], [0.4017, 207274.0], [0.4016, 244355.0], [0.4015, 214267.0], [0.4014, 153742.0], [0.4013, 153198.0], [0.4012, 128417.0], [0.4011, 195196.0], [0.401, 156043.0], [0.4009, 366223.0], [0.4008, 163339.0]], "asks": [[0.4028, 50697.0], [0.4029, 147038.0], [0.403, 305211.0], [0.4031, 268341.0], [0.4032, 230741.0], [0.4033, 263178.0], [0.4034, 332131.0], [0.4035, 298940.0], [0.4036, 298037.0], [0.4037, 303037.0], [0.4038, 213215.0], [0.4039, 167597.0], [0.404, 107565.0], [0.4041, 252669.0], [0.4042, 249441.0], [0.4043, 134939.0], [0.4044, 140050.0], [0.4045, 122433.0], [0.4046, 237263.0], [0.4047, 185050.0]], "timestamp": "2025-12-15T09:42:35.572725+00:00"}, {"symbol": "ADAUSDT", "bids": [[0.4029, 131428.0], [0.4028, 187320.0], [0.4027, 268953.0], [0.4026, 459690.0], [0.4025, 199019.0], [0.4024, 288809.0], [0.4023, 228431.0], [0.4022, 143320.0], [0.4021, 237726.0], [0.402, 184306.0], [0.4019, 203496.0], [0.4018, 251703.0], [0.4017, 199112.0], [0.4016, 102271.0], [0.4015, 171085.0], [0.4014, 134843.0], [0.4013, 133590.0], [0.4012, 97309.0], [0.4011, 177335.0], [0.401, 209147.0]], "asks": [[0.403, 85382.0], [0.4031, 124121.0], [0.4032, 276236.0], [0.4033, 209240.0], [0.4034, 159652.0], [0.4035, 281509.0], [0.4036, 316963.0], [0.4037, 270211.0], [0.4038, 171412.0], [0.4039, 215048.0], [0.404, 167218.0], [0.4041, 236130.0], [0.4042, 238997.0], [0.4043, 141887.0], [0.4044, 130596.0], [0.4045, 99216.0], [0.4046, 212328.0], [0.4047, 174808.0], [0.4048, 82543.0], [0.4049, 134959.0]], "timestamp": "2025-12-15T09:43:29.128186+00:00"}, {"symbol": "ADAUSDT", "bids": [[0.4029, 139696.0], [0.4028, 237361.0], [0.4027, 334488.0], [0.4026, 463064.0], [0.4025, 261257.0], [0.4024, 307919.0], [0.4023, 287426.0], [0.4022, 223006.0], [0.4021, 236326.0], [0.402, 211290.0], [0.4019, 227977.0], [0.4018, 250966.0], [0.4017, 194342.0], [0.4016, 115900.0], [0.4015, 171670.0], [0.4014, 158214.0], [0.4013, 174100.0], [0.4012, 127265.0], [0.4011, 216181.0], [0.401, 238900.0]], "asks": [[0.403, 104096.0], [0.4031, 176218.0], [0.4032, 293211.0], [0.4033, 222422.0], [0.4034, 234649.0], [0.4035, 327030.0], [0.4036, 394618.0], [0.4037, 303598.0], [0.4038, 210759.0], [0.4039, 242168.0], [0.404, 206878.0], [0.4041, 257244.0], [0.4042, 155002.0], [0.4043, 238690.0], [0.4044, 150188.0], [0.4045, 130906.0], [0.4046, 243895.0], [0.4047, 242418.0], [0.4048, 262249.0], [0.4049, 155666.0]], "timestamp": "2025-12-15T09:44:22.581483+00:00"}, {"symbol": "ADAUSDT", "bids": [[0.403, 100657.0], [0.4029, 257984.0], [0.4028, 289466.0], [0.4027, 308495.0], [0.4026, 447779.0], [0.4025, 259153.0], [0.4024, 290939.0], [0.4023, 253349.0], [0.4022, 256622.0], [0.4021, 235966.0], [0.402, 242002.0], [0.4019, 300608.0], [0.4018, 132266.0], [0.4017, 199065.0], [0.4016, 137138.0], [0.4015, 141655.0], [0.4014, 150900.0], [0.4013, 149159.0], [0.4012, 139333.0], [0.4011, 292763.0]], "asks": [[0.4031, 74676.0], [0.4032, 215229.0], [0.4033, 228662.0], [0.4034, 212301.0], [0.4035, 322158.0], [0.4036, 256204.0], [0.4037, 362525.0], [0.4038, 214330.0], [0.4039, 262965.0], [0.404, 214533.0], [0.4041, 278236.0], [0.4042, 164248.0], [0.4043, 174963.0], [0.4044, 241819.0], [0.4045, 125901.0], [0.4046, 250757.0], [0.4047, 242418.0], [0.4048, 262249.0], [0.4049, 155610.0], [0.405, 163562.0]], "timestamp": "2025-12-15T09:45:16.547260+00:00"}, {"symbol": "ADAUSDT", "bids": [[0.403, 124419.0], [0.4029, 257330.0], [0.4028, 275274.0], [0.4027, 434671.0], [0.4026, 328285.0], [0.4025, 325438.0], [0.4024, 213720.0], [0.4023, 245529.0], [0.4022, 216911.0], [0.4021, 248164.0], [0.402, 282448.0], [0.4019, 195701.0], [0.4018, 251320.0], [0.4017, 200152.0], [0.4016, 136098.0], [0.4015, 147243.0], [0.4014, 150900.0], [0.4013, 149655.0], [0.4012, 138838.0], [0.4011, 292767.0]], "asks": [[0.4031, 121975.0], [0.4032, 221636.0], [0.4033, 230119.0], [0.4034, 188969.0], [0.4035, 343044.0], [0.4036, 281698.0], [0.4037, 392256.0], [0.4038, 206886.0], [0.4039, 222457.0], [0.404, 201237.0], [0.4041, 293991.0], [0.4042, 157747.0], [0.4043, 164150.0], [0.4044, 241602.0], [0.4045, 125901.0], [0.4046, 251253.0], [0.4047, 242418.0], [0.4048, 292249.0], [0.4049, 125610.0], [0.405, 163534.0]], "timestamp": "2025-12-15T09:46:10.409848+00:00"}, {"symbol": "ADAUSDT", "bids": [[0.4028, 73960.0], [0.4027, 225497.0], [0.4026, 412157.0], [0.4025, 267666.0], [0.4024, 394182.0], [0.4023, 307365.0], [0.4022, 259819.0], [0.4021, 244604.0], [0.402, 261473.0], [0.4019, 185495.0], [0.4018, 187787.0], [0.4017, 216995.0], [0.4016, 255142.0], [0.4015, 147625.0], [0.4014, 157796.0], [0.4013, 180995.0], [0.4012, 125325.0], [0.4011, 192556.0], [0.401, 178771.0], [0.4009, 373692.0]], "asks": [[0.4029, 85335.0], [0.403, 251541.0], [0.4031, 281730.0], [0.4032, 254946.0], [0.4033, 214400.0], [0.4034, 213140.0], [0.4035, 486296.0], [0.4036, 269138.0], [0.4037, 256262.0], [0.4038, 190842.0], [0.4039, 212968.0], [0.404, 169717.0], [0.4041, 262119.0], [0.4042, 224716.0], [0.4043, 142996.0], [0.4044, 141188.0], [0.4045, 118769.0], [0.4046, 268583.0], [0.4047, 217688.0], [0.4048, 292223.0]], "timestamp": "2025-12-15T09:47:03.966075+00:00"}, {"symbol": "ADAUSDT", "bids": [[0.4029, 111391.0], [0.4028, 154319.0], [0.4027, 308610.0], [0.4026, 366386.0], [0.4025, 358221.0], [0.4024, 250888.0], [0.4023, 335781.0], [0.4022, 225414.0], [0.4021, 214110.0], [0.402, 255032.0], [0.4019, 156088.0], [0.4018, 180390.0], [0.4017, 319558.0], [0.4016, 136083.0], [0.4015, 180476.0], [0.4014, 157796.0], [0.4013, 149189.0], [0.4012, 125264.0], [0.4011, 209592.0], [0.401, 268058.0]], "asks": [[0.403, 122646.0], [0.4031, 193687.0], [0.4032, 333731.0], [0.4033, 229200.0], [0.4034, 187225.0], [0.4035, 352004.0], [0.4036, 362306.0], [0.4037, 313821.0], [0.4038, 197208.0], [0.4039, 227057.0], [0.404, 180055.0], [0.4041, 268139.0], [0.4042, 235897.0], [0.4043, 142226.0], [0.4044, 140927.0], [0.4045, 126109.0], [0.4046, 268583.0], [0.4047, 217688.0], [0.4048, 304530.0], [0.4049, 134210.0]], "timestamp": "2025-12-15T09:47:57.726681+00:00"}, {"symbol": "ADAUSDT", "bids": [[0.4026, 129756.0], [0.4025, 267798.0], [0.4024, 303328.0], [0.4023, 303598.0], [0.4022, 388504.0], [0.4021, 339829.0], [0.402, 253914.0], [0.4019, 140813.0], [0.4018, 154534.0], [0.4017, 192470.0], [0.4016, 153763.0], [0.4015, 266448.0], [0.4014, 160844.0], [0.4013, 180968.0], [0.4012, 132145.0], [0.4011, 231607.0], [0.401, 179022.0], [0.4009, 304342.0], [0.4008, 192160.0], [0.4007, 309497.0]], "asks": [[0.4027, 20748.0], [0.4028, 168836.0], [0.4029, 288313.0], [0.403, 308406.0], [0.4031, 268796.0], [0.4032, 284116.0], [0.4033, 375303.0], [0.4034, 317480.0], [0.4035, 291453.0], [0.4036, 254807.0], [0.4037, 207456.0], [0.4038, 162614.0], [0.4039, 164685.0], [0.404, 191865.0], [0.4041, 251538.0], [0.4042, 128649.0], [0.4043, 127810.0], [0.4044, 133796.0], [0.4045, 121256.0], [0.4046, 268596.0]], "timestamp": "2025-12-15T09:48:51.282740+00:00"}, {"symbol": "ADAUSDT", "bids": [[0.4028, 156499.0], [0.4027, 251038.0], [0.4026, 270361.0], [0.4025, 271110.0], [0.4024, 402558.0], [0.4023, 283727.0], [0.4022, 303116.0], [0.4021, 253031.0], [0.402, 265036.0], [0.4019, 152992.0], [0.4018, 184016.0], [0.4017, 206805.0], [0.4016, 255377.0], [0.4015, 147373.0], [0.4014, 135582.0], [0.4013, 180968.0], [0.4012, 125249.0], [0.4011, 208006.0], [0.401, 205557.0], [0.4009, 390178.0]], "asks": [[0.4029, 54587.0], [0.403, 226666.0], [0.4031, 282819.0], [0.4032, 248079.0], [0.4033, 265633.0], [0.4034, 219202.0], [0.4035, 411680.0], [0.4036, 367321.0], [0.4037, 231583.0], [0.4038, 186597.0], [0.4039, 177683.0], [0.404, 128823.0], [0.4041, 279655.0], [0.4042, 217746.0], [0.4043, 134499.0], [0.4044, 146454.0], [0.4045, 147194.0], [0.4046, 233457.0], [0.4047, 216416.0], [0.4048, 302642.0]], "timestamp": "2025-12-15T09:49:46.681679+00:00"}, {"symbol": "ADAUSDT", "bids": [[0.4031, 3420.0], [0.403, 200887.0], [0.4029, 304233.0], [0.4028, 269894.0], [0.4027, 359740.0], [0.4026, 229033.0], [0.4025, 270597.0], [0.4024, 238146.0], [0.4023, 272736.0], [0.4022, 219124.0], [0.4021, 282545.0], [0.402, 258310.0], [0.4019, 111223.0], [0.4018, 328969.0], [0.4017, 133145.0], [0.4016, 146899.0], [0.4015, 139460.0], [0.4014, 113339.0], [0.4013, 111121.0], [0.4012, 252466.0]], "asks": [[0.4032, 171673.0], [0.4033, 243587.0], [0.4034, 225478.0], [0.4035, 265924.0], [0.4036, 197584.0], [0.4037, 232455.0], [0.4038, 354091.0], [0.4039, 296286.0], [0.404, 151795.0], [0.4041, 290406.0], [0.4042, 223555.0], [0.4043, 303407.0], [0.4044, 165064.0], [0.4045, 174040.0], [0.4046, 193627.0], [0.4047, 289464.0], [0.4048, 295962.0], [0.4049, 106413.0], [0.405, 292290.0], [0.4051, 112534.0]], "timestamp": "2025-12-15T09:50:40.750864+00:00"}, {"symbol": "ADAUSDT", "bids": [[0.4036, 137831.0], [0.4035, 195389.0], [0.4034, 226214.0], [0.4033, 137378.0], [0.4032, 331192.0], [0.4031, 90702.0], [0.403, 179534.0], [0.4029, 121027.0], [0.4028, 108301.0], [0.4027, 136503.0], [0.4026, 186502.0], [0.4025, 221747.0], [0.4024, 232656.0], [0.4023, 161943.0], [0.4022, 177540.0], [0.4021, 321626.0], [0.402, 253108.0], [0.4019, 141833.0], [0.4018, 202326.0], [0.4017, 149168.0]], "asks": [[0.4037, 115730.0], [0.4038, 148306.0], [0.4039, 298075.0], [0.404, 222205.0], [0.4041, 219462.0], [0.4042, 187737.0], [0.4043, 314965.0], [0.4044, 226224.0], [0.4045, 334028.0], [0.4046, 287092.0], [0.4047, 246982.0], [0.4048, 340520.0], [0.4049, 136968.0], [0.405, 212617.0], [0.4051, 152578.0], [0.4052, 129383.0], [0.4053, 148934.0], [0.4054, 132213.0], [0.4055, 205098.0], [0.4056, 64068.0]], "timestamp": "2025-12-15T09:51:34.305675+00:00"}, {"symbol": "ADAUSDT", "bids": [[0.4031, 86705.0], [0.403, 115653.0], [0.4029, 210243.0], [0.4028, 128825.0], [0.4027, 237388.0], [0.4026, 138888.0], [0.4025, 156868.0], [0.4024, 214845.0], [0.4023, 120917.0], [0.4022, 115418.0], [0.4021, 236975.0], [0.402, 362041.0], [0.4019, 94473.0], [0.4018, 183817.0], [0.4017, 121362.0], [0.4016, 225835.0], [0.4015, 197609.0], [0.4014, 418940.0], [0.4013, 118980.0], [0.4012, 187214.0]], "asks": [[0.4032, 167303.0], [0.4033, 191535.0], [0.4034, 288577.0], [0.4035, 329202.0], [0.4036, 234510.0], [0.4037, 247614.0], [0.4038, 325435.0], [0.4039, 303178.0], [0.404, 244540.0], [0.4041, 294476.0], [0.4042, 276787.0], [0.4043, 217055.0], [0.4044, 267984.0], [0.4045, 140398.0], [0.4046, 145197.0], [0.4047, 209306.0], [0.4048, 355872.0], [0.4049, 159475.0], [0.405, 149548.0], [0.4051, 82221.0]], "timestamp": "2025-12-15T09:52:28.065815+00:00"}, {"symbol": "ADAUSDT", "bids": [[0.4037, 156202.0], [0.4036, 319495.0], [0.4035, 245213.0], [0.4034, 232703.0], [0.4033, 282661.0], [0.4032, 319796.0], [0.4031, 161580.0], [0.403, 180562.0], [0.4029, 143426.0], [0.4028, 104791.0], [0.4027, 128164.0], [0.4026, 227968.0], [0.4025, 101740.0], [0.4024, 237145.0], [0.4023, 135528.0], [0.4022, 190708.0], [0.4021, 265363.0], [0.402, 191496.0], [0.4019, 204166.0], [0.4018, 137027.0]], "asks": [[0.4038, 91447.0], [0.4039, 180385.0], [0.404, 277118.0], [0.4041, 192302.0], [0.4042, 172415.0], [0.4043, 195772.0], [0.4044, 317902.0], [0.4045, 212368.0], [0.4046, 263159.0], [0.4047, 338828.0], [0.4048, 332819.0], [0.4049, 174186.0], [0.405, 183654.0], [0.4051, 229454.0], [0.4052, 184795.0], [0.4053, 207474.0], [0.4054, 211265.0], [0.4055, 168034.0], [0.4056, 102723.0], [0.4057, 102642.0]], "timestamp": "2025-12-15T09:53:21.724256+00:00"}, {"symbol": "ADAUSDT", "bids": [[0.4034, 92638.0], [0.4033, 154979.0], [0.4032, 322934.0], [0.4031, 184267.0], [0.403, 324573.0], [0.4029, 133846.0], [0.4028, 148317.0], [0.4027, 197622.0], [0.4026, 151987.0], [0.4025, 134244.0], [0.4024, 207909.0], [0.4023, 204292.0], [0.4022, 220945.0], [0.4021, 225037.0], [0.402, 200926.0], [0.4019, 211752.0], [0.4018, 160282.0], [0.4017, 85384.0], [0.4016, 170039.0], [0.4015, 178457.0]], "asks": [[0.4035, 84369.0], [0.4036, 344613.0], [0.4037, 275468.0], [0.4038, 208929.0], [0.4039, 225244.0], [0.404, 269777.0], [0.4041, 367319.0], [0.4042, 278355.0], [0.4043, 201275.0], [0.4044, 211457.0], [0.4045, 193488.0], [0.4046, 198082.0], [0.4047, 312651.0], [0.4048, 303224.0], [0.4049, 80126.0], [0.405, 191044.0], [0.4051, 87647.0], [0.4052, 200845.0], [0.4053, 176293.0], [0.4054, 211425.0]], "timestamp": "2025-12-15T09:54:15.382679+00:00"}, {"symbol": "ADAUSDT", "bids": [[0.4037, 72245.0], [0.4036, 256163.0], [0.4035, 225122.0], [0.4034, 292119.0], [0.4033, 320148.0], [0.4032, 260803.0], [0.4031, 154111.0], [0.403, 271686.0], [0.4029, 174489.0], [0.4028, 111106.0], [0.4027, 175562.0], [0.4026, 226546.0], [0.4025, 140321.0], [0.4024, 262245.0], [0.4023, 270909.0], [0.4022, 124431.0], [0.4021, 229773.0], [0.402, 182888.0], [0.4019, 94410.0], [0.4018, 238918.0]], "asks": [[0.4038, 100218.0], [0.4039, 183006.0], [0.404, 266754.0], [0.4041, 235091.0], [0.4042, 200491.0], [0.4043, 225316.0], [0.4044, 312531.0], [0.4045, 285371.0], [0.4046, 171301.0], [0.4047, 296089.0], [0.4048, 401349.0], [0.4049, 113379.0], [0.405, 189014.0], [0.4051, 223307.0], [0.4052, 211175.0], [0.4053, 218676.0], [0.4054, 211250.0], [0.4055, 208063.0], [0.4056, 103454.0], [0.4057, 82459.0]], "timestamp": "2025-12-15T09:55:10.371730+00:00"}, {"symbol": "ADAUSDT", "bids": [[0.4036, 12834.0], [0.4035, 125700.0], [0.4034, 299552.0], [0.4033, 162909.0], [0.4032, 403473.0], [0.4031, 232435.0], [0.403, 199918.0], [0.4029, 92691.0], [0.4028, 108631.0], [0.4027, 134478.0], [0.4026, 245034.0], [0.4025, 246784.0], [0.4024, 258811.0], [0.4023, 218026.0], [0.4022, 138354.0], [0.4021, 224743.0], [0.402, 160766.0], [0.4019, 181629.0], [0.4018, 165883.0], [0.4017, 267495.0]], "asks": [[0.4037, 203087.0], [0.4038, 210937.0], [0.4039, 278048.0], [0.404, 256276.0], [0.4041, 235143.0], [0.4042, 200719.0], [0.4043, 267972.0], [0.4044, 262992.0], [0.4045, 369335.0], [0.4046, 147041.0], [0.4047, 276902.0], [0.4048, 376438.0], [0.4049, 109199.0], [0.405, 219190.0], [0.4051, 208663.0], [0.4052, 164680.0], [0.4053, 219150.0], [0.4054, 211265.0], [0.4055, 184904.0], [0.4056, 78780.0]], "timestamp": "2025-12-15T09:56:04.336830+00:00"}, {"symbol": "ADAUSDT", "bids": [[0.4034, 128476.0], [0.4033, 153770.0], [0.4032, 260802.0], [0.4031, 278162.0], [0.403, 341728.0], [0.4029, 192187.0], [0.4028, 131952.0], [0.4027, 154167.0], [0.4026, 162860.0], [0.4025, 128674.0], [0.4024, 217696.0], [0.4023, 270688.0], [0.4022, 101802.0], [0.4021, 241400.0], [0.402, 168242.0], [0.4019, 209674.0], [0.4018, 138415.0], [0.4017, 77278.0], [0.4016, 134929.0], [0.4015, 267627.0]], "asks": [[0.4035, 85995.0], [0.4036, 192406.0], [0.4037, 390627.0], [0.4038, 340946.0], [0.4039, 242614.0], [0.404, 240900.0], [0.4041, 356172.0], [0.4042, 257165.0], [0.4043, 280748.0], [0.4044, 224559.0], [0.4045, 296197.0], [0.4046, 127669.0], [0.4047, 293836.0], [0.4048, 330449.0], [0.4049, 179571.0], [0.405, 184416.0], [0.4051, 99101.0], [0.4052, 157561.0], [0.4053, 194886.0], [0.4054, 220348.0]], "timestamp": "2025-12-15T09:56:58.199971+00:00"}, {"symbol": "ADAUSDT", "bids": [[0.4033, 149400.0], [0.4032, 223787.0], [0.4031, 395908.0], [0.403, 383348.0], [0.4029, 250851.0], [0.4028, 183033.0], [0.4027, 182595.0], [0.4026, 147256.0], [0.4025, 239358.0], [0.4024, 243963.0], [0.4023, 183144.0], [0.4022, 115932.0], [0.4021, 171031.0], [0.402, 170626.0], [0.4019, 261986.0], [0.4018, 182311.0], [0.4017, 88267.0], [0.4016, 129784.0], [0.4015, 253975.0], [0.4014, 134527.0]], "asks": [[0.4034, 9558.0], [0.4035, 134572.0], [0.4036, 157628.0], [0.4037, 239100.0], [0.4038, 316637.0], [0.4039, 230160.0], [0.404, 341836.0], [0.4041, 225565.0], [0.4042, 217334.0], [0.4043, 180121.0], [0.4044, 246181.0], [0.4045, 258741.0], [0.4046, 188915.0], [0.4047, 343769.0], [0.4048, 315919.0], [0.4049, 83464.0], [0.405, 149004.0], [0.4051, 138898.0], [0.4052, 192416.0], [0.4053, 197597.0]], "timestamp": "2025-12-15T09:57:51.858346+00:00"}, {"symbol": "ADAUSDT", "bids": [[0.4033, 77027.0], [0.4032, 176103.0], [0.4031, 393799.0], [0.403, 388146.0], [0.4029, 235389.0], [0.4028, 258248.0], [0.4027, 161774.0], [0.4026, 253806.0], [0.4025, 111686.0], [0.4024, 246811.0], [0.4023, 137837.0], [0.4022, 234773.0], [0.4021, 210820.0], [0.402, 146235.0], [0.4019, 136610.0], [0.4018, 164234.0], [0.4017, 78461.0], [0.4016, 153891.0], [0.4015, 257415.0], [0.4014, 214695.0]], "asks": [[0.4034, 128625.0], [0.4035, 98939.0], [0.4036, 172784.0], [0.4037, 318205.0], [0.4038, 283066.0], [0.4039, 257084.0], [0.404, 305533.0], [0.4041, 233865.0], [0.4042, 316357.0], [0.4043, 183790.0], [0.4044, 198251.0], [0.4045, 218402.0], [0.4046, 153031.0], [0.4047, 356014.0], [0.4048, 305350.0], [0.4049, 103220.0], [0.405, 187524.0], [0.4051, 139377.0], [0.4052, 189336.0], [0.4053, 194642.0]], "timestamp": "2025-12-15T09:58:45.826219+00:00"}, {"symbol": "ADAUSDT", "bids": [[0.4034, 124274.0], [0.4033, 287544.0], [0.4032, 265864.0], [0.4031, 415993.0], [0.403, 243942.0], [0.4029, 311430.0], [0.4028, 123892.0], [0.4027, 167447.0], [0.4026, 268104.0], [0.4025, 115510.0], [0.4024, 200274.0], [0.4023, 241779.0], [0.4022, 145455.0], [0.4021, 178642.0], [0.402, 137887.0], [0.4019, 136610.0], [0.4018, 157329.0], [0.4017, 93429.0], [0.4016, 277883.0], [0.4015, 336641.0]], "asks": [[0.4035, 118477.0], [0.4036, 95426.0], [0.4037, 321977.0], [0.4038, 269472.0], [0.4039, 226065.0], [0.404, 223139.0], [0.4041, 299471.0], [0.4042, 249055.0], [0.4043, 247390.0], [0.4044, 219623.0], [0.4045, 229648.0], [0.4046, 173896.0], [0.4047, 345335.0], [0.4048, 327359.0], [0.4049, 133715.0], [0.405, 205850.0], [0.4051, 139414.0], [0.4052, 189229.0], [0.4053, 194679.0], [0.4054, 219382.0]], "timestamp": "2025-12-15T09:59:39.789181+00:00"}, {"symbol": "ADAUSDT", "bids": [[0.4036, 54421.0], [0.4035, 238001.0], [0.4034, 265759.0], [0.4033, 278359.0], [0.4032, 350581.0], [0.4031, 269400.0], [0.403, 275400.0], [0.4029, 235518.0], [0.4028, 124094.0], [0.4027, 156231.0], [0.4026, 179472.0], [0.4025, 167133.0], [0.4024, 328749.0], [0.4023, 151097.0], [0.4022, 107410.0], [0.4021, 180203.0], [0.402, 123026.0], [0.4019, 74594.0], [0.4018, 132442.0], [0.4017, 93429.0]], "asks": [[0.4037, 155310.0], [0.4038, 239827.0], [0.4039, 293296.0], [0.404, 171168.0], [0.4041, 181647.0], [0.4042, 154308.0], [0.4043, 334022.0], [0.4044, 234717.0], [0.4045, 254835.0], [0.4046, 151478.0], [0.4047, 258630.0], [0.4048, 422324.0], [0.4049, 126128.0], [0.405, 306289.0], [0.4051, 151477.0], [0.4052, 188754.0], [0.4053, 195123.0], [0.4054, 235628.0], [0.4055, 139413.0], [0.4056, 99849.0]], "timestamp": "2025-12-15T10:00:33.959341+00:00"}, {"symbol": "ADAUSDT", "bids": [[0.4033, 218753.0], [0.4032, 262796.0], [0.4031, 278513.0], [0.403, 244843.0], [0.4029, 318566.0], [0.4028, 271544.0], [0.4027, 176564.0], [0.4026, 206146.0], [0.4025, 194549.0], [0.4024, 260094.0], [0.4023, 174566.0], [0.4022, 223979.0], [0.4021, 171234.0], [0.402, 157231.0], [0.4019, 110375.0], [0.4018, 166710.0], [0.4017, 107282.0], [0.4016, 290627.0], [0.4015, 259366.0], [0.4014, 227736.0]], "asks": [[0.4034, 40470.0], [0.4035, 144618.0], [0.4036, 177063.0], [0.4037, 284554.0], [0.4038, 266277.0], [0.4039, 322099.0], [0.404, 342174.0], [0.4041, 244473.0], [0.4042, 168266.0], [0.4043, 243501.0], [0.4044, 155594.0], [0.4045, 219642.0], [0.4046, 127028.0], [0.4047, 284456.0], [0.4048, 378294.0], [0.4049, 181569.0], [0.405, 171263.0], [0.4051, 139174.0], [0.4052, 229593.0], [0.4053, 261809.0]], "timestamp": "2025-12-15T10:01:27.640812+00:00"}, {"symbol": "ADAUSDT", "bids": [[0.4031, 130296.0], [0.403, 234892.0], [0.4029, 342760.0], [0.4028, 191887.0], [0.4027, 343387.0], [0.4026, 163745.0], [0.4025, 167651.0], [0.4024, 294891.0], [0.4023, 175639.0], [0.4022, 117838.0], [0.4021, 295649.0], [0.402, 116932.0], [0.4019, 152701.0], [0.4018, 215045.0], [0.4017, 139543.0], [0.4016, 313359.0], [0.4015, 249659.0], [0.4014, 151076.0], [0.4013, 339221.0], [0.4012, 179002.0]], "asks": [[0.4032, 60174.0], [0.4033, 145623.0], [0.4034, 173379.0], [0.4035, 288159.0], [0.4036, 220240.0], [0.4037, 254999.0], [0.4038, 403891.0], [0.4039, 315856.0], [0.404, 269238.0], [0.4041, 266600.0], [0.4042, 197110.0], [0.4043, 196030.0], [0.4044, 175706.0], [0.4045, 176338.0], [0.4046, 215281.0], [0.4047, 263437.0], [0.4048, 304583.0], [0.4049, 98172.0], [0.405, 171262.0], [0.4051, 114262.0]], "timestamp": "2025-12-15T10:02:21.685340+00:00"}, {"symbol": "ADAUSDT", "bids": [[0.4033, 112249.0], [0.4032, 168150.0], [0.4031, 301804.0], [0.403, 385140.0], [0.4029, 174590.0], [0.4028, 260825.0], [0.4027, 149476.0], [0.4026, 166100.0], [0.4025, 206028.0], [0.4024, 219929.0], [0.4023, 111010.0], [0.4022, 142173.0], [0.4021, 378770.0], [0.402, 116932.0], [0.4019, 121601.0], [0.4018, 178936.0], [0.4017, 107281.0], [0.4016, 281565.0], [0.4015, 252123.0], [0.4014, 151076.0]], "asks": [[0.4034, 69628.0], [0.4035, 194704.0], [0.4036, 201413.0], [0.4037, 243619.0], [0.4038, 323203.0], [0.4039, 324167.0], [0.404, 424355.0], [0.4041, 222481.0], [0.4042, 151220.0], [0.4043, 254323.0], [0.4044, 171573.0], [0.4045, 203709.0], [0.4046, 132234.0], [0.4047, 291836.0], [0.4048, 400681.0], [0.4049, 107093.0], [0.405, 171263.0], [0.4051, 114706.0], [0.4052, 187344.0], [0.4053, 245468.0]], "timestamp": "2025-12-15T10:03:15.036469+00:00"}, {"symbol": "ADAUSDT", "bids": [[0.4033, 4942.0], [0.4032, 125478.0], [0.4031, 341289.0], [0.403, 268849.0], [0.4029, 329221.0], [0.4028, 285621.0], [0.4027, 193565.0], [0.4026, 152502.0], [0.4025, 233162.0], [0.4024, 231563.0], [0.4023, 176193.0], [0.4022, 285586.0], [0.4021, 379653.0], [0.402, 135661.0], [0.4019, 122517.0], [0.4018, 255710.0], [0.4017, 78431.0], [0.4016, 161032.0], [0.4015, 255900.0], [0.4014, 213124.0]], "asks": [[0.4034, 132344.0], [0.4035, 196531.0], [0.4036, 210627.0], [0.4037, 244554.0], [0.4038, 315762.0], [0.4039, 332515.0], [0.404, 322493.0], [0.4041, 290238.0], [0.4042, 179529.0], [0.4043, 236638.0], [0.4044, 175925.0], [0.4045, 174703.0], [0.4046, 157330.0], [0.4047, 287219.0], [0.4048, 326994.0], [0.4049, 196304.0], [0.405, 171263.0], [0.4051, 114706.0], [0.4052, 187468.0], [0.4053, 178563.0]], "timestamp": "2025-12-15T10:04:09.206183+00:00"}, {"symbol": "ADAUSDT", "bids": [[0.4036, 52186.0], [0.4035, 293822.0], [0.4034, 313013.0], [0.4033, 247994.0], [0.4032, 363980.0], [0.4031, 313164.0], [0.403, 186252.0], [0.4029, 186717.0], [0.4028, 200833.0], [0.4027, 187148.0], [0.4026, 260062.0], [0.4025, 284323.0], [0.4024, 209318.0], [0.4023, 111042.0], [0.4022, 143816.0], [0.4021, 366356.0], [0.402, 114165.0], [0.4019, 125811.0], [0.4018, 238180.0], [0.4017, 170162.0]], "asks": [[0.4037, 196562.0], [0.4038, 162309.0], [0.4039, 303013.0], [0.404, 193419.0], [0.4041, 255531.0], [0.4042, 165392.0], [0.4043, 325228.0], [0.4044, 217377.0], [0.4045, 184141.0], [0.4046, 243565.0], [0.4047, 230308.0], [0.4048, 374585.0], [0.4049, 187986.0], [0.405, 254126.0], [0.4051, 281424.0], [0.4052, 183843.0], [0.4053, 176081.0], [0.4054, 244526.0], [0.4055, 188483.0], [0.4056, 111826.0]], "timestamp": "2025-12-15T10:05:02.659788+00:00"}, {"symbol": "ADAUSDT", "bids": [[0.4036, 68223.0], [0.4035, 304268.0], [0.4034, 362279.0], [0.4033, 245189.0], [0.4032, 416745.0], [0.4031, 248749.0], [0.403, 199770.0], [0.4029, 192288.0], [0.4028, 207235.0], [0.4027, 227175.0], [0.4026, 180662.0], [0.4025, 300859.0], [0.4024, 221295.0], [0.4023, 108556.0], [0.4022, 131961.0], [0.4021, 360572.0], [0.402, 111677.0], [0.4019, 138031.0], [0.4018, 237937.0], [0.4017, 170111.0]], "asks": [[0.4037, 170386.0], [0.4038, 160233.0], [0.4039, 262550.0], [0.404, 225128.0], [0.4041, 172174.0], [0.4042, 314298.0], [0.4043, 341331.0], [0.4044, 216392.0], [0.4045, 239739.0], [0.4046, 192663.0], [0.4047, 192469.0], [0.4048, 339425.0], [0.4049, 181733.0], [0.405, 248478.0], [0.4051, 281881.0], [0.4052, 183813.0], [0.4053, 161325.0], [0.4054, 244592.0], [0.4055, 188054.0], [0.4056, 94576.0]], "timestamp": "2025-12-15T10:05:56.420601+00:00"}, {"symbol": "ADAUSDT", "bids": [[0.4032, 64131.0], [0.4031, 258554.0], [0.403, 422304.0], [0.4029, 229724.0], [0.4028, 369464.0], [0.4027, 187966.0], [0.4026, 153045.0], [0.4025, 131033.0], [0.4024, 338546.0], [0.4023, 130114.0], [0.4022, 151261.0], [0.4021, 377584.0], [0.402, 292143.0], [0.4019, 111004.0], [0.4018, 266008.0], [0.4017, 85372.0], [0.4016, 154504.0], [0.4015, 287699.0], [0.4014, 292710.0], [0.4013, 140853.0]], "asks": [[0.4033, 72659.0], [0.4034, 108738.0], [0.4035, 246448.0], [0.4036, 351151.0], [0.4037, 234510.0], [0.4038, 288708.0], [0.4039, 419361.0], [0.404, 194105.0], [0.4041, 184130.0], [0.4042, 349036.0], [0.4043, 232946.0], [0.4044, 175718.0], [0.4045, 217531.0], [0.4046, 142629.0], [0.4047, 284748.0], [0.4048, 305952.0], [0.4049, 110185.0], [0.405, 154374.0], [0.4051, 145751.0], [0.4052, 189349.0]], "timestamp": "2025-12-15T10:06:50.177746+00:00"}, {"symbol": "ADAUSDT", "bids": [[0.4028, 111486.0], [0.4027, 178388.0], [0.4026, 435036.0], [0.4025, 318207.0], [0.4024, 235039.0], [0.4023, 207506.0], [0.4022, 130309.0], [0.4021, 210368.0], [0.402, 281394.0], [0.4019, 117748.0], [0.4018, 195085.0], [0.4017, 115204.0], [0.4016, 304879.0], [0.4015, 337917.0], [0.4014, 245142.0], [0.4013, 135145.0], [0.4012, 181694.0], [0.4011, 305053.0], [0.401, 237458.0], [0.4009, 200434.0]], "asks": [[0.4029, 82989.0], [0.403, 247430.0], [0.4031, 281294.0], [0.4032, 161645.0], [0.4033, 259996.0], [0.4034, 213984.0], [0.4035, 353602.0], [0.4036, 318961.0], [0.4037, 224861.0], [0.4038, 239988.0], [0.4039, 174325.0], [0.404, 175536.0], [0.4041, 273304.0], [0.4042, 248904.0], [0.4043, 174225.0], [0.4044, 176307.0], [0.4045, 178646.0], [0.4046, 108569.0], [0.4047, 197394.0], [0.4048, 298722.0]], "timestamp": "2025-12-15T10:07:44.248826+00:00"}, {"symbol": "ADAUSDT", "bids": [[0.4029, 46250.0], [0.4028, 241967.0], [0.4027, 333244.0], [0.4026, 421658.0], [0.4025, 280867.0], [0.4024, 236520.0], [0.4023, 122803.0], [0.4022, 121483.0], [0.4021, 252394.0], [0.402, 283413.0], [0.4019, 251528.0], [0.4018, 298210.0], [0.4017, 141675.0], [0.4016, 142264.0], [0.4015, 309187.0], [0.4014, 103840.0], [0.4013, 128282.0], [0.4012, 189169.0], [0.4011, 400982.0], [0.401, 223420.0]], "asks": [[0.403, 134684.0], [0.4031, 172012.0], [0.4032, 226038.0], [0.4033, 324614.0], [0.4034, 195288.0], [0.4035, 229281.0], [0.4036, 377722.0], [0.4037, 254933.0], [0.4038, 275914.0], [0.4039, 243277.0], [0.404, 166800.0], [0.4041, 198820.0], [0.4042, 263665.0], [0.4043, 207506.0], [0.4044, 265149.0], [0.4045, 207782.0], [0.4046, 115711.0], [0.4047, 197394.0], [0.4048, 323653.0], [0.4049, 94724.0]], "timestamp": "2025-12-15T10:08:37.906974+00:00"}, {"symbol": "ADAUSDT", "bids": [[0.4029, 85578.0], [0.4028, 299047.0], [0.4027, 338394.0], [0.4026, 403580.0], [0.4025, 223406.0], [0.4024, 231090.0], [0.4023, 130161.0], [0.4022, 119738.0], [0.4021, 290658.0], [0.402, 277407.0], [0.4019, 237564.0], [0.4018, 200893.0], [0.4017, 147298.0], [0.4016, 263773.0], [0.4015, 293265.0], [0.4014, 88744.0], [0.4013, 128267.0], [0.4012, 185172.0], [0.4011, 321696.0], [0.401, 312932.0]], "asks": [[0.403, 123984.0], [0.4031, 153779.0], [0.4032, 195273.0], [0.4033, 299891.0], [0.4034, 213115.0], [0.4035, 226034.0], [0.4036, 378931.0], [0.4037, 314020.0], [0.4038, 258644.0], [0.4039, 164243.0], [0.404, 218444.0], [0.4041, 214979.0], [0.4042, 240036.0], [0.4043, 192702.0], [0.4044, 265149.0], [0.4045, 185542.0], [0.4046, 115711.0], [0.4047, 222110.0], [0.4048, 309185.0], [0.4049, 156488.0]], "timestamp": "2025-12-15T10:09:31.565352+00:00"}, {"symbol": "ADAUSDT", "bids": [[0.403, 55848.0], [0.4029, 132657.0], [0.4028, 447028.0], [0.4027, 337890.0], [0.4026, 263885.0], [0.4025, 167597.0], [0.4024, 194704.0], [0.4023, 170129.0], [0.4022, 160159.0], [0.4021, 217279.0], [0.402, 259336.0], [0.4019, 93316.0], [0.4018, 171530.0], [0.4017, 176607.0], [0.4016, 272445.0], [0.4015, 318170.0], [0.4014, 81834.0], [0.4013, 128282.0], [0.4012, 182626.0], [0.4011, 318207.0]], "asks": [[0.4031, 109312.0], [0.4032, 158606.0], [0.4033, 313358.0], [0.4034, 183789.0], [0.4035, 191824.0], [0.4036, 262006.0], [0.4037, 362865.0], [0.4038, 261474.0], [0.4039, 177737.0], [0.404, 234512.0], [0.4041, 175739.0], [0.4042, 238012.0], [0.4043, 191662.0], [0.4044, 187678.0], [0.4045, 143222.0], [0.4046, 122593.0], [0.4047, 221443.0], [0.4048, 333280.0], [0.4049, 156446.0], [0.405, 149043.0]], "timestamp": "2025-12-15T10:10:25.428604+00:00"}, {"symbol": "ADAUSDT", "bids": [[0.4031, 64928.0], [0.403, 211197.0], [0.4029, 281708.0], [0.4028, 378221.0], [0.4027, 314144.0], [0.4026, 257515.0], [0.4025, 213172.0], [0.4024, 186714.0], [0.4023, 128792.0], [0.4022, 221359.0], [0.4021, 216259.0], [0.402, 205574.0], [0.4019, 93668.0], [0.4018, 191705.0], [0.4017, 89705.0], [0.4016, 247525.0], [0.4015, 281209.0], [0.4014, 81834.0], [0.4013, 128282.0], [0.4012, 187909.0]], "asks": [[0.4032, 181680.0], [0.4033, 252739.0], [0.4034, 182805.0], [0.4035, 204958.0], [0.4036, 257609.0], [0.4037, 270884.0], [0.4038, 392920.0], [0.4039, 198535.0], [0.404, 228819.0], [0.4041, 225466.0], [0.4042, 216701.0], [0.4043, 172340.0], [0.4044, 181602.0], [0.4045, 161109.0], [0.4046, 122371.0], [0.4047, 227856.0], [0.4048, 302838.0], [0.4049, 181151.0], [0.405, 149043.0], [0.4051, 127276.0]], "timestamp": "2025-12-15T10:11:18.881894+00:00"}, {"symbol": "ADAUSDT", "bids": [[0.403, 48758.0], [0.4029, 135932.0], [0.4028, 315191.0], [0.4027, 197706.0], [0.4026, 382848.0], [0.4025, 209220.0], [0.4024, 183453.0], [0.4023, 140878.0], [0.4022, 218901.0], [0.4021, 239676.0], [0.402, 276418.0], [0.4019, 222872.0], [0.4018, 173610.0], [0.4017, 170863.0], [0.4016, 201870.0], [0.4015, 268162.0], [0.4014, 96884.0], [0.4013, 133251.0], [0.4012, 247472.0], [0.4011, 245219.0]], "asks": [[0.4031, 155021.0], [0.4032, 181919.0], [0.4033, 217078.0], [0.4034, 183156.0], [0.4035, 209525.0], [0.4036, 245897.0], [0.4037, 418706.0], [0.4038, 245897.0], [0.4039, 168257.0], [0.404, 176455.0], [0.4041, 209086.0], [0.4042, 199269.0], [0.4043, 263953.0], [0.4044, 208484.0], [0.4045, 144008.0], [0.4046, 122328.0], [0.4047, 181847.0], [0.4048, 278129.0], [0.4049, 188132.0], [0.405, 149060.0]], "timestamp": "2025-12-15T10:12:12.744715+00:00"}, {"symbol": "ADAUSDT", "bids": [[0.4031, 90915.0], [0.403, 207065.0], [0.4029, 279397.0], [0.4028, 294100.0], [0.4027, 285564.0], [0.4026, 229380.0], [0.4025, 192532.0], [0.4024, 188063.0], [0.4023, 181471.0], [0.4022, 221363.0], [0.4021, 246119.0], [0.402, 238466.0], [0.4019, 214436.0], [0.4018, 156802.0], [0.4017, 88351.0], [0.4016, 201944.0], [0.4015, 261762.0], [0.4014, 96908.0], [0.4013, 161555.0], [0.4012, 242850.0]], "asks": [[0.4032, 47335.0], [0.4033, 172434.0], [0.4034, 176296.0], [0.4035, 223793.0], [0.4036, 333189.0], [0.4037, 259938.0], [0.4038, 288595.0], [0.4039, 187433.0], [0.404, 190075.0], [0.4041, 216348.0], [0.4042, 220629.0], [0.4043, 252087.0], [0.4044, 203132.0], [0.4045, 155192.0], [0.4046, 158187.0], [0.4047, 188743.0], [0.4048, 286851.0], [0.4049, 227259.0], [0.405, 149295.0], [0.4051, 127744.0]], "timestamp": "2025-12-15T10:13:06.608251+00:00"}, {"symbol": "ADAUSDT", "bids": [[0.4029, 57567.0], [0.4028, 233361.0], [0.4027, 286809.0], [0.4026, 267742.0], [0.4025, 322594.0], [0.4024, 198514.0], [0.4023, 134019.0], [0.4022, 119693.0], [0.4021, 239761.0], [0.402, 280097.0], [0.4019, 236117.0], [0.4018, 158869.0], [0.4017, 185952.0], [0.4016, 201957.0], [0.4015, 273625.0], [0.4014, 133817.0], [0.4013, 163488.0], [0.4012, 242316.0], [0.4011, 228559.0], [0.401, 238727.0]], "asks": [[0.403, 89420.0], [0.4031, 190428.0], [0.4032, 227328.0], [0.4033, 255509.0], [0.4034, 300225.0], [0.4035, 221139.0], [0.4036, 262111.0], [0.4037, 237887.0], [0.4038, 288776.0], [0.4039, 166542.0], [0.404, 190692.0], [0.4041, 222835.0], [0.4042, 213461.0], [0.4043, 191101.0], [0.4044, 182602.0], [0.4045, 168745.0], [0.4046, 140149.0], [0.4047, 157131.0], [0.4048, 287073.0], [0.4049, 227457.0]], "timestamp": "2025-12-15T10:14:00.163659+00:00"}, {"symbol": "ADAUSDT", "bids": [[0.4029, 115800.0], [0.4028, 229571.0], [0.4027, 323756.0], [0.4026, 270985.0], [0.4025, 317647.0], [0.4024, 235627.0], [0.4023, 133437.0], [0.4022, 119747.0], [0.4021, 210563.0], [0.402, 265025.0], [0.4019, 119173.0], [0.4018, 158858.0], [0.4017, 215017.0], [0.4016, 262660.0], [0.4015, 273625.0], [0.4014, 143646.0], [0.4013, 158953.0], [0.4012, 234871.0], [0.4011, 341546.0], [0.401, 238727.0]], "asks": [[0.403, 112697.0], [0.4031, 209420.0], [0.4032, 220788.0], [0.4033, 255170.0], [0.4034, 296438.0], [0.4035, 226976.0], [0.4036, 342414.0], [0.4037, 217646.0], [0.4038, 279359.0], [0.4039, 169946.0], [0.404, 191892.0], [0.4041, 176472.0], [0.4042, 213668.0], [0.4043, 191083.0], [0.4044, 182962.0], [0.4045, 168773.0], [0.4046, 115415.0], [0.4047, 157114.0], [0.4048, 286849.0], [0.4049, 227470.0]], "timestamp": "2025-12-15T10:14:53.617176+00:00"}, {"symbol": "ADAUSDT", "bids": [[0.4028, 117383.0], [0.4027, 158873.0], [0.4026, 392856.0], [0.4025, 328717.0], [0.4024, 270655.0], [0.4023, 160493.0], [0.4022, 121482.0], [0.4021, 214289.0], [0.402, 262538.0], [0.4019, 152414.0], [0.4018, 177572.0], [0.4017, 214709.0], [0.4016, 233398.0], [0.4015, 249112.0], [0.4014, 118784.0], [0.4013, 163915.0], [0.4012, 259772.0], [0.4011, 369685.0], [0.401, 238727.0], [0.4009, 127375.0]], "asks": [[0.4029, 129551.0], [0.403, 159003.0], [0.4031, 191258.0], [0.4032, 201453.0], [0.4033, 326705.0], [0.4034, 230645.0], [0.4035, 305926.0], [0.4036, 278808.0], [0.4037, 314690.0], [0.4038, 185274.0], [0.4039, 153949.0], [0.404, 229079.0], [0.4041, 190268.0], [0.4042, 137183.0], [0.4043, 185488.0], [0.4044, 169267.0], [0.4045, 137227.0], [0.4046, 115415.0], [0.4047, 157262.0], [0.4048, 286849.0]], "timestamp": "2025-12-15T10:15:49.221711+00:00"}, {"symbol": "ADAUSDT", "bids": [[0.4027, 51439.0], [0.4026, 215231.0], [0.4025, 274390.0], [0.4024, 305198.0], [0.4023, 320396.0], [0.4022, 189457.0], [0.4021, 249546.0], [0.402, 128172.0], [0.4019, 116750.0], [0.4018, 247120.0], [0.4017, 180571.0], [0.4016, 232950.0], [0.4015, 191720.0], [0.4014, 156200.0], [0.4013, 131168.0], [0.4012, 152536.0], [0.4011, 285753.0], [0.401, 298101.0], [0.4009, 132376.0], [0.4008, 250217.0]], "asks": [[0.4028, 99423.0], [0.4029, 202481.0], [0.403, 215524.0], [0.4031, 226736.0], [0.4032, 359059.0], [0.4033, 274860.0], [0.4034, 285815.0], [0.4035, 321566.0], [0.4036, 229383.0], [0.4037, 226357.0], [0.4038, 138293.0], [0.4039, 207436.0], [0.404, 193394.0], [0.4041, 173423.0], [0.4042, 149125.0], [0.4043, 148668.0], [0.4044, 114320.0], [0.4045, 126835.0], [0.4046, 89034.0], [0.4047, 134906.0]], "timestamp": "2025-12-15T10:16:42.674640+00:00"}, {"symbol": "ADAUSDT", "bids": [[0.4028, 77891.0], [0.4027, 217985.0], [0.4026, 354141.0], [0.4025, 308810.0], [0.4024, 242056.0], [0.4023, 266671.0], [0.4022, 210242.0], [0.4021, 201244.0], [0.402, 132664.0], [0.4019, 112075.0], [0.4018, 214733.0], [0.4017, 209778.0], [0.4016, 242321.0], [0.4015, 196796.0], [0.4014, 136051.0], [0.4013, 131638.0], [0.4012, 148924.0], [0.4011, 250993.0], [0.401, 329675.0], [0.4009, 169857.0]], "asks": [[0.4029, 99288.0], [0.403, 151265.0], [0.4031, 258081.0], [0.4032, 224015.0], [0.4033, 360256.0], [0.4034, 301295.0], [0.4035, 262512.0], [0.4036, 241230.0], [0.4037, 237029.0], [0.4038, 172620.0], [0.4039, 171691.0], [0.404, 215365.0], [0.4041, 136817.0], [0.4042, 159001.0], [0.4043, 212532.0], [0.4044, 151216.0], [0.4045, 151577.0], [0.4046, 89555.0], [0.4047, 135402.0], [0.4048, 295108.0]], "timestamp": "2025-12-15T10:17:36.537550+00:00"}, {"symbol": "ADAUSDT", "bids": [[0.4026, 41490.0], [0.4025, 238991.0], [0.4024, 280511.0], [0.4023, 295422.0], [0.4022, 257234.0], [0.4021, 179855.0], [0.402, 161868.0], [0.4019, 88297.0], [0.4018, 159059.0], [0.4017, 178272.0], [0.4016, 174181.0], [0.4015, 163628.0], [0.4014, 114313.0], [0.4013, 189241.0], [0.4012, 282929.0], [0.4011, 257859.0], [0.401, 270288.0], [0.4009, 228449.0], [0.4008, 324631.0], [0.4007, 122605.0]], "asks": [[0.4027, 88378.0], [0.4028, 282452.0], [0.4029, 341175.0], [0.403, 254720.0], [0.4031, 409030.0], [0.4032, 292170.0], [0.4033, 302475.0], [0.4034, 276735.0], [0.4035, 287534.0], [0.4036, 297219.0], [0.4037, 197987.0], [0.4038, 176248.0], [0.4039, 137041.0], [0.404, 170588.0], [0.4041, 125486.0], [0.4042, 149263.0], [0.4043, 195045.0], [0.4044, 151836.0], [0.4045, 192111.0], [0.4046, 90545.0]], "timestamp": "2025-12-15T10:18:30.008313+00:00"}, {"symbol": "ADAUSDT", "bids": [[0.4025, 130631.0], [0.4024, 171265.0], [0.4023, 303807.0], [0.4022, 341420.0], [0.4021, 242046.0], [0.402, 214222.0], [0.4019, 100522.0], [0.4018, 196130.0], [0.4017, 171179.0], [0.4016, 180865.0], [0.4015, 233412.0], [0.4014, 80770.0], [0.4013, 93782.0], [0.4012, 131223.0], [0.4011, 147575.0], [0.401, 238505.0], [0.4009, 232733.0], [0.4008, 293280.0], [0.4007, 127030.0], [0.4006, 172188.0]], "asks": [[0.4026, 42235.0], [0.4027, 233138.0], [0.4028, 373527.0], [0.4029, 327326.0], [0.403, 250193.0], [0.4031, 476912.0], [0.4032, 231454.0], [0.4033, 231143.0], [0.4034, 236360.0], [0.4035, 316290.0], [0.4036, 245271.0], [0.4037, 229238.0], [0.4038, 145187.0], [0.4039, 170526.0], [0.404, 130464.0], [0.4041, 144570.0], [0.4042, 154728.0], [0.4043, 176650.0], [0.4044, 160049.0], [0.4045, 183269.0]], "timestamp": "2025-12-15T10:19:23.547634+00:00"}, {"symbol": "ADAUSDT", "bids": [[0.4023, 210748.0], [0.4022, 107014.0], [0.4021, 234152.0], [0.402, 284856.0], [0.4019, 118193.0], [0.4018, 171370.0], [0.4017, 179031.0], [0.4016, 233289.0], [0.4015, 271490.0], [0.4014, 88595.0], [0.4013, 91428.0], [0.4012, 136248.0], [0.4011, 162824.0], [0.401, 213272.0], [0.4009, 239644.0], [0.4008, 325594.0], [0.4007, 127030.0], [0.4006, 174736.0], [0.4005, 105746.0], [0.4004, 182300.0]], "asks": [[0.4024, 108229.0], [0.4025, 178468.0], [0.4026, 284339.0], [0.4027, 208022.0], [0.4028, 257044.0], [0.4029, 378808.0], [0.403, 200931.0], [0.4031, 315857.0], [0.4032, 235247.0], [0.4033, 285015.0], [0.4034, 203913.0], [0.4035, 236632.0], [0.4036, 183401.0], [0.4037, 223490.0], [0.4038, 172633.0], [0.4039, 149263.0], [0.404, 123568.0], [0.4041, 112922.0], [0.4042, 154741.0], [0.4043, 151876.0]], "timestamp": "2025-12-15T10:20:17.307415+00:00"}