[{"id": "546670269", "price": 0.3879, "amount": 130.0, "side": "sell", "timestamp": 1765842110728}, {"id": "546670270", "price": 0.388, "amount": 12.0, "side": "buy", "timestamp": 1765842110801}, {"id": "546670271", "price": 0.388, "amount": 18.0, "side": "buy", "timestamp": 1765842110953}, {"id": "546670272", "price": 0.3879, "amount": 543.0, "side": "sell", "timestamp": 1765842111078}, {"id": "546670273", "price": 0.3879, "amount": 3882.0, "side": "buy", "timestamp": 1765842112350}, {"id": "546670274", "price": 0.3879, "amount": 2.0, "side": "buy", "timestamp": 1765842113158}, {"id": "546670275", "price": 0.3879, "amount": 14.0, "side": "buy", "timestamp": 1765842113753}, {"id": "546670276", "price": 0.3879, "amount": 10.0, "side": "buy", "timestamp": 1765842113974}, {"id": "546670277", "price": 0.3879, "amount": 43.0, "side": "buy", "timestamp": 1765842114203}, {"id": "546670278", "price": 0.3878, "amount": 8856.0, "side": "sell", "timestamp": 1765842114410}, {"id": "546670279", "price": 0.3877, "amount": 15.0, "side": "sell", "timestamp": 1765842114568}, {"id": "546670280", "price": 0.3878, "amount": 15.0, "side": "buy", "timestamp": 1765842115202}, {"id": "546670281", "price": 0.3877, "amount": 840.0, "side": "sell", "timestamp": 1765842116265}, {"id": "546670282", "price": 0.3878, "amount": 5.0, "side": "buy", "timestamp": 1765842117032}, {"id": "546670283", "price": 0.3878, "amount": 17.0, "side": "buy", "timestamp": 1765842117399}, {"id": "546670284", "price": 0.3878, "amount": 2565.0, "side": "buy", "timestamp": 1765842118256}, {"id": "546670285", "price": 0.3878, "amount": 4.0, "side": "buy", "timestamp": 1765842118845}, {"id": "546670286", "price": 0.3877, "amount": 31.0, "side": "sell", "timestamp": 1765842119637}, {"id": "546670287", "price": 0.3877, "amount": 7139.0, "side": "sell", "timestamp": 1765842120956}, {"id": "546670288", "price": 0.3878, "amount": 115.0, "side": "buy", "timestamp": 1765842121157}, {"id": "546670289", "price": 0.3878, "amount": 91.0, "side": "buy", "timestamp": 1765842121298}, {"id": "546670290", "price": 0.3877, "amount": 83.0, "side": "sell", "timestamp": 1765842121550}, {"id": "546670291", "price": 0.3878, "amount": 21.0, "side": "buy", "timestamp": 1765842123190}, {"id": "546670292", "price": 0.3878, "amount": 19.0, "side": "buy", "timestamp": 1765842123317}, {"id": "546670293", "price": 0.3878, "amount": 109.0, "side": "buy", "timestamp": 1765842123453}, {"id": "546670294", "price": 0.3878, "amount": 93.0, "side": "buy", "timestamp": 1765842124185}, {"id": "546670295", "price": 0.3877, "amount": 96.0, "side": "sell", "timestamp": 1765842124248}, {"id": "546670296", "price": 0.3878, "amount": 52.0, "side": "buy", "timestamp": 1765842124410}, {"id": "546670297", "price": 0.3878, "amount": 74.0, "side": "buy", "timestamp": 1765842124717}, {"id": "546670298", "price": 0.3878, "amount": 9282.0, "side": "buy", "timestamp": 1765842125091}, {"id": "546670299", "price": 0.3879, "amount": 34.0, "side": "buy", "timestamp": 1765842125427}, {"id": "546670300", "price": 0.3879, "amount": 41.0, "side": "buy", "timestamp": 1765842125574}, {"id": "546670301", "price": 0.3879, "amount": 1757.0, "side": "buy", "timestamp": 1765842127288}, {"id": "546670302", "price": 0.3879, "amount": 30.0, "side": "buy", "timestamp": 1765842128528}, {"id": "546670303", "price": 0.3879, "amount": 141.0, "side": "buy", "timestamp": 1765842129713}, {"id": "546670304", "price": 0.3879, "amount": 112.0, "side": "buy", "timestamp": 1765842129819}, {"id": "546670305", "price": 0.3879, "amount": 101.0, "side": "buy", "timestamp": 1765842129924}, {"id": "546670306", "price": 0.3878, "amount": 4707.0, "side": "sell", "timestamp": 1765842130648}, {"id": "546670307", "price": 0.3878, "amount": 162.0, "side": "buy", "timestamp": 1765842130717}, {"id": "546670308", "price": 0.3878, "amount": 11.0, "side": "buy", "timestamp": 1765842131075}, {"id": "546670309", "price": 0.3878, "amount": 358.0, "side": "buy", "timestamp": 1765842131421}, {"id": "546670310", "price": 0.3878, "amount": 34.0, "side": "buy", "timestamp": 1765842133037}, {"id": "546670311", "price": 0.3878, "amount": 2628.0, "side": "buy", "timestamp": 1765842133407}, {"id": "546670312", "price": 0.3878, "amount": 29.0, "side": "buy", "timestamp": 1765842134305}, {"id": "546670313", "price": 0.3878, "amount": 2451.0, "side": "buy", "timestamp": 1765842135057}, {"id": "546670314", "price": 0.3878, "amount": 52540.0, "side": "buy", "timestamp": 1765842135424}, {"id": "546670315", "price": 0.3879, "amount": 579.0, "side": "buy", "timestamp": 1765842135430}, {"id": "546670316", "price": 0.3879, "amount": 12.0, "side": "buy", "timestamp": 1765842135958}, {"id": "546670317", "price": 0.3878, "amount": 8795.0, "side": "sell", "timestamp": 1765842138023}, {"id": "546670318", "price": 0.3878, "amount": 936.0, "side": "buy", "timestamp": 1765842138485}, {"id": "546670339", "price": 0.3877, "amount": 31.0, "side": "sell", "timestamp": 1765842155643}, {"id": "546670340", "price": 0.3878, "amount": 15.0, "side": "buy", "timestamp": 1765842157968}, {"id": "546670341", "price": 0.3877, "amount": 14.0, "side": "sell", "timestamp": 1765842158447}, {"id": "546670342", "price": 0.3878, "amount": 40.0, "side": "buy", "timestamp": 1765842158645}, {"id": "546670343", "price": 0.3877, "amount": 103.0, "side": "sell", "timestamp": 1765842158651}, {"id": "546670344", "price": 0.3878, "amount": 33.0, "side": "buy", "timestamp": 1765842159181}, {"id": "546670345", "price": 0.3878, "amount": 2899.0, "side": "buy", "timestamp": 1765842159636}, {"id": "546670346", "price": 0.3879, "amount": 1149.0, "side": "buy", "timestamp": 1765842159639}, {"id": "546670347", "price": 0.3879, "amount": 112.0, "side": "buy", "timestamp": 1765842159820}, {"id": "546670348", "price": 0.3879, "amount": 25.0, "side": "buy", "timestamp": 1765842159995}, {"id": "546670349", "price": 0.3878, "amount": 242.0, "side": "sell", "timestamp": 1765842159996}, {"id": "546670350", "price": 0.3879, "amount": 121.0, "side": "buy", "timestamp": 1765842160048}, {"id": "546670351", "price": 0.3879, "amount": 73.0, "side": "buy", "timestamp": 1765842161576}, {"id": "546670352", "price": 0.3878, "amount": 106.0, "side": "sell", "timestamp": 1765842161647}, {"id": "546670353", "price": 0.3879, "amount": 79.0, "side": "buy", "timestamp": 1765842162062}, {"id": "546670354", "price": 0.3879, "amount": 37.0, "side": "buy", "timestamp": 1765842164812}, {"id": "546670355", "price": 0.3879, "amount": 203.0, "side": "buy", "timestamp": 1765842165015}, {"id": "546670356", "price": 0.3879, "amount": 17.0, "side": "buy", "timestamp": 1765842165890}, {"id": "546670357", "price": 0.3878, "amount": 84.0, "side": "sell", "timestamp": 1765842167428}, {"id": "546670358", "price": 0.3879, "amount": 19.0, "side": "buy", "timestamp": 1765842168604}, {"id": "546670359", "price": 0.3878, "amount": 16.0, "side": "sell", "timestamp": 1765842169326}, {"id": "546670360", "price": 0.3879, "amount": 19.0, "side": "buy", "timestamp": 1765842169425}, {"id": "546670361", "price": 0.3879, "amount": 41.0, "side": "buy", "timestamp": 1765842169721}, {"id": "546670362", "price": 0.3879, "amount": 44.0, "side": "buy", "timestamp": 1765842169967}, {"id": "546670363", "price": 0.3879, "amount": 18.0, "side": "buy", "timestamp": 1765842171799}, {"id": "546670364", "price": 0.3878, "amount": 11627.0, "side": "sell", "timestamp": 1765842171801}, {"id": "546670365", "price": 0.3878, "amount": 42.0, "side": "buy", "timestamp": 1765842171861}, {"id": "546670366", "price": 0.3878, "amount": 60.0, "side": "buy", "timestamp": 1765842172379}, {"id": "546670367", "price": 0.3878, "amount": 30.0, "side": "buy", "timestamp": 1765842175183}, {"id": "546670368", "price": 0.3878, "amount": 138.0, "side": "buy", "timestamp": 1765842177261}, {"id": "546670369", "price": 0.3878, "amount": 10.0, "side": "buy", "timestamp": 1765842178600}, {"id": "546670370", "price": 0.3878, "amount": 492.0, "side": "buy", "timestamp": 1765842180334}, {"id": "546670371", "price": 0.3878, "amount": 33.0, "side": "buy", "timestamp": 1765842181064}, {"id": "546670372", "price": 0.3878, "amount": 19.0, "side": "buy", "timestamp": 1765842184410}, {"id": "546670373", "price": 0.3878, "amount": 36.0, "side": "buy", "timestamp": 1765842184576}, {"id": "546670374", "price": 0.3878, "amount": 16.0, "side": "buy", "timestamp": 1765842184948}, {"id": "546670375", "price": 0.3878, "amount": 27.0, "side": "buy", "timestamp": 1765842185071}, {"id": "546670376", "price": 0.3878, "amount": 66.0, "side": "buy", "timestamp": 1765842185732}, {"id": "546670377", "price": 0.3878, "amount": 274.0, "side": "buy", "timestamp": 1765842186486}, {"id": "546670378", "price": 0.3878, "amount": 9.0, "side": "buy", "timestamp": 1765842189208}, {"id": "546670379", "price": 0.3878, "amount": 68.0, "side": "buy", "timestamp": 1765842189779}, {"id": "546670380", "price": 0.3878, "amount": 276.0, "side": "buy", "timestamp": 1765842189977}, {"id": "546670381", "price": 0.3878, "amount": 2519.0, "side": "buy", "timestamp": 1765842190405}, {"id": "546670382", "price": 0.3878, "amount": 36.0, "side": "buy", "timestamp": 1765842190841}, {"id": "546670383", "price": 0.3878, "amount": 13.0, "side": "buy", "timestamp": 1765842191236}, {"id": "546670384", "price": 0.3878, "amount": 52.0, "side": "buy", "timestamp": 1765842191363}, {"id": "546670385", "price": 0.3877, "amount": 31.0, "side": "sell", "timestamp": 1765842191636}, {"id": "546670386", "price": 0.3878, "amount": 17.0, "side": "buy", "timestamp": 1765842192235}, {"id": "546670387", "price": 0.3878, "amount": 13.0, "side": "buy", "timestamp": 1765842193279}, {"id": "546670388", "price": 0.3877, "amount": 26.0, "side": "sell", "timestamp": 1765842193379}, {"id": "546670410", "price": 0.3879, "amount": 105.0, "side": "buy", "timestamp": 1765842209852}, {"id": "546670411", "price": 0.3878, "amount": 9217.0, "side": "sell", "timestamp": 1765842209872}, {"id": "546670412", "price": 0.3878, "amount": 117.0, "side": "buy", "timestamp": 1765842209905}, {"id": "546670413", "price": 0.3878, "amount": 28.0, "side": "buy", "timestamp": 1765842210043}, {"id": "546670414", "price": 0.3877, "amount": 2824.0, "side": "sell", "timestamp": 1765842210046}, {"id": "546670415", "price": 0.3878, "amount": 34.0, "side": "buy", "timestamp": 1765842211004}, {"id": "546670416", "price": 0.3878, "amount": 11.0, "side": "buy", "timestamp": 1765842212211}, {"id": "546670417", "price": 0.3878, "amount": 65.0, "side": "buy", "timestamp": 1765842212383}, {"id": "546670418", "price": 0.3878, "amount": 27.0, "side": "buy", "timestamp": 1765842213986}, {"id": "546670419", "price": 0.3877, "amount": 65.0, "side": "sell", "timestamp": 1765842214316}, {"id": "546670420", "price": 0.3878, "amount": 12.0, "side": "buy", "timestamp": 1765842215729}, {"id": "546670421", "price": 0.3878, "amount": 178.0, "side": "buy", "timestamp": 1765842219897}, {"id": "546670422", "price": 0.3878, "amount": 210.0, "side": "buy", "timestamp": 1765842220432}, {"id": "546670423", "price": 0.3878, "amount": 19.0, "side": "buy", "timestamp": 1765842221592}, {"id": "546670424", "price": 0.3878, "amount": 3.0, "side": "buy", "timestamp": 1765842221736}, {"id": "546670425", "price": 0.3878, "amount": 203.0, "side": "buy", "timestamp": 1765842224790}, {"id": "546670426", "price": 0.3878, "amount": 39.0, "side": "buy", "timestamp": 1765842225057}, {"id": "546670427", "price": 0.3878, "amount": 52.0, "side": "buy", "timestamp": 1765842225159}, {"id": "546670428", "price": 0.3878, "amount": 5.0, "side": "buy", "timestamp": 1765842226366}, {"id": "546670429", "price": 0.3877, "amount": 31.0, "side": "sell", "timestamp": 1765842227633}, {"id": "546670430", "price": 0.3878, "amount": 783.0, "side": "buy", "timestamp": 1765842229451}, {"id": "546670431", "price": 0.3878, "amount": 40.0, "side": "buy", "timestamp": 1765842229740}, {"id": "546670432", "price": 0.3878, "amount": 202.0, "side": "buy", "timestamp": 1765842229909}, {"id": "546670433", "price": 0.3877, "amount": 4669.0, "side": "sell", "timestamp": 1765842230048}, {"id": "546670434", "price": 0.3878, "amount": 313.0, "side": "buy", "timestamp": 1765842230240}, {"id": "546670435", "price": 0.3877, "amount": 61.0, "side": "sell", "timestamp": 1765842231169}, {"id": "546670436", "price": 0.3878, "amount": 4.0, "side": "buy", "timestamp": 1765842231333}, {"id": "546670437", "price": 0.3878, "amount": 66.0, "side": "buy", "timestamp": 1765842232216}, {"id": "546670438", "price": 0.3878, "amount": 17.0, "side": "buy", "timestamp": 1765842232897}, {"id": "546670439", "price": 0.3878, "amount": 15.0, "side": "buy", "timestamp": 1765842233358}, {"id": "546670440", "price": 0.3878, "amount": 781.0, "side": "buy", "timestamp": 1765842233622}, {"id": "546670441", "price": 0.3878, "amount": 13.0, "side": "buy", "timestamp": 1765842236445}, {"id": "546670442", "price": 0.3878, "amount": 181.0, "side": "buy", "timestamp": 1765842237335}, {"id": "546670443", "price": 0.3878, "amount": 18.0, "side": "buy", "timestamp": 1765842237460}, {"id": "546670444", "price": 0.3877, "amount": 451.0, "side": "sell", "timestamp": 1765842239643}, {"id": "546670445", "price": 0.3878, "amount": 9.0, "side": "buy", "timestamp": 1765842240655}, {"id": "546670446", "price": 0.3878, "amount": 5.0, "side": "buy", "timestamp": 1765842241404}, {"id": "546670447", "price": 0.3878, "amount": 16.0, "side": "buy", "timestamp": 1765842242134}, {"id": "546670448", "price": 0.3877, "amount": 27.0, "side": "sell", "timestamp": 1765842243129}, {"id": "546670449", "price": 0.3877, "amount": 5135.0, "side": "sell", "timestamp": 1765842243547}, {"id": "546670450", "price": 0.3878, "amount": 17.0, "side": "buy", "timestamp": 1765842243818}, {"id": "546670451", "price": 0.3878, "amount": 36.0, "side": "buy", "timestamp": 1765842244325}, {"id": "546670452", "price": 0.3878, "amount": 25.0, "side": "buy", "timestamp": 1765842244516}, {"id": "546670453", "price": 0.3878, "amount": 347.0, "side": "buy", "timestamp": 1765842245045}, {"id": "546670454", "price": 0.3878, "amount": 642.0, "side": "buy", "timestamp": 1765842245231}, {"id": "546670455", "price": 0.3878, "amount": 20.0, "side": "buy", "timestamp": 1765842245418}, {"id": "546670456", "price": 0.3878, "amount": 43.0, "side": "buy", "timestamp": 1765842245574}, {"id": "546670457", "price": 0.3878, "amount": 71.0, "side": "buy", "timestamp": 1765842245751}, {"id": "546670458", "price": 0.3878, "amount": 18.0, "side": "buy", "timestamp": 1765842245855}, {"id": "546670459", "price": 0.3877, "amount": 220.0, "side": "sell", "timestamp": 1765842246084}, {"id": "546670485", "price": 0.3879, "amount": 76.0, "side": "buy", "timestamp": 1765842264870}, {"id": "546670486", "price": 0.3879, "amount": 155.0, "side": "buy", "timestamp": 1765842265001}, {"id": "546670487", "price": 0.3878, "amount": 67.0, "side": "sell", "timestamp": 1765842266039}, {"id": "546670488", "price": 0.3879, "amount": 1.0, "side": "buy", "timestamp": 1765842267605}, {"id": "546670489", "price": 0.3879, "amount": 155.0, "side": "buy", "timestamp": 1765842267743}, {"id": "546670490", "price": 0.3878, "amount": 773.0, "side": "sell", "timestamp": 1765842268447}, {"id": "546670491", "price": 0.3879, "amount": 38.0, "side": "buy", "timestamp": 1765842269751}, {"id": "546670492", "price": 0.3879, "amount": 211.0, "side": "buy", "timestamp": 1765842269870}, {"id": "546670493", "price": 0.3879, "amount": 18.0, "side": "buy", "timestamp": 1765842270109}, {"id": "546670494", "price": 0.3878, "amount": 22910.0, "side": "sell", "timestamp": 1765842272056}, {"id": "546670495", "price": 0.3878, "amount": 276.0, "side": "buy", "timestamp": 1765842273100}, {"id": "546670496", "price": 0.3878, "amount": 1.0, "side": "buy", "timestamp": 1765842273621}, {"id": "546670497", "price": 0.3878, "amount": 2.0, "side": "buy", "timestamp": 1765842273791}, {"id": "546670498", "price": 0.3878, "amount": 29.0, "side": "buy", "timestamp": 1765842275115}, {"id": "546670499", "price": 0.3878, "amount": 1289.0, "side": "buy", "timestamp": 1765842277146}, {"id": "546670500", "price": 0.3877, "amount": 766.0, "side": "sell", "timestamp": 1765842283209}, {"id": "546670501", "price": 0.3878, "amount": 30.0, "side": "buy", "timestamp": 1765842283580}, {"id": "546670502", "price": 0.3878, "amount": 27.0, "side": "buy", "timestamp": 1765842284814}, {"id": "546670503", "price": 0.3878, "amount": 229.0, "side": "buy", "timestamp": 1765842285031}, {"id": "546670504", "price": 0.3877, "amount": 25747.0, "side": "sell", "timestamp": 1765842285586}, {"id": "546670505", "price": 0.3878, "amount": 63.0, "side": "buy", "timestamp": 1765842286569}, {"id": "546670506", "price": 0.3877, "amount": 20065.0, "side": "sell", "timestamp": 1765842288142}, {"id": "546670507", "price": 0.3876, "amount": 17405.0, "side": "sell", "timestamp": 1765842288142}, {"id": "546670508", "price": 0.3877, "amount": 25.0, "side": "buy", "timestamp": 1765842289005}, {"id": "546670509", "price": 0.3877, "amount": 23.0, "side": "buy", "timestamp": 1765842289553}, {"id": "546670510", "price": 0.3877, "amount": 18.0, "side": "buy", "timestamp": 1765842289757}, {"id": "546670511", "price": 0.3877, "amount": 29.0, "side": "buy", "timestamp": 1765842290020}, {"id": "546670512", "price": 0.3876, "amount": 156.0, "side": "sell", "timestamp": 1765842290645}, {"id": "546670513", "price": 0.3876, "amount": 13.0, "side": "sell", "timestamp": 1765842292040}, {"id": "546670514", "price": 0.3877, "amount": 15.0, "side": "buy", "timestamp": 1765842294005}, {"id": "546670515", "price": 0.3876, "amount": 25.0, "side": "sell", "timestamp": 1765842294077}, {"id": "546670516", "price": 0.3877, "amount": 99.0, "side": "buy", "timestamp": 1765842294762}, {"id": "546670517", "price": 0.3876, "amount": 25.0, "side": "sell", "timestamp": 1765842295360}, {"id": "546670518", "price": 0.3877, "amount": 11.0, "side": "buy", "timestamp": 1765842295959}, {"id": "546670519", "price": 0.3877, "amount": 1195.0, "side": "buy", "timestamp": 1765842296483}, {"id": "546670520", "price": 0.3876, "amount": 3224.0, "side": "sell", "timestamp": 1765842296563}, {"id": "546670521", "price": 0.3877, "amount": 13.0, "side": "buy", "timestamp": 1765842299281}, {"id": "546670522", "price": 0.3876, "amount": 30.0, "side": "sell", "timestamp": 1765842299366}, {"id": "546670523", "price": 0.3876, "amount": 31.0, "side": "sell", "timestamp": 1765842299669}, {"id": "546670524", "price": 0.3877, "amount": 361.0, "side": "buy", "timestamp": 1765842299920}, {"id": "546670525", "price": 0.3876, "amount": 25.0, "side": "sell", "timestamp": 1765842300056}, {"id": "546670526", "price": 0.3876, "amount": 92.0, "side": "sell", "timestamp": 1765842301206}, {"id": "546670527", "price": 0.3877, "amount": 15520.0, "side": "buy", "timestamp": 1765842301211}, {"id": "546670528", "price": 0.3876, "amount": 15.0, "side": "sell", "timestamp": 1765842302548}, {"id": "546670529", "price": 0.3877, "amount": 8.0, "side": "buy", "timestamp": 1765842302856}, {"id": "546670530", "price": 0.3877, "amount": 492.0, "side": "buy", "timestamp": 1765842303320}, {"id": "546670531", "price": 0.3877, "amount": 58.0, "side": "buy", "timestamp": 1765842304195}, {"id": "546670532", "price": 0.3876, "amount": 23074.0, "side": "sell", "timestamp": 1765842304359}, {"id": "546670533", "price": 0.3875, "amount": 674.0, "side": "sell", "timestamp": 1765842304443}, {"id": "546670534", "price": 0.3875, "amount": 14.0, "side": "sell", "timestamp": 1765842304825}, {"id": "546670569", "price": 0.3877, "amount": 58.0, "side": "buy", "timestamp": 1765842323727}, {"id": "546670570", "price": 0.3877, "amount": 386.0, "side": "buy", "timestamp": 1765842324127}, {"id": "546670571", "price": 0.3877, "amount": 21.0, "side": "buy", "timestamp": 1765842324626}, {"id": "546670572", "price": 0.3877, "amount": 11.0, "side": "buy", "timestamp": 1765842325008}, {"id": "546670573", "price": 0.3876, "amount": 79.0, "side": "sell", "timestamp": 1765842325041}, {"id": "546670574", "price": 0.3877, "amount": 67.0, "side": "buy", "timestamp": 1765842325908}, {"id": "546670575", "price": 0.3877, "amount": 87.0, "side": "buy", "timestamp": 1765842326229}, {"id": "546670576", "price": 0.3877, "amount": 5071.0, "side": "buy", "timestamp": 1765842326450}, {"id": "546670577", "price": 0.3878, "amount": 10202.0, "side": "buy", "timestamp": 1765842326464}, {"id": "546670578", "price": 0.3878, "amount": 3.0, "side": "buy", "timestamp": 1765842328945}, {"id": "546670579", "price": 0.3878, "amount": 112.0, "side": "buy", "timestamp": 1765842329713}, {"id": "546670580", "price": 0.3877, "amount": 67.0, "side": "sell", "timestamp": 1765842330558}, {"id": "546670581", "price": 0.3878, "amount": 260.0, "side": "buy", "timestamp": 1765842331566}, {"id": "546670582", "price": 0.3877, "amount": 32.0, "side": "sell", "timestamp": 1765842332436}, {"id": "546670583", "price": 0.3878, "amount": 8253.0, "side": "buy", "timestamp": 1765842333013}, {"id": "546670584", "price": 0.3877, "amount": 18.0, "side": "sell", "timestamp": 1765842333322}, {"id": "546670585", "price": 0.3878, "amount": 515.0, "side": "buy", "timestamp": 1765842333667}, {"id": "546670586", "price": 0.3878, "amount": 13.0, "side": "buy", "timestamp": 1765842334516}, {"id": "546670587", "price": 0.3878, "amount": 60.0, "side": "buy", "timestamp": 1765842334743}, {"id": "546670588", "price": 0.3878, "amount": 73.0, "side": "buy", "timestamp": 1765842334912}, {"id": "546670589", "price": 0.3878, "amount": 102.0, "side": "buy", "timestamp": 1765842335031}, {"id": "546670590", "price": 0.3877, "amount": 27233.0, "side": "sell", "timestamp": 1765842335179}, {"id": "546670591", "price": 0.3878, "amount": 22.0, "side": "buy", "timestamp": 1765842335331}, {"id": "546670592", "price": 0.3877, "amount": 47.0, "side": "sell", "timestamp": 1765842335674}, {"id": "546670593", "price": 0.3878, "amount": 49.0, "side": "buy", "timestamp": 1765842338019}, {"id": "546670594", "price": 0.3878, "amount": 4.0, "side": "buy", "timestamp": 1765842342052}, {"id": "546670595", "price": 0.3877, "amount": 94.0, "side": "sell", "timestamp": 1765842342243}, {"id": "546670596", "price": 0.3878, "amount": 3.0, "side": "buy", "timestamp": 1765842344349}, {"id": "546670597", "price": 0.3878, "amount": 42.0, "side": "buy", "timestamp": 1765842344714}, {"id": "546670598", "price": 0.3878, "amount": 166.0, "side": "buy", "timestamp": 1765842344866}, {"id": "546670599", "price": 0.3878, "amount": 1251.0, "side": "buy", "timestamp": 1765842345057}, {"id": "546670600", "price": 0.3877, "amount": 38.0, "side": "sell", "timestamp": 1765842345999}, {"id": "546670601", "price": 0.3878, "amount": 21.0, "side": "buy", "timestamp": 1765842347195}, {"id": "546670602", "price": 0.3878, "amount": 23.0, "side": "buy", "timestamp": 1765842348266}, {"id": "546670603", "price": 0.3877, "amount": 17752.0, "side": "sell", "timestamp": 1765842349326}, {"id": "546670604", "price": 0.3877, "amount": 20.0, "side": "sell", "timestamp": 1765842349637}, {"id": "546670605", "price": 0.3877, "amount": 19.0, "side": "sell", "timestamp": 1765842350162}, {"id": "546670606", "price": 0.3877, "amount": 462.0, "side": "sell", "timestamp": 1765842350604}, {"id": "546670607", "price": 0.3878, "amount": 6.0, "side": "buy", "timestamp": 1765842353153}, {"id": "546670608", "price": 0.3877, "amount": 2759.0, "side": "sell", "timestamp": 1765842353315}, {"id": "546670609", "price": 0.3877, "amount": 13141.0, "side": "sell", "timestamp": 1765842354689}, {"id": "546670610", "price": 0.3877, "amount": 1.0, "side": "buy", "timestamp": 1765842356106}, {"id": "546670611", "price": 0.3877, "amount": 143.0, "side": "buy", "timestamp": 1765842356219}, {"id": "546670612", "price": 0.3877, "amount": 55.0, "side": "buy", "timestamp": 1765842357327}, {"id": "546670613", "price": 0.3877, "amount": 533.0, "side": "buy", "timestamp": 1765842357787}, {"id": "546670614", "price": 0.3877, "amount": 260.0, "side": "buy", "timestamp": 1765842358067}, {"id": "546670615", "price": 0.3877, "amount": 12.0, "side": "buy", "timestamp": 1765842359144}, {"id": "546670616", "price": 0.3876, "amount": 6212.0, "side": "sell", "timestamp": 1765842359343}, {"id": "546670617", "price": 0.3877, "amount": 34.0, "side": "buy", "timestamp": 1765842360918}, {"id": "546670618", "price": 0.3876, "amount": 360.0, "side": "sell", "timestamp": 1765842361014}, {"id": "546670653", "price": 0.3878, "amount": 16.0, "side": "buy", "timestamp": 1765842381178}, {"id": "546670654", "price": 0.3877, "amount": 71.0, "side": "sell", "timestamp": 1765842381258}, {"id": "546670655", "price": 0.3878, "amount": 11799.0, "side": "buy", "timestamp": 1765842382827}, {"id": "546670656", "price": 0.3878, "amount": 16454.0, "side": "buy", "timestamp": 1765842383357}, {"id": "546670657", "price": 0.3879, "amount": 4376.0, "side": "buy", "timestamp": 1765842383374}, {"id": "546670658", "price": 0.3879, "amount": 128.0, "side": "buy", "timestamp": 1765842383981}, {"id": "546670659", "price": 0.3878, "amount": 206.0, "side": "sell", "timestamp": 1765842384073}, {"id": "546670660", "price": 0.3879, "amount": 6.0, "side": "buy", "timestamp": 1765842384133}, {"id": "546670661", "price": 0.3879, "amount": 45.0, "side": "buy", "timestamp": 1765842384575}, {"id": "546670662", "price": 0.3879, "amount": 33.0, "side": "buy", "timestamp": 1765842384883}, {"id": "546670663", "price": 0.3879, "amount": 27.0, "side": "buy", "timestamp": 1765842385051}, {"id": "546670664", "price": 0.3879, "amount": 12.0, "side": "buy", "timestamp": 1765842385247}, {"id": "546670665", "price": 0.3878, "amount": 83.0, "side": "sell", "timestamp": 1765842386012}, {"id": "546670666", "price": 0.3879, "amount": 15.0, "side": "buy", "timestamp": 1765842387107}, {"id": "546670667", "price": 0.3879, "amount": 17.0, "side": "buy", "timestamp": 1765842388378}, {"id": "546670668", "price": 0.3879, "amount": 16.0, "side": "buy", "timestamp": 1765842388544}, {"id": "546670669", "price": 0.3879, "amount": 15.0, "side": "buy", "timestamp": 1765842388914}, {"id": "546670670", "price": 0.3879, "amount": 23.0, "side": "buy", "timestamp": 1765842389227}, {"id": "546670671", "price": 0.3879, "amount": 42.0, "side": "buy", "timestamp": 1765842389542}, {"id": "546670672", "price": 0.3879, "amount": 40.0, "side": "buy", "timestamp": 1765842389987}, {"id": "546670673", "price": 0.3879, "amount": 4.0, "side": "buy", "timestamp": 1765842390105}, {"id": "546670674", "price": 0.3879, "amount": 1016.0, "side": "buy", "timestamp": 1765842390221}, {"id": "546670675", "price": 0.3879, "amount": 13.0, "side": "buy", "timestamp": 1765842390350}, {"id": "546670676", "price": 0.3879, "amount": 139.0, "side": "buy", "timestamp": 1765842390524}, {"id": "546670677", "price": 0.3879, "amount": 18.0, "side": "buy", "timestamp": 1765842390766}, {"id": "546670678", "price": 0.3879, "amount": 1500.0, "side": "buy", "timestamp": 1765842391113}, {"id": "546670679", "price": 0.3879, "amount": 43.0, "side": "buy", "timestamp": 1765842394949}, {"id": "546670680", "price": 0.3879, "amount": 33.0, "side": "buy", "timestamp": 1765842396327}, {"id": "546670681", "price": 0.3878, "amount": 32.0, "side": "sell", "timestamp": 1765842398312}, {"id": "546670682", "price": 0.3879, "amount": 17.0, "side": "buy", "timestamp": 1765842398367}, {"id": "546670683", "price": 0.3879, "amount": 43.0, "side": "buy", "timestamp": 1765842399842}, {"id": "546670684", "price": 0.3879, "amount": 38.0, "side": "buy", "timestamp": 1765842400592}, {"id": "546670685", "price": 0.3879, "amount": 18.0, "side": "buy", "timestamp": 1765842400765}, {"id": "546670686", "price": 0.3879, "amount": 67.0, "side": "buy", "timestamp": 1765842401211}, {"id": "546670687", "price": 0.3878, "amount": 21460.0, "side": "sell", "timestamp": 1765842401749}, {"id": "546670688", "price": 0.3878, "amount": 3147.0, "side": "buy", "timestamp": 1765842402397}, {"id": "546670689", "price": 0.3878, "amount": 1288.0, "side": "buy", "timestamp": 1765842402562}, {"id": "546670690", "price": 0.3877, "amount": 24787.0, "side": "sell", "timestamp": 1765842405184}, {"id": "546670691", "price": 0.3877, "amount": 105.0, "side": "buy", "timestamp": 1765842405568}, {"id": "546670692", "price": 0.3876, "amount": 5000.0, "side": "sell", "timestamp": 1765842406034}, {"id": "546670693", "price": 0.3877, "amount": 12.0, "side": "buy", "timestamp": 1765842406175}, {"id": "546670694", "price": 0.3876, "amount": 40.0, "side": "sell", "timestamp": 1765842406307}, {"id": "546670695", "price": 0.3876, "amount": 31.0, "side": "sell", "timestamp": 1765842407626}, {"id": "546670696", "price": 0.3877, "amount": 103.0, "side": "buy", "timestamp": 1765842408176}, {"id": "546670697", "price": 0.3877, "amount": 17.0, "side": "buy", "timestamp": 1765842408381}, {"id": "546670698", "price": 0.3876, "amount": 22.0, "side": "sell", "timestamp": 1765842408911}, {"id": "546670699", "price": 0.3877, "amount": 47.0, "side": "buy", "timestamp": 1765842410592}, {"id": "546670700", "price": 0.3877, "amount": 18.0, "side": "buy", "timestamp": 1765842410770}, {"id": "546670701", "price": 0.3877, "amount": 30.0, "side": "buy", "timestamp": 1765842413409}, {"id": "546670702", "price": 0.3877, "amount": 5.0, "side": "buy", "timestamp": 1765842414482}, {"id": "546670744", "price": 0.3877, "amount": 31.0, "side": "sell", "timestamp": 1765842443637}, {"id": "546670745", "price": 0.3878, "amount": 14.0, "side": "buy", "timestamp": 1765842444434}, {"id": "546670746", "price": 0.3878, "amount": 144.0, "side": "buy", "timestamp": 1765842444898}, {"id": "546670747", "price": 0.3878, "amount": 261.0, "side": "buy", "timestamp": 1765842445105}, {"id": "546670748", "price": 0.3878, "amount": 12.0, "side": "buy", "timestamp": 1765842445276}, {"id": "546670749", "price": 0.3878, "amount": 73.0, "side": "buy", "timestamp": 1765842445704}, {"id": "546670750", "price": 0.3878, "amount": 42.0, "side": "buy", "timestamp": 1765842446651}, {"id": "546670751", "price": 0.3878, "amount": 130.0, "side": "buy", "timestamp": 1765842448109}, {"id": "546670752", "price": 0.3878, "amount": 7.0, "side": "buy", "timestamp": 1765842448393}, {"id": "546670753", "price": 0.3878, "amount": 80.0, "side": "buy", "timestamp": 1765842449506}, {"id": "546670754", "price": 0.3878, "amount": 140.0, "side": "buy", "timestamp": 1765842449815}, {"id": "546670755", "price": 0.3878, "amount": 100.0, "side": "buy", "timestamp": 1765842449947}, {"id": "546670756", "price": 0.3878, "amount": 2.0, "side": "buy", "timestamp": 1765842451192}, {"id": "546670757", "price": 0.3878, "amount": 23.0, "side": "buy", "timestamp": 1765842453059}, {"id": "546670758", "price": 0.3877, "amount": 1049.0, "side": "sell", "timestamp": 1765842454721}, {"id": "546670759", "price": 0.3878, "amount": 146.0, "side": "buy", "timestamp": 1765842454777}, {"id": "546670760", "price": 0.3878, "amount": 99.0, "side": "buy", "timestamp": 1765842454950}, {"id": "546670761", "price": 0.3878, "amount": 26.0, "side": "buy", "timestamp": 1765842456203}, {"id": "546670762", "price": 0.3878, "amount": 638.0, "side": "buy", "timestamp": 1765842456716}, {"id": "546670763", "price": 0.3878, "amount": 23066.0, "side": "buy", "timestamp": 1765842457509}, {"id": "546670764", "price": 0.3879, "amount": 10576.0, "side": "buy", "timestamp": 1765842457598}, {"id": "546670765", "price": 0.3879, "amount": 106390.0, "side": "sell", "timestamp": 1765842457601}, {"id": "546670766", "price": 0.3879, "amount": 64.0, "side": "sell", "timestamp": 1765842458408}, {"id": "546670767", "price": 0.388, "amount": 17.0, "side": "buy", "timestamp": 1765842458493}, {"id": "546670768", "price": 0.388, "amount": 1947.0, "side": "buy", "timestamp": 1765842458836}, {"id": "546670769", "price": 0.388, "amount": 47160.0, "side": "buy", "timestamp": 1765842458968}, {"id": "546670770", "price": 0.3881, "amount": 5652.0, "side": "buy", "timestamp": 1765842459054}, {"id": "546670771", "price": 0.3881, "amount": 129.0, "side": "buy", "timestamp": 1765842459750}, {"id": "546670772", "price": 0.3881, "amount": 122.0, "side": "buy", "timestamp": 1765842459899}, {"id": "546670773", "price": 0.3881, "amount": 262.0, "side": "buy", "timestamp": 1765842460080}, {"id": "546670774", "price": 0.3881, "amount": 13.0, "side": "buy", "timestamp": 1765842460331}, {"id": "546670775", "price": 0.3881, "amount": 2855.0, "side": "buy", "timestamp": 1765842461179}, {"id": "546670776", "price": 0.3881, "amount": 22.0, "side": "buy", "timestamp": 1765842461343}, {"id": "546670777", "price": 0.3881, "amount": 8.0, "side": "buy", "timestamp": 1765842463036}, {"id": "546670778", "price": 0.3881, "amount": 12.0, "side": "buy", "timestamp": 1765842463336}, {"id": "546670779", "price": 0.3881, "amount": 5221.0, "side": "buy", "timestamp": 1765842463884}, {"id": "546670780", "price": 0.3881, "amount": 98.0, "side": "buy", "timestamp": 1765842464783}, {"id": "546670781", "price": 0.3881, "amount": 144.0, "side": "buy", "timestamp": 1765842464965}, {"id": "546670782", "price": 0.3881, "amount": 41.0, "side": "buy", "timestamp": 1765842465846}, {"id": "546670783", "price": 0.3881, "amount": 205.0, "side": "buy", "timestamp": 1765842467129}, {"id": "546670784", "price": 0.3881, "amount": 12.0, "side": "buy", "timestamp": 1765842467321}, {"id": "546670785", "price": 0.3881, "amount": 13.0, "side": "buy", "timestamp": 1765842468084}, {"id": "546670786", "price": 0.388, "amount": 101.0, "side": "sell", "timestamp": 1765842468241}, {"id": "546670787", "price": 0.388, "amount": 246.0, "side": "sell", "timestamp": 1765842468465}, {"id": "546670788", "price": 0.388, "amount": 65613.0, "side": "sell", "timestamp": 1765842468793}, {"id": "546670789", "price": 0.388, "amount": 13309.0, "side": "sell", "timestamp": 1765842468955}, {"id": "546670790", "price": 0.3881, "amount": 259.0, "side": "buy", "timestamp": 1765842469219}, {"id": "546670791", "price": 0.3881, "amount": 12.0, "side": "buy", "timestamp": 1765842469580}, {"id": "546670792", "price": 0.388, "amount": 25.0, "side": "sell", "timestamp": 1765842469869}, {"id": "546670793", "price": 0.3881, "amount": 26.0, "side": "buy", "timestamp": 1765842470618}, {"id": "546670811", "price": 0.388, "amount": 120.0, "side": "sell", "timestamp": 1765842485225}, {"id": "546670812", "price": 0.3881, "amount": 20.0, "side": "buy", "timestamp": 1765842485435}, {"id": "546670813", "price": 0.3881, "amount": 38.0, "side": "buy", "timestamp": 1765842485599}, {"id": "546670814", "price": 0.388, "amount": 644.0, "side": "sell", "timestamp": 1765842485656}, {"id": "546670815", "price": 0.388, "amount": 121.0, "side": "sell", "timestamp": 1765842486888}, {"id": "546670816", "price": 0.3881, "amount": 12.0, "side": "buy", "timestamp": 1765842489436}, {"id": "546670817", "price": 0.3881, "amount": 132.0, "side": "buy", "timestamp": 1765842489799}, {"id": "546670818", "price": 0.3881, "amount": 107.0, "side": "buy", "timestamp": 1765842489977}, {"id": "546670819", "price": 0.3881, "amount": 98.0, "side": "buy", "timestamp": 1765842490084}, {"id": "546670820", "price": 0.388, "amount": 37.0, "side": "sell", "timestamp": 1765842490742}, {"id": "546670821", "price": 0.3881, "amount": 30.0, "side": "buy", "timestamp": 1765842491174}, {"id": "546670822", "price": 0.3881, "amount": 2164.0, "side": "buy", "timestamp": 1765842491443}, {"id": "546670823", "price": 0.3881, "amount": 13.0, "side": "buy", "timestamp": 1765842492570}, {"id": "546670824", "price": 0.388, "amount": 148904.0, "side": "sell", "timestamp": 1765842493513}, {"id": "546670825", "price": 0.3879, "amount": 35409.0, "side": "sell", "timestamp": 1765842493517}, {"id": "546670826", "price": 0.3879, "amount": 9.0, "side": "buy", "timestamp": 1765842493727}, {"id": "546670827", "price": 0.3879, "amount": 13.0, "side": "buy", "timestamp": 1765842494364}, {"id": "546670828", "price": 0.3878, "amount": 9459.0, "side": "sell", "timestamp": 1765842494367}, {"id": "546670829", "price": 0.3877, "amount": 38107.0, "side": "sell", "timestamp": 1765842495930}, {"id": "546670830", "price": 0.3877, "amount": 238.0, "side": "buy", "timestamp": 1765842496801}, {"id": "546670831", "price": 0.3876, "amount": 15.0, "side": "sell", "timestamp": 1765842498595}, {"id": "546670832", "price": 0.3877, "amount": 16.0, "side": "buy", "timestamp": 1765842502382}, {"id": "546670833", "price": 0.3877, "amount": 101.0, "side": "buy", "timestamp": 1765842503316}, {"id": "546670834", "price": 0.3877, "amount": 23.0, "side": "buy", "timestamp": 1765842504622}, {"id": "546670835", "price": 0.3876, "amount": 200.0, "side": "sell", "timestamp": 1765842505746}, {"id": "546670836", "price": 0.3876, "amount": 19.0, "side": "sell", "timestamp": 1765842506254}, {"id": "546670837", "price": 0.3877, "amount": 12.0, "side": "buy", "timestamp": 1765842506535}, {"id": "546670838", "price": 0.3877, "amount": 182.0, "side": "buy", "timestamp": 1765842507189}, {"id": "546670839", "price": 0.3877, "amount": 143.0, "side": "buy", "timestamp": 1765842509794}, {"id": "546670840", "price": 0.3877, "amount": 114.0, "side": "buy", "timestamp": 1765842510001}, {"id": "546670841", "price": 0.3877, "amount": 3.0, "side": "buy", "timestamp": 1765842512052}, {"id": "546670842", "price": 0.3876, "amount": 1430.0, "side": "sell", "timestamp": 1765842512218}, {"id": "546670843", "price": 0.3876, "amount": 60.0, "side": "sell", "timestamp": 1765842512825}, {"id": "546670844", "price": 0.3876, "amount": 14.0, "side": "sell", "timestamp": 1765842513081}, {"id": "546670845", "price": 0.3876, "amount": 39.0, "side": "sell", "timestamp": 1765842513190}, {"id": "546670846", "price": 0.3877, "amount": 185.0, "side": "buy", "timestamp": 1765842514942}, {"id": "546670847", "price": 0.3877, "amount": 66.0, "side": "buy", "timestamp": 1765842515067}, {"id": "546670848", "price": 0.3876, "amount": 31.0, "side": "sell", "timestamp": 1765842515635}, {"id": "546670849", "price": 0.3877, "amount": 13.0, "side": "buy", "timestamp": 1765842515995}, {"id": "546670850", "price": 0.3876, "amount": 65.0, "side": "sell", "timestamp": 1765842517456}, {"id": "546670851", "price": 0.3877, "amount": 78.0, "side": "buy", "timestamp": 1765842519739}, {"id": "546670852", "price": 0.3877, "amount": 108.0, "side": "buy", "timestamp": 1765842519923}, {"id": "546670853", "price": 0.3877, "amount": 66.0, "side": "buy", "timestamp": 1765842520065}, {"id": "546670854", "price": 0.3876, "amount": 642.0, "side": "sell", "timestamp": 1765842521474}, {"id": "546670855", "price": 0.3876, "amount": 3391.0, "side": "sell", "timestamp": 1765842523908}, {"id": "546670856", "price": 0.3877, "amount": 180.0, "side": "buy", "timestamp": 1765842524787}, {"id": "546670857", "price": 0.3877, "amount": 41.0, "side": "buy", "timestamp": 1765842524934}, {"id": "546670858", "price": 0.3877, "amount": 26.0, "side": "buy", "timestamp": 1765842525097}, {"id": "546670859", "price": 0.3876, "amount": 13223.0, "side": "sell", "timestamp": 1765842526621}, {"id": "546670860", "price": 0.3875, "amount": 110.0, "side": "sell", "timestamp": 1765842526759}, {"id": "546670897", "price": 0.3873, "amount": 30.0, "side": "sell", "timestamp": 1765842553454}, {"id": "546670898", "price": 0.3873, "amount": 15.0, "side": "sell", "timestamp": 1765842554172}, {"id": "546670899", "price": 0.3874, "amount": 14.0, "side": "buy", "timestamp": 1765842554362}, {"id": "546670900", "price": 0.3873, "amount": 15.0, "side": "sell", "timestamp": 1765842554671}, {"id": "546670901", "price": 0.3873, "amount": 15.0, "side": "sell", "timestamp": 1765842555289}, {"id": "546670902", "price": 0.3873, "amount": 361.0, "side": "sell", "timestamp": 1765842555610}, {"id": "546670903", "price": 0.3873, "amount": 41.0, "side": "sell", "timestamp": 1765842555857}, {"id": "546670904", "price": 0.3874, "amount": 23.0, "side": "buy", "timestamp": 1765842556877}, {"id": "546670905", "price": 0.3874, "amount": 21.0, "side": "buy", "timestamp": 1765842557009}, {"id": "546670906", "price": 0.3874, "amount": 3.0, "side": "buy", "timestamp": 1765842559571}, {"id": "546670907", "price": 0.3874, "amount": 100.0, "side": "buy", "timestamp": 1765842559909}, {"id": "546670908", "price": 0.3874, "amount": 151.0, "side": "buy", "timestamp": 1765842560032}, {"id": "546670909", "price": 0.3873, "amount": 897.0, "side": "sell", "timestamp": 1765842561693}, {"id": "546670910", "price": 0.3874, "amount": 24.0, "side": "buy", "timestamp": 1765842562241}, {"id": "546670911", "price": 0.3873, "amount": 38.0, "side": "sell", "timestamp": 1765842562336}, {"id": "546670912", "price": 0.3874, "amount": 5163.0, "side": "buy", "timestamp": 1765842562831}, {"id": "546670913", "price": 0.3873, "amount": 1407.0, "side": "sell", "timestamp": 1765842564059}, {"id": "546670914", "price": 0.3873, "amount": 458.0, "side": "sell", "timestamp": 1765842564792}, {"id": "546670915", "price": 0.3874, "amount": 39.0, "side": "buy", "timestamp": 1765842564807}, {"id": "546670916", "price": 0.3874, "amount": 128.0, "side": "buy", "timestamp": 1765842564931}, {"id": "546670917", "price": 0.3874, "amount": 100.0, "side": "buy", "timestamp": 1765842565077}, {"id": "546670918", "price": 0.3874, "amount": 162.0, "side": "buy", "timestamp": 1765842565633}, {"id": "546670919", "price": 0.3874, "amount": 12.0, "side": "buy", "timestamp": 1765842567571}, {"id": "546670920", "price": 0.3874, "amount": 12.0, "side": "buy", "timestamp": 1765842567950}, {"id": "546670921", "price": 0.3874, "amount": 213.0, "side": "buy", "timestamp": 1765842569722}, {"id": "546670922", "price": 0.3874, "amount": 43.0, "side": "buy", "timestamp": 1765842569951}, {"id": "546670923", "price": 0.3874, "amount": 16.0, "side": "buy", "timestamp": 1765842571285}, {"id": "546670924", "price": 0.3874, "amount": 13.0, "side": "buy", "timestamp": 1765842572002}, {"id": "546670925", "price": 0.3874, "amount": 98.0, "side": "buy", "timestamp": 1765842572566}, {"id": "546670926", "price": 0.3874, "amount": 4.0, "side": "buy", "timestamp": 1765842573131}, {"id": "546670927", "price": 0.3874, "amount": 1775.0, "side": "buy", "timestamp": 1765842574302}, {"id": "546670928", "price": 0.3874, "amount": 65.0, "side": "buy", "timestamp": 1765842574771}, {"id": "546670929", "price": 0.3874, "amount": 182.0, "side": "buy", "timestamp": 1765842574888}, {"id": "546670930", "price": 0.3874, "amount": 62279.0, "side": "buy", "timestamp": 1765842575376}, {"id": "546670931", "price": 0.3875, "amount": 28141.0, "side": "buy", "timestamp": 1765842575413}, {"id": "546670932", "price": 0.3876, "amount": 4620.0, "side": "buy", "timestamp": 1765842575487}, {"id": "546670933", "price": 0.3875, "amount": 694.0, "side": "sell", "timestamp": 1765842575575}, {"id": "546670934", "price": 0.3876, "amount": 1614.0, "side": "buy", "timestamp": 1765842575578}, {"id": "546670935", "price": 0.3875, "amount": 27535.0, "side": "sell", "timestamp": 1765842575647}, {"id": "546670936", "price": 0.3876, "amount": 800.0, "side": "buy", "timestamp": 1765842575672}, {"id": "546670937", "price": 0.3875, "amount": 2581.0, "side": "sell", "timestamp": 1765842575690}, {"id": "546670938", "price": 0.3874, "amount": 62.0, "side": "sell", "timestamp": 1765842576002}, {"id": "546670939", "price": 0.3875, "amount": 37.0, "side": "buy", "timestamp": 1765842576183}, {"id": "546670940", "price": 0.3874, "amount": 10312.0, "side": "sell", "timestamp": 1765842576438}, {"id": "546670941", "price": 0.3873, "amount": 2288.0, "side": "sell", "timestamp": 1765842576441}, {"id": "546670942", "price": 0.3874, "amount": 215.0, "side": "buy", "timestamp": 1765842577406}, {"id": "546670943", "price": 0.3874, "amount": 36180.0, "side": "sell", "timestamp": 1765842578251}, {"id": "546670944", "price": 0.3875, "amount": 40.0, "side": "buy", "timestamp": 1765842579784}, {"id": "546670945", "price": 0.3875, "amount": 209.0, "side": "buy", "timestamp": 1765842580036}, {"id": "546670946", "price": 0.3874, "amount": 262.0, "side": "sell", "timestamp": 1765842580188}, {"id": "546670972", "price": 0.3875, "amount": 16.0, "side": "buy", "timestamp": 1765842604343}, {"id": "546670973", "price": 0.3875, "amount": 19.0, "side": "buy", "timestamp": 1765842604444}, {"id": "546670974", "price": 0.3875, "amount": 37.0, "side": "buy", "timestamp": 1765842604598}, {"id": "546670975", "price": 0.3875, "amount": 16.0, "side": "buy", "timestamp": 1765842605000}, {"id": "546670976", "price": 0.3875, "amount": 96.0, "side": "buy", "timestamp": 1765842605102}, {"id": "546670977", "price": 0.3874, "amount": 30.0, "side": "sell", "timestamp": 1765842605413}, {"id": "546670978", "price": 0.3874, "amount": 291.0, "side": "sell", "timestamp": 1765842606228}, {"id": "546670979", "price": 0.3875, "amount": 120.0, "side": "buy", "timestamp": 1765842606291}, {"id": "546670980", "price": 0.3874, "amount": 28.0, "side": "sell", "timestamp": 1765842606779}, {"id": "546670981", "price": 0.3875, "amount": 11.0, "side": "buy", "timestamp": 1765842608129}, {"id": "546670982", "price": 0.3875, "amount": 112.0, "side": "buy", "timestamp": 1765842609743}, {"id": "546670983", "price": 0.3875, "amount": 195.0, "side": "buy", "timestamp": 1765842609853}, {"id": "546670984", "price": 0.3875, "amount": 39.0, "side": "buy", "timestamp": 1765842610059}, {"id": "546670985", "price": 0.3874, "amount": 25.0, "side": "sell", "timestamp": 1765842611234}, {"id": "546670986", "price": 0.3874, "amount": 258.0, "side": "sell", "timestamp": 1765842611795}, {"id": "546670987", "price": 0.3874, "amount": 16.0, "side": "sell", "timestamp": 1765842612272}, {"id": "546670988", "price": 0.3875, "amount": 18.0, "side": "buy", "timestamp": 1765842612331}, {"id": "546670989", "price": 0.3874, "amount": 154.0, "side": "sell", "timestamp": 1765842612770}, {"id": "546670990", "price": 0.3874, "amount": 82.0, "side": "sell", "timestamp": 1765842613130}, {"id": "546670991", "price": 0.3875, "amount": 8.0, "side": "buy", "timestamp": 1765842613466}, {"id": "546670992", "price": 0.3875, "amount": 218.0, "side": "buy", "timestamp": 1765842614732}, {"id": "546670993", "price": 0.3875, "amount": 41.0, "side": "buy", "timestamp": 1765842615014}, {"id": "546670994", "price": 0.3875, "amount": 5.0, "side": "buy", "timestamp": 1765842615653}, {"id": "546670995", "price": 0.3875, "amount": 76.0, "side": "buy", "timestamp": 1765842615816}, {"id": "546670996", "price": 0.3874, "amount": 58022.0, "side": "sell", "timestamp": 1765842619466}, {"id": "546670997", "price": 0.3874, "amount": 7482.0, "side": "buy", "timestamp": 1765842619778}, {"id": "546670998", "price": 0.3875, "amount": 13337.0, "side": "buy", "timestamp": 1765842619848}, {"id": "546670999", "price": 0.3875, "amount": 7041.0, "side": "buy", "timestamp": 1765842619977}, {"id": "546671000", "price": 0.3874, "amount": 206.0, "side": "sell", "timestamp": 1765842622107}, {"id": "546671001", "price": 0.3875, "amount": 4.0, "side": "buy", "timestamp": 1765842623365}, {"id": "546671002", "price": 0.3874, "amount": 31.0, "side": "sell", "timestamp": 1765842623639}, {"id": "546671003", "price": 0.3875, "amount": 17.0, "side": "buy", "timestamp": 1765842624347}, {"id": "546671004", "price": 0.3875, "amount": 83.0, "side": "buy", "timestamp": 1765842624658}, {"id": "546671005", "price": 0.3874, "amount": 170.0, "side": "sell", "timestamp": 1765842626293}, {"id": "546671006", "price": 0.3874, "amount": 352.0, "side": "sell", "timestamp": 1765842626397}, {"id": "546671007", "price": 0.3875, "amount": 4.0, "side": "buy", "timestamp": 1765842628422}, {"id": "546671008", "price": 0.3875, "amount": 213.0, "side": "buy", "timestamp": 1765842629789}, {"id": "546671009", "price": 0.3875, "amount": 24.0, "side": "buy", "timestamp": 1765842630080}, {"id": "546671010", "price": 0.3875, "amount": 18.0, "side": "buy", "timestamp": 1765842630383}, {"id": "546671011", "price": 0.3874, "amount": 68.0, "side": "sell", "timestamp": 1765842632633}, {"id": "546671012", "price": 0.3875, "amount": 4.0, "side": "buy", "timestamp": 1765842633013}, {"id": "546671013", "price": 0.3875, "amount": 2566.0, "side": "buy", "timestamp": 1765842633360}, {"id": "546671014", "price": 0.3875, "amount": 7.0, "side": "buy", "timestamp": 1765842633932}, {"id": "546671015", "price": 0.3875, "amount": 1.0, "side": "buy", "timestamp": 1765842634246}, {"id": "546671016", "price": 0.3875, "amount": 86.0, "side": "buy", "timestamp": 1765842634707}, {"id": "546671017", "price": 0.3875, "amount": 175.0, "side": "buy", "timestamp": 1765842634988}, {"id": "546671018", "price": 0.3875, "amount": 11201.0, "side": "buy", "timestamp": 1765842635293}, {"id": "546671019", "price": 0.3875, "amount": 14.0, "side": "buy", "timestamp": 1765842635623}, {"id": "546671020", "price": 0.3874, "amount": 118.0, "side": "sell", "timestamp": 1765842636332}, {"id": "546671021", "price": 0.3875, "amount": 20.0, "side": "buy", "timestamp": 1765842636426}, {"id": "546671048", "price": 0.3874, "amount": 456.0, "side": "buy", "timestamp": 1765842659970}, {"id": "546671049", "price": 0.3874, "amount": 90.0, "side": "buy", "timestamp": 1765842660399}, {"id": "546671050", "price": 0.3874, "amount": 30.0, "side": "buy", "timestamp": 1765842660951}, {"id": "546671051", "price": 0.3874, "amount": 26.0, "side": "buy", "timestamp": 1765842661582}, {"id": "546671052", "price": 0.3874, "amount": 64.0, "side": "buy", "timestamp": 1765842664208}, {"id": "546671053", "price": 0.3874, "amount": 93.0, "side": "buy", "timestamp": 1765842664538}, {"id": "546671054", "price": 0.3874, "amount": 34.0, "side": "buy", "timestamp": 1765842664651}, {"id": "546671055", "price": 0.3874, "amount": 23.0, "side": "buy", "timestamp": 1765842664859}, {"id": "546671056", "price": 0.3874, "amount": 94.0, "side": "buy", "timestamp": 1765842664991}, {"id": "546671057", "price": 0.3874, "amount": 37.0, "side": "buy", "timestamp": 1765842665111}, {"id": "546671058", "price": 0.3874, "amount": 26.0, "side": "buy", "timestamp": 1765842665448}, {"id": "546671059", "price": 0.3874, "amount": 221.0, "side": "buy", "timestamp": 1765842665620}, {"id": "546671060", "price": 0.3874, "amount": 30.0, "side": "buy", "timestamp": 1765842665935}, {"id": "546671061", "price": 0.3873, "amount": 41559.0, "side": "sell", "timestamp": 1765842666197}, {"id": "546671062", "price": 0.3872, "amount": 62182.0, "side": "sell", "timestamp": 1765842666198}, {"id": "546671063", "price": 0.3872, "amount": 9284.0, "side": "sell", "timestamp": 1765842666519}, {"id": "546671064", "price": 0.3873, "amount": 351.0, "side": "buy", "timestamp": 1765842667691}, {"id": "546671065", "price": 0.3873, "amount": 7.0, "side": "buy", "timestamp": 1765842667829}, {"id": "546671066", "price": 0.3872, "amount": 41.0, "side": "sell", "timestamp": 1765842668532}, {"id": "546671067", "price": 0.3873, "amount": 49.0, "side": "buy", "timestamp": 1765842669541}, {"id": "546671068", "price": 0.3873, "amount": 3.0, "side": "buy", "timestamp": 1765842671201}, {"id": "546671069", "price": 0.3873, "amount": 5.0, "side": "buy", "timestamp": 1765842673593}, {"id": "546671070", "price": 0.3872, "amount": 16270.0, "side": "sell", "timestamp": 1765842673717}, {"id": "546671071", "price": 0.3871, "amount": 15.0, "side": "sell", "timestamp": 1765842674392}, {"id": "546671072", "price": 0.3872, "amount": 5.0, "side": "buy", "timestamp": 1765842674531}, {"id": "546671073", "price": 0.3872, "amount": 60.0, "side": "buy", "timestamp": 1765842674894}, {"id": "546671074", "price": 0.3871, "amount": 6031.0, "side": "sell", "timestamp": 1765842675476}, {"id": "546671075", "price": 0.3871, "amount": 6031.0, "side": "sell", "timestamp": 1765842675784}, {"id": "546671076", "price": 0.3871, "amount": 75.0, "side": "sell", "timestamp": 1765842676063}, {"id": "546671077", "price": 0.3871, "amount": 2000.0, "side": "sell", "timestamp": 1765842677453}, {"id": "546671078", "price": 0.3872, "amount": 2.0, "side": "buy", "timestamp": 1765842677912}, {"id": "546671079", "price": 0.3872, "amount": 21.0, "side": "buy", "timestamp": 1765842678874}, {"id": "546671080", "price": 0.3872, "amount": 13.0, "side": "buy", "timestamp": 1765842684352}, {"id": "546671081", "price": 0.3872, "amount": 145.0, "side": "buy", "timestamp": 1765842685158}, {"id": "546671082", "price": 0.3871, "amount": 891.0, "side": "sell", "timestamp": 1765842688133}, {"id": "546671083", "price": 0.3872, "amount": 1.0, "side": "buy", "timestamp": 1765842689165}, {"id": "546671084", "price": 0.3872, "amount": 28.0, "side": "buy", "timestamp": 1765842689736}, {"id": "546671085", "price": 0.3872, "amount": 227.0, "side": "buy", "timestamp": 1765842689989}, {"id": "546671086", "price": 0.3872, "amount": 4.0, "side": "buy", "timestamp": 1765842690163}, {"id": "546671087", "price": 0.3871, "amount": 6790.0, "side": "sell", "timestamp": 1765842692069}, {"id": "546671088", "price": 0.3872, "amount": 1162.0, "side": "buy", "timestamp": 1765842692851}, {"id": "546671089", "price": 0.3872, "amount": 13.0, "side": "buy", "timestamp": 1765842693420}, {"id": "546671090", "price": 0.3871, "amount": 13.0, "side": "sell", "timestamp": 1765842693517}, {"id": "546671091", "price": 0.3872, "amount": 15.0, "side": "buy", "timestamp": 1765842693712}, {"id": "546671092", "price": 0.3872, "amount": 15.0, "side": "buy", "timestamp": 1765842694021}, {"id": "546671093", "price": 0.3872, "amount": 5.0, "side": "buy", "timestamp": 1765842694156}, {"id": "546671094", "price": 0.3872, "amount": 161.0, "side": "buy", "timestamp": 1765842694725}, {"id": "546671095", "price": 0.3872, "amount": 132.0, "side": "buy", "timestamp": 1765842695015}, {"id": "546671096", "price": 0.3872, "amount": 1.0, "side": "buy", "timestamp": 1765842695376}, {"id": "546671097", "price": 0.3871, "amount": 19.0, "side": "sell", "timestamp": 1765842695451}, {"id": "546671123", "price": 0.3871, "amount": 41.0, "side": "buy", "timestamp": 1765842712458}, {"id": "546671124", "price": 0.3871, "amount": 29.0, "side": "buy", "timestamp": 1765842712984}, {"id": "546671125", "price": 0.387, "amount": 632.0, "side": "sell", "timestamp": 1765842713117}, {"id": "546671126", "price": 0.3871, "amount": 13.0, "side": "buy", "timestamp": 1765842714264}, {"id": "546671127", "price": 0.3871, "amount": 22228.0, "side": "buy", "timestamp": 1765842714773}, {"id": "546671128", "price": 0.3872, "amount": 3953.0, "side": "buy", "timestamp": 1765842714774}, {"id": "546671129", "price": 0.3872, "amount": 64.0, "side": "buy", "timestamp": 1765842715832}, {"id": "546671130", "price": 0.3872, "amount": 2.0, "side": "buy", "timestamp": 1765842716109}, {"id": "546671131", "price": 0.3872, "amount": 64.0, "side": "buy", "timestamp": 1765842717191}, {"id": "546671132", "price": 0.3872, "amount": 198.0, "side": "buy", "timestamp": 1765842720336}, {"id": "546671133", "price": 0.3872, "amount": 15.0, "side": "buy", "timestamp": 1765842723932}, {"id": "546671134", "price": 0.3872, "amount": 14.0, "side": "buy", "timestamp": 1765842724356}, {"id": "546671135", "price": 0.3872, "amount": 20.0, "side": "buy", "timestamp": 1765842724720}, {"id": "546671136", "price": 0.3871, "amount": 521.0, "side": "sell", "timestamp": 1765842724741}, {"id": "546671137", "price": 0.3872, "amount": 52923.0, "side": "buy", "timestamp": 1765842724771}, {"id": "546671138", "price": 0.3873, "amount": 3131.0, "side": "buy", "timestamp": 1765842724776}, {"id": "546671139", "price": 0.3872, "amount": 545.0, "side": "sell", "timestamp": 1765842724853}, {"id": "546671140", "price": 0.3873, "amount": 113.0, "side": "buy", "timestamp": 1765842725058}, {"id": "546671141", "price": 0.3873, "amount": 36.0, "side": "buy", "timestamp": 1765842725452}, {"id": "546671142", "price": 0.3873, "amount": 44.0, "side": "buy", "timestamp": 1765842725609}, {"id": "546671143", "price": 0.3873, "amount": 112.0, "side": "buy", "timestamp": 1765842725907}, {"id": "546671144", "price": 0.3873, "amount": 26.0, "side": "buy", "timestamp": 1765842726064}, {"id": "546671145", "price": 0.3872, "amount": 3549.0, "side": "sell", "timestamp": 1765842726474}, {"id": "546671146", "price": 0.3872, "amount": 4.0, "side": "buy", "timestamp": 1765842726819}, {"id": "546671147", "price": 0.3872, "amount": 177.0, "side": "buy", "timestamp": 1765842729711}, {"id": "546671148", "price": 0.3872, "amount": 149.0, "side": "buy", "timestamp": 1765842730058}, {"id": "546671149", "price": 0.3871, "amount": 6909.0, "side": "sell", "timestamp": 1765842730254}, {"id": "546671150", "price": 0.3871, "amount": 31.0, "side": "sell", "timestamp": 1765842731633}, {"id": "546671151", "price": 0.3872, "amount": 4.0, "side": "buy", "timestamp": 1765842734284}, {"id": "546671152", "price": 0.3872, "amount": 6.0, "side": "buy", "timestamp": 1765842737085}, {"id": "546671153", "price": 0.3872, "amount": 3.0, "side": "buy", "timestamp": 1765842737432}, {"id": "546671154", "price": 0.3872, "amount": 8.0, "side": "buy", "timestamp": 1765842737629}, {"id": "546671155", "price": 0.3872, "amount": 38.0, "side": "buy", "timestamp": 1765842739741}, {"id": "546671156", "price": 0.3871, "amount": 5158.0, "side": "sell", "timestamp": 1765842739839}, {"id": "546671157", "price": 0.3872, "amount": 107.0, "side": "buy", "timestamp": 1765842739935}, {"id": "546671158", "price": 0.3872, "amount": 101.0, "side": "buy", "timestamp": 1765842740049}, {"id": "546671159", "price": 0.3872, "amount": 147.0, "side": "buy", "timestamp": 1765842744728}, {"id": "546671160", "price": 0.3872, "amount": 105.0, "side": "buy", "timestamp": 1765842745018}, {"id": "546671161", "price": 0.3872, "amount": 84.0, "side": "buy", "timestamp": 1765842745267}, {"id": "546671162", "price": 0.3872, "amount": 4.0, "side": "buy", "timestamp": 1765842746051}, {"id": "546671163", "price": 0.3872, "amount": 49.0, "side": "buy", "timestamp": 1765842746307}, {"id": "546671164", "price": 0.3871, "amount": 1183.0, "side": "sell", "timestamp": 1765842747103}, {"id": "546671165", "price": 0.3872, "amount": 4.0, "side": "buy", "timestamp": 1765842749042}, {"id": "546671166", "price": 0.3872, "amount": 149.0, "side": "buy", "timestamp": 1765842749780}, {"id": "546671167", "price": 0.3872, "amount": 110.0, "side": "buy", "timestamp": 1765842750064}, {"id": "546671168", "price": 0.3872, "amount": 58.0, "side": "buy", "timestamp": 1765842750174}, {"id": "546671169", "price": 0.3872, "amount": 4.0, "side": "buy", "timestamp": 1765842750276}, {"id": "546671170", "price": 0.3871, "amount": 904.0, "side": "sell", "timestamp": 1765842750550}, {"id": "546671171", "price": 0.3871, "amount": 28211.0, "side": "sell", "timestamp": 1765842750939}, {"id": "546671172", "price": 0.3871, "amount": 13.0, "side": "buy", "timestamp": 1765842751335}, {"id": "546671215", "price": 0.387, "amount": 23.0, "side": "sell", "timestamp": 1765842782782}, {"id": "546671216", "price": 0.387, "amount": 69.0, "side": "sell", "timestamp": 1765842783360}, {"id": "546671217", "price": 0.387, "amount": 29.0, "side": "sell", "timestamp": 1765842783487}, {"id": "546671218", "price": 0.3871, "amount": 2.0, "side": "buy", "timestamp": 1765842783547}, {"id": "546671219", "price": 0.3871, "amount": 3.0, "side": "buy", "timestamp": 1765842784066}, {"id": "546671220", "price": 0.3871, "amount": 19.0, "side": "buy", "timestamp": 1765842784453}, {"id": "546671221", "price": 0.3871, "amount": 38.0, "side": "buy", "timestamp": 1765842784612}, {"id": "546671222", "price": 0.387, "amount": 152.0, "side": "sell", "timestamp": 1765842784644}, {"id": "546671223", "price": 0.3871, "amount": 22.0, "side": "buy", "timestamp": 1765842784747}, {"id": "546671224", "price": 0.387, "amount": 279.0, "side": "sell", "timestamp": 1765842784989}, {"id": "546671225", "price": 0.3871, "amount": 403.0, "side": "buy", "timestamp": 1765842785047}, {"id": "546671226", "price": 0.3871, "amount": 30.0, "side": "buy", "timestamp": 1765842785547}, {"id": "546671227", "price": 0.387, "amount": 23.0, "side": "sell", "timestamp": 1765842786029}, {"id": "546671228", "price": 0.387, "amount": 268.0, "side": "sell", "timestamp": 1765842786179}, {"id": "546671229", "price": 0.387, "amount": 25066.0, "side": "sell", "timestamp": 1765842786365}, {"id": "546671230", "price": 0.387, "amount": 1499.0, "side": "sell", "timestamp": 1765842786466}, {"id": "546671231", "price": 0.387, "amount": 603.0, "side": "sell", "timestamp": 1765842786639}, {"id": "546671232", "price": 0.387, "amount": 58.0, "side": "sell", "timestamp": 1765842787528}, {"id": "546671233", "price": 0.3871, "amount": 36372.0, "side": "buy", "timestamp": 1765842787590}, {"id": "546671234", "price": 0.3872, "amount": 626.0, "side": "buy", "timestamp": 1765842787598}, {"id": "546671235", "price": 0.3872, "amount": 5830.0, "side": "buy", "timestamp": 1765842787709}, {"id": "546671236", "price": 0.3873, "amount": 149.0, "side": "buy", "timestamp": 1765842789725}, {"id": "546671237", "price": 0.3873, "amount": 195.0, "side": "buy", "timestamp": 1765842789905}, {"id": "546671238", "price": 0.3873, "amount": 8.0, "side": "buy", "timestamp": 1765842792182}, {"id": "546671239", "price": 0.3872, "amount": 64.0, "side": "sell", "timestamp": 1765842792982}, {"id": "546671240", "price": 0.3873, "amount": 153.0, "side": "buy", "timestamp": 1765842794887}, {"id": "546671241", "price": 0.3872, "amount": 37.0, "side": "sell", "timestamp": 1765842795010}, {"id": "546671242", "price": 0.3873, "amount": 108.0, "side": "buy", "timestamp": 1765842795103}, {"id": "546671243", "price": 0.3872, "amount": 374.0, "side": "sell", "timestamp": 1765842795437}, {"id": "546671244", "price": 0.3873, "amount": 250.0, "side": "buy", "timestamp": 1765842795717}, {"id": "546671245", "price": 0.3872, "amount": 977.0, "side": "sell", "timestamp": 1765842795753}, {"id": "546671246", "price": 0.3872, "amount": 516.0, "side": "sell", "timestamp": 1765842795880}, {"id": "546671247", "price": 0.3872, "amount": 25.0, "side": "sell", "timestamp": 1765842796045}, {"id": "546671248", "price": 0.3872, "amount": 104.0, "side": "sell", "timestamp": 1765842796462}, {"id": "546671249", "price": 0.3873, "amount": 67.0, "side": "buy", "timestamp": 1765842799787}, {"id": "546671250", "price": 0.3873, "amount": 103.0, "side": "buy", "timestamp": 1765842799890}, {"id": "546671251", "price": 0.3873, "amount": 77.0, "side": "buy", "timestamp": 1765842800078}, {"id": "546671252", "price": 0.3873, "amount": 2.0, "side": "buy", "timestamp": 1765842800786}, {"id": "546671253", "price": 0.3873, "amount": 433.0, "side": "buy", "timestamp": 1765842800889}, {"id": "546671254", "price": 0.3873, "amount": 4.0, "side": "buy", "timestamp": 1765842801263}, {"id": "546671255", "price": 0.3872, "amount": 237401.0, "side": "sell", "timestamp": 1765842801591}, {"id": "546671256", "price": 0.3872, "amount": 3.0, "side": "buy", "timestamp": 1765842801720}, {"id": "546671257", "price": 0.3871, "amount": 8844.0, "side": "sell", "timestamp": 1765842801875}, {"id": "546671258", "price": 0.3871, "amount": 694.0, "side": "sell", "timestamp": 1765842802137}, {"id": "546671259", "price": 0.3872, "amount": 13282.0, "side": "buy", "timestamp": 1765842802563}, {"id": "546671260", "price": 0.3873, "amount": 4168.0, "side": "buy", "timestamp": 1765842802572}, {"id": "546671261", "price": 0.3873, "amount": 19.0, "side": "buy", "timestamp": 1765842803537}, {"id": "546671262", "price": 0.3872, "amount": 31.0, "side": "sell", "timestamp": 1765842803628}, {"id": "546671263", "price": 0.3873, "amount": 4.0, "side": "buy", "timestamp": 1765842804517}, {"id": "546671264", "price": 0.3872, "amount": 124.0, "side": "sell", "timestamp": 1765842806826}, {"id": "546671275", "price": 0.3874, "amount": 5.0, "side": "buy", "timestamp": 1765842816981}, {"id": "546671276", "price": 0.3873, "amount": 15.0, "side": "sell", "timestamp": 1765842817521}, {"id": "546671277", "price": 0.3874, "amount": 2.0, "side": "buy", "timestamp": 1765842817975}, {"id": "546671278", "price": 0.3874, "amount": 111.0, "side": "buy", "timestamp": 1765842819709}, {"id": "546671279", "price": 0.3874, "amount": 99.0, "side": "buy", "timestamp": 1765842819862}, {"id": "546671280", "price": 0.3874, "amount": 39.0, "side": "buy", "timestamp": 1765842820001}, {"id": "546671281", "price": 0.3874, "amount": 34.0, "side": "buy", "timestamp": 1765842820263}, {"id": "546671282", "price": 0.3874, "amount": 5269.0, "side": "buy", "timestamp": 1765842821103}, {"id": "546671283", "price": 0.3874, "amount": 42886.0, "side": "sell", "timestamp": 1765842821107}, {"id": "546671284", "price": 0.3874, "amount": 33.0, "side": "buy", "timestamp": 1765842824427}, {"id": "546671285", "price": 0.3874, "amount": 38.0, "side": "buy", "timestamp": 1765842824824}, {"id": "546671286", "price": 0.3874, "amount": 205.0, "side": "buy", "timestamp": 1765842825006}, {"id": "546671287", "price": 0.3874, "amount": 2.0, "side": "buy", "timestamp": 1765842826428}, {"id": "546671288", "price": 0.3874, "amount": 645.0, "side": "buy", "timestamp": 1765842826601}, {"id": "546671289", "price": 0.3874, "amount": 4.0, "side": "buy", "timestamp": 1765842827347}, {"id": "546671290", "price": 0.3874, "amount": 125.0, "side": "buy", "timestamp": 1765842829731}, {"id": "546671291", "price": 0.3874, "amount": 108.0, "side": "buy", "timestamp": 1765842829949}, {"id": "546671292", "price": 0.3874, "amount": 28.0, "side": "buy", "timestamp": 1765842830064}, {"id": "546671293", "price": 0.3874, "amount": 4.0, "side": "buy", "timestamp": 1765842830644}, {"id": "546671294", "price": 0.3874, "amount": 7.0, "side": "buy", "timestamp": 1765842830957}, {"id": "546671295", "price": 0.3873, "amount": 42.0, "side": "sell", "timestamp": 1765842831663}, {"id": "546671296", "price": 0.3874, "amount": 97.0, "side": "buy", "timestamp": 1765842832194}, {"id": "546671297", "price": 0.3874, "amount": 4.0, "side": "buy", "timestamp": 1765842833657}, {"id": "546671298", "price": 0.3874, "amount": 139.0, "side": "buy", "timestamp": 1765842837271}, {"id": "546671299", "price": 0.3874, "amount": 4.0, "side": "buy", "timestamp": 1765842838273}, {"id": "546671300", "price": 0.3874, "amount": 144.0, "side": "buy", "timestamp": 1765842839574}, {"id": "546671301", "price": 0.3873, "amount": 31.0, "side": "sell", "timestamp": 1765842839672}, {"id": "546671302", "price": 0.3873, "amount": 473.0, "side": "sell", "timestamp": 1765842840302}, {"id": "546671303", "price": 0.3874, "amount": 7290.0, "side": "buy", "timestamp": 1765842840793}, {"id": "546671304", "price": 0.3874, "amount": 7.0, "side": "buy", "timestamp": 1765842841739}, {"id": "546671305", "price": 0.3873, "amount": 79.0, "side": "sell", "timestamp": 1765842841749}, {"id": "546671306", "price": 0.3874, "amount": 1.0, "side": "buy", "timestamp": 1765842842885}, {"id": "546671307", "price": 0.3874, "amount": 59.0, "side": "buy", "timestamp": 1765842844218}, {"id": "546671308", "price": 0.3874, "amount": 18.0, "side": "buy", "timestamp": 1765842844456}, {"id": "546671309", "price": 0.3874, "amount": 34.0, "side": "buy", "timestamp": 1765842844621}, {"id": "546671310", "price": 0.3873, "amount": 217.0, "side": "sell", "timestamp": 1765842844717}, {"id": "546671311", "price": 0.3874, "amount": 87.0, "side": "buy", "timestamp": 1765842845117}, {"id": "546671312", "price": 0.3874, "amount": 15.0, "side": "buy", "timestamp": 1765842845486}, {"id": "546671313", "price": 0.3873, "amount": 15.0, "side": "sell", "timestamp": 1765842846403}, {"id": "546671314", "price": 0.3874, "amount": 155.0, "side": "buy", "timestamp": 1765842849822}, {"id": "546671315", "price": 0.3874, "amount": 92.0, "side": "buy", "timestamp": 1765842849937}, {"id": "546671316", "price": 0.3874, "amount": 2728.0, "side": "buy", "timestamp": 1765842850059}, {"id": "546671317", "price": 0.3874, "amount": 201.0, "side": "buy", "timestamp": 1765842854704}, {"id": "546671318", "price": 0.3874, "amount": 67.0, "side": "buy", "timestamp": 1765842854942}, {"id": "546671319", "price": 0.3874, "amount": 3.0, "side": "buy", "timestamp": 1765842855482}, {"id": "546671320", "price": 0.3873, "amount": 44.0, "side": "sell", "timestamp": 1765842857925}, {"id": "546671321", "price": 0.3874, "amount": 3.0, "side": "buy", "timestamp": 1765842859380}, {"id": "546671322", "price": 0.3874, "amount": 190.0, "side": "buy", "timestamp": 1765842859710}, {"id": "546671323", "price": 0.3874, "amount": 39.0, "side": "buy", "timestamp": 1765842859814}, {"id": "546671324", "price": 0.3874, "amount": 26.0, "side": "buy", "timestamp": 1765842860037}, {"id": "546671375", "price": 0.3873, "amount": 19.0, "side": "sell", "timestamp": 1765842896500}, {"id": "546671376", "price": 0.3874, "amount": 190.0, "side": "buy", "timestamp": 1765842897240}, {"id": "546671377", "price": 0.3873, "amount": 50.0, "side": "sell", "timestamp": 1765842898711}, {"id": "546671378", "price": 0.3874, "amount": 31.0, "side": "buy", "timestamp": 1765842899759}, {"id": "546671379", "price": 0.3874, "amount": 267.0, "side": "buy", "timestamp": 1765842899919}, {"id": "546671380", "price": 0.3874, "amount": 15.0, "side": "buy", "timestamp": 1765842901238}, {"id": "546671381", "price": 0.3873, "amount": 28062.0, "side": "sell", "timestamp": 1765842901343}, {"id": "546671382", "price": 0.3873, "amount": 33.0, "side": "sell", "timestamp": 1765842901823}, {"id": "546671383", "price": 0.3874, "amount": 51933.0, "side": "buy", "timestamp": 1765842902391}, {"id": "546671384", "price": 0.3875, "amount": 32423.0, "side": "buy", "timestamp": 1765842902392}, {"id": "546671385", "price": 0.3876, "amount": 38264.0, "side": "buy", "timestamp": 1765842902410}, {"id": "546671386", "price": 0.3877, "amount": 2726.0, "side": "buy", "timestamp": 1765842902436}, {"id": "546671387", "price": 0.3877, "amount": 84.0, "side": "buy", "timestamp": 1765842902667}, {"id": "546671388", "price": 0.3877, "amount": 260.0, "side": "sell", "timestamp": 1765842902689}, {"id": "546671389", "price": 0.3878, "amount": 632.0, "side": "buy", "timestamp": 1765842902721}, {"id": "546671390", "price": 0.3878, "amount": 3248.0, "side": "buy", "timestamp": 1765842903275}, {"id": "546671391", "price": 0.3878, "amount": 10.0, "side": "buy", "timestamp": 1765842903863}, {"id": "546671392", "price": 0.3878, "amount": 89.0, "side": "buy", "timestamp": 1765842904090}, {"id": "546671393", "price": 0.3878, "amount": 15.0, "side": "buy", "timestamp": 1765842904374}, {"id": "546671394", "price": 0.3878, "amount": 23.0, "side": "buy", "timestamp": 1765842904551}, {"id": "546671395", "price": 0.3878, "amount": 20.0, "side": "buy", "timestamp": 1765842904818}, {"id": "546671396", "price": 0.3878, "amount": 116.0, "side": "buy", "timestamp": 1765842905028}, {"id": "546671397", "price": 0.3878, "amount": 70.0, "side": "buy", "timestamp": 1765842905142}, {"id": "546671398", "price": 0.3878, "amount": 17.0, "side": "buy", "timestamp": 1765842905345}, {"id": "546671399", "price": 0.3878, "amount": 22.0, "side": "buy", "timestamp": 1765842905450}, {"id": "546671400", "price": 0.3878, "amount": 38.0, "side": "buy", "timestamp": 1765842905627}, {"id": "546671401", "price": 0.3878, "amount": 674.0, "side": "buy", "timestamp": 1765842906081}, {"id": "546671402", "price": 0.3878, "amount": 6031.0, "side": "buy", "timestamp": 1765842906202}, {"id": "546671403", "price": 0.3878, "amount": 6031.0, "side": "buy", "timestamp": 1765842906521}, {"id": "546671404", "price": 0.3878, "amount": 1.0, "side": "buy", "timestamp": 1765842908320}, {"id": "546671405", "price": 0.3878, "amount": 79.0, "side": "buy", "timestamp": 1765842908595}, {"id": "546671406", "price": 0.3877, "amount": 715.0, "side": "sell", "timestamp": 1765842909698}, {"id": "546671407", "price": 0.3878, "amount": 135.0, "side": "buy", "timestamp": 1765842909761}, {"id": "546671408", "price": 0.3878, "amount": 495.0, "side": "buy", "timestamp": 1765842909881}, {"id": "546671409", "price": 0.3878, "amount": 92.0, "side": "buy", "timestamp": 1765842910033}, {"id": "546671410", "price": 0.3878, "amount": 1.0, "side": "buy", "timestamp": 1765842911575}, {"id": "546671411", "price": 0.3877, "amount": 4458.0, "side": "sell", "timestamp": 1765842911658}, {"id": "546671412", "price": 0.3878, "amount": 159.0, "side": "buy", "timestamp": 1765842911909}, {"id": "546671413", "price": 0.3878, "amount": 19.0, "side": "buy", "timestamp": 1765842912615}, {"id": "546671414", "price": 0.3877, "amount": 2815.0, "side": "sell", "timestamp": 1765842912710}, {"id": "546671415", "price": 0.3878, "amount": 18.0, "side": "buy", "timestamp": 1765842913769}, {"id": "546671416", "price": 0.3878, "amount": 11.0, "side": "buy", "timestamp": 1765842913918}, {"id": "546671417", "price": 0.3878, "amount": 33.0, "side": "buy", "timestamp": 1765842914030}, {"id": "546671418", "price": 0.3878, "amount": 212.0, "side": "buy", "timestamp": 1765842914768}, {"id": "546671419", "price": 0.3878, "amount": 43.0, "side": "buy", "timestamp": 1765842914870}, {"id": "546671420", "price": 0.3878, "amount": 1200.0, "side": "buy", "timestamp": 1765842915568}, {"id": "546671421", "price": 0.3878, "amount": 47.0, "side": "buy", "timestamp": 1765842916059}, {"id": "546671422", "price": 0.3878, "amount": 1.0, "side": "buy", "timestamp": 1765842916795}, {"id": "546671423", "price": 0.3878, "amount": 1270.0, "side": "buy", "timestamp": 1765842916928}, {"id": "546671424", "price": 0.3878, "amount": 1.0, "side": "buy", "timestamp": 1765842917628}, {"id": "546671452", "price": 0.3879, "amount": 41444.0, "side": "sell", "timestamp": 1765842930690}, {"id": "546671453", "price": 0.388, "amount": 1.0, "side": "buy", "timestamp": 1765842932035}, {"id": "546671454", "price": 0.3879, "amount": 16116.0, "side": "sell", "timestamp": 1765842932037}, {"id": "546671455", "price": 0.3879, "amount": 194.0, "side": "sell", "timestamp": 1765842933936}, {"id": "546671456", "price": 0.388, "amount": 1.0, "side": "buy", "timestamp": 1765842934009}, {"id": "546671457", "price": 0.388, "amount": 2.0, "side": "buy", "timestamp": 1765842934402}, {"id": "546671458", "price": 0.388, "amount": 15.0, "side": "buy", "timestamp": 1765842939149}, {"id": "546671459", "price": 0.3879, "amount": 132.0, "side": "sell", "timestamp": 1765842939282}, {"id": "546671460", "price": 0.3879, "amount": 21280.0, "side": "sell", "timestamp": 1765842941963}, {"id": "546671461", "price": 0.3879, "amount": 1.0, "side": "buy", "timestamp": 1765842942005}, {"id": "546671462", "price": 0.3879, "amount": 1390.0, "side": "buy", "timestamp": 1765842943961}, {"id": "546671463", "price": 0.388, "amount": 42.0, "side": "buy", "timestamp": 1765842944184}, {"id": "546671464", "price": 0.388, "amount": 14.0, "side": "buy", "timestamp": 1765842945193}, {"id": "546671465", "price": 0.388, "amount": 3.0, "side": "buy", "timestamp": 1765842946024}, {"id": "546671466", "price": 0.3879, "amount": 17.0, "side": "sell", "timestamp": 1765842946368}, {"id": "546671467", "price": 0.388, "amount": 384.0, "side": "buy", "timestamp": 1765842946703}, {"id": "546671468", "price": 0.388, "amount": 320.0, "side": "buy", "timestamp": 1765842947348}, {"id": "546671469", "price": 0.3879, "amount": 4351.0, "side": "sell", "timestamp": 1765842947671}, {"id": "546671470", "price": 0.388, "amount": 1.0, "side": "buy", "timestamp": 1765842948031}, {"id": "546671471", "price": 0.3879, "amount": 4866.0, "side": "sell", "timestamp": 1765842948771}, {"id": "546671472", "price": 0.388, "amount": 564.0, "side": "buy", "timestamp": 1765842950380}, {"id": "546671473", "price": 0.3879, "amount": 119.0, "side": "sell", "timestamp": 1765842950403}, {"id": "546671474", "price": 0.3879, "amount": 41.0, "side": "sell", "timestamp": 1765842951406}, {"id": "546671475", "price": 0.388, "amount": 119.0, "side": "buy", "timestamp": 1765842953188}, {"id": "546671476", "price": 0.3879, "amount": 21130.0, "side": "sell", "timestamp": 1765842953441}, {"id": "546671477", "price": 0.3879, "amount": 132.0, "side": "buy", "timestamp": 1765842954766}, {"id": "546671478", "price": 0.3879, "amount": 1.0, "side": "buy", "timestamp": 1765842955967}, {"id": "546671479", "price": 0.3879, "amount": 1.0, "side": "buy", "timestamp": 1765842958417}, {"id": "546671480", "price": 0.3878, "amount": 231.0, "side": "sell", "timestamp": 1765842960119}, {"id": "546671481", "price": 0.3879, "amount": 22.0, "side": "buy", "timestamp": 1765842961295}, {"id": "546671482", "price": 0.3878, "amount": 81.0, "side": "sell", "timestamp": 1765842961457}, {"id": "546671483", "price": 0.3879, "amount": 75.0, "side": "buy", "timestamp": 1765842962669}, {"id": "546671484", "price": 0.3878, "amount": 20029.0, "side": "sell", "timestamp": 1765842963867}, {"id": "546671485", "price": 0.3879, "amount": 20.0, "side": "buy", "timestamp": 1765842964246}, {"id": "546671486", "price": 0.3879, "amount": 40.0, "side": "buy", "timestamp": 1765842964492}, {"id": "546671487", "price": 0.3878, "amount": 80.0, "side": "sell", "timestamp": 1765842964934}, {"id": "546671488", "price": 0.3879, "amount": 50.0, "side": "buy", "timestamp": 1765842965128}, {"id": "546671489", "price": 0.3879, "amount": 76.0, "side": "buy", "timestamp": 1765842965246}, {"id": "546671490", "price": 0.3879, "amount": 21.0, "side": "buy", "timestamp": 1765842965461}, {"id": "546671491", "price": 0.3879, "amount": 42.0, "side": "buy", "timestamp": 1765842965649}, {"id": "546671492", "price": 0.3879, "amount": 20022.0, "side": "buy", "timestamp": 1765842967665}, {"id": "546671493", "price": 0.3879, "amount": 307.0, "side": "buy", "timestamp": 1765842969747}, {"id": "546671494", "price": 0.3879, "amount": 36.0, "side": "buy", "timestamp": 1765842969971}, {"id": "546671495", "price": 0.3879, "amount": 29984.0, "side": "buy", "timestamp": 1765842971324}, {"id": "546671496", "price": 0.388, "amount": 3799.0, "side": "buy", "timestamp": 1765842971327}, {"id": "546671497", "price": 0.388, "amount": 30.0, "side": "buy", "timestamp": 1765842971670}, {"id": "546671498", "price": 0.388, "amount": 2.0, "side": "buy", "timestamp": 1765842971797}, {"id": "546671499", "price": 0.388, "amount": 3.0, "side": "buy", "timestamp": 1765842972343}, {"id": "546671500", "price": 0.388, "amount": 1245.0, "side": "buy", "timestamp": 1765842972560}, {"id": "546671501", "price": 0.3879, "amount": 10174.0, "side": "sell", "timestamp": 1765842972648}, {"id": "546671530", "price": 0.3879, "amount": 51.0, "side": "sell", "timestamp": 1765842992059}, {"id": "546671531", "price": 0.388, "amount": 644.0, "side": "buy", "timestamp": 1765842992150}, {"id": "546671532", "price": 0.3879, "amount": 50.0, "side": "sell", "timestamp": 1765842994171}, {"id": "546671533", "price": 0.388, "amount": 219.0, "side": "buy", "timestamp": 1765842994736}, {"id": "546671534", "price": 0.388, "amount": 266.0, "side": "buy", "timestamp": 1765842994864}, {"id": "546671535", "price": 0.388, "amount": 37.0, "side": "buy", "timestamp": 1765842995029}, {"id": "546671536", "price": 0.388, "amount": 1.0, "side": "buy", "timestamp": 1765842995138}, {"id": "546671537", "price": 0.388, "amount": 1.0, "side": "buy", "timestamp": 1765842996068}, {"id": "546671538", "price": 0.388, "amount": 216.0, "side": "buy", "timestamp": 1765842996366}, {"id": "546671539", "price": 0.388, "amount": 147.0, "side": "buy", "timestamp": 1765842997607}, {"id": "546671540", "price": 0.388, "amount": 2.0, "side": "buy", "timestamp": 1765842998412}, {"id": "546671541", "price": 0.388, "amount": 1.0, "side": "buy", "timestamp": 1765842999162}, {"id": "546671542", "price": 0.388, "amount": 118.0, "side": "buy", "timestamp": 1765842999519}, {"id": "546671543", "price": 0.388, "amount": 103.0, "side": "buy", "timestamp": 1765842999722}, {"id": "546671544", "price": 0.388, "amount": 145.0, "side": "buy", "timestamp": 1765843000037}, {"id": "546671545", "price": 0.388, "amount": 2.0, "side": "buy", "timestamp": 1765843000547}, {"id": "546671546", "price": 0.388, "amount": 1.0, "side": "buy", "timestamp": 1765843002165}, {"id": "546671547", "price": 0.3879, "amount": 16484.0, "side": "sell", "timestamp": 1765843003411}, {"id": "546671548", "price": 0.3879, "amount": 76.0, "side": "buy", "timestamp": 1765843004280}, {"id": "546671549", "price": 0.3879, "amount": 71.0, "side": "buy", "timestamp": 1765843006431}, {"id": "546671550", "price": 0.3879, "amount": 25.0, "side": "buy", "timestamp": 1765843006660}, {"id": "546671551", "price": 0.3879, "amount": 1.0, "side": "buy", "timestamp": 1765843008113}, {"id": "546671552", "price": 0.3879, "amount": 29.0, "side": "buy", "timestamp": 1765843009365}, {"id": "546671553", "price": 0.3879, "amount": 1815.0, "side": "buy", "timestamp": 1765843009824}, {"id": "546671554", "price": 0.3879, "amount": 2.0, "side": "buy", "timestamp": 1765843010583}, {"id": "546671555", "price": 0.3879, "amount": 39.0, "side": "buy", "timestamp": 1765843011041}, {"id": "546671556", "price": 0.3879, "amount": 696.0, "side": "buy", "timestamp": 1765843012333}, {"id": "546671557", "price": 0.3879, "amount": 2.0, "side": "buy", "timestamp": 1765843012552}, {"id": "546671558", "price": 0.3879, "amount": 13.0, "side": "buy", "timestamp": 1765843015589}, {"id": "546671559", "price": 0.3878, "amount": 49.0, "side": "sell", "timestamp": 1765843016271}, {"id": "546671560", "price": 0.3878, "amount": 16.0, "side": "sell", "timestamp": 1765843016653}, {"id": "546671561", "price": 0.3879, "amount": 149.0, "side": "buy", "timestamp": 1765843017096}, {"id": "546671562", "price": 0.3879, "amount": 1.0, "side": "buy", "timestamp": 1765843018937}, {"id": "546671563", "price": 0.3878, "amount": 1184.0, "side": "sell", "timestamp": 1765843019103}, {"id": "546671564", "price": 0.3878, "amount": 32.0, "side": "sell", "timestamp": 1765843019665}, {"id": "546671565", "price": 0.3879, "amount": 29.0, "side": "buy", "timestamp": 1765843021308}, {"id": "546671566", "price": 0.3879, "amount": 102.0, "side": "buy", "timestamp": 1765843021506}, {"id": "546671567", "price": 0.3878, "amount": 45.0, "side": "sell", "timestamp": 1765843021676}, {"id": "546671568", "price": 0.3878, "amount": 1288.0, "side": "sell", "timestamp": 1765843021817}, {"id": "546671569", "price": 0.3878, "amount": 39.0, "side": "sell", "timestamp": 1765843022801}, {"id": "546671570", "price": 0.3879, "amount": 2.0, "side": "buy", "timestamp": 1765843022977}, {"id": "546671571", "price": 0.3879, "amount": 172.0, "side": "buy", "timestamp": 1765843023826}, {"id": "546671572", "price": 0.3879, "amount": 62.0, "side": "buy", "timestamp": 1765843024241}, {"id": "546671573", "price": 0.3879, "amount": 34.0, "side": "buy", "timestamp": 1765843024472}, {"id": "546671574", "price": 0.3879, "amount": 41.0, "side": "buy", "timestamp": 1765843024632}, {"id": "546671575", "price": 0.3879, "amount": 23.0, "side": "buy", "timestamp": 1765843024915}, {"id": "546671576", "price": 0.3879, "amount": 173.0, "side": "buy", "timestamp": 1765843025192}, {"id": "546671577", "price": 0.3879, "amount": 3874.0, "side": "buy", "timestamp": 1765843025977}, {"id": "546671578", "price": 0.3879, "amount": 18.0, "side": "buy", "timestamp": 1765843026102}, {"id": "546671579", "price": 0.3879, "amount": 1.0, "side": "buy", "timestamp": 1765843027394}, {"id": "546671598", "price": 0.388, "amount": 141.0, "side": "buy", "timestamp": 1765843044765}, {"id": "546671599", "price": 0.388, "amount": 26.0, "side": "buy", "timestamp": 1765843045000}, {"id": "546671600", "price": 0.388, "amount": 54.0, "side": "buy", "timestamp": 1765843045102}, {"id": "546671601", "price": 0.388, "amount": 326.0, "side": "buy", "timestamp": 1765843045604}, {"id": "546671602", "price": 0.388, "amount": 37.0, "side": "buy", "timestamp": 1765843046477}, {"id": "546671603", "price": 0.388, "amount": 115.0, "side": "buy", "timestamp": 1765843047122}, {"id": "546671604", "price": 0.3879, "amount": 79.0, "side": "sell", "timestamp": 1765843047606}, {"id": "546671605", "price": 0.388, "amount": 1.0, "side": "buy", "timestamp": 1765843049423}, {"id": "546671606", "price": 0.388, "amount": 175.0, "side": "buy", "timestamp": 1765843049758}, {"id": "546671607", "price": 0.388, "amount": 64.0, "side": "buy", "timestamp": 1765843049925}, {"id": "546671608", "price": 0.388, "amount": 1771.0, "side": "buy", "timestamp": 1765843050027}, {"id": "546671609", "price": 0.388, "amount": 3.0, "side": "buy", "timestamp": 1765843050342}, {"id": "546671610", "price": 0.388, "amount": 26.0, "side": "buy", "timestamp": 1765843051953}, {"id": "546671611", "price": 0.388, "amount": 34262.0, "side": "buy", "timestamp": 1765843052580}, {"id": "546671612", "price": 0.3881, "amount": 5001.0, "side": "buy", "timestamp": 1765843052585}, {"id": "546671613", "price": 0.3881, "amount": 150.0, "side": "buy", "timestamp": 1765843054724}, {"id": "546671614", "price": 0.3881, "amount": 27.0, "side": "buy", "timestamp": 1765843054830}, {"id": "546671615", "price": 0.3881, "amount": 82.0, "side": "buy", "timestamp": 1765843055055}, {"id": "546671616", "price": 0.388, "amount": 4482.0, "side": "sell", "timestamp": 1765843055664}, {"id": "546671617", "price": 0.388, "amount": 8023.0, "side": "sell", "timestamp": 1765843055849}, {"id": "546671618", "price": 0.388, "amount": 20.0, "side": "sell", "timestamp": 1765843056009}, {"id": "546671619", "price": 0.3881, "amount": 1.0, "side": "buy", "timestamp": 1765843056636}, {"id": "546671620", "price": 0.388, "amount": 6931.0, "side": "sell", "timestamp": 1765843056720}, {"id": "546671621", "price": 0.3881, "amount": 1420.0, "side": "buy", "timestamp": 1765843056893}, {"id": "546671622", "price": 0.388, "amount": 5716.0, "side": "sell", "timestamp": 1765843057766}, {"id": "546671623", "price": 0.3881, "amount": 168.0, "side": "buy", "timestamp": 1765843059750}, {"id": "546671624", "price": 0.3881, "amount": 83.0, "side": "buy", "timestamp": 1765843059963}, {"id": "546671625", "price": 0.3881, "amount": 231.0, "side": "buy", "timestamp": 1765843061016}, {"id": "546671626", "price": 0.3881, "amount": 1.0, "side": "buy", "timestamp": 1765843062058}, {"id": "546671627", "price": 0.3881, "amount": 13.0, "side": "buy", "timestamp": 1765843062654}, {"id": "546671628", "price": 0.3881, "amount": 1.0, "side": "buy", "timestamp": 1765843063123}, {"id": "546671629", "price": 0.3881, "amount": 1.0, "side": "buy", "timestamp": 1765843063683}, {"id": "546671630", "price": 0.3881, "amount": 64.0, "side": "buy", "timestamp": 1765843064741}, {"id": "546671631", "price": 0.388, "amount": 1824.0, "side": "sell", "timestamp": 1765843064847}, {"id": "546671632", "price": 0.3881, "amount": 185.0, "side": "buy", "timestamp": 1765843065072}, {"id": "546671633", "price": 0.3881, "amount": 3.0, "side": "buy", "timestamp": 1765843065897}, {"id": "546671634", "price": 0.388, "amount": 2100.0, "side": "sell", "timestamp": 1765843067521}, {"id": "546671635", "price": 0.3881, "amount": 1.0, "side": "buy", "timestamp": 1765843069146}, {"id": "546671636", "price": 0.3881, "amount": 3.0, "side": "buy", "timestamp": 1765843069578}, {"id": "546671637", "price": 0.3881, "amount": 258.0, "side": "buy", "timestamp": 1765843069830}, {"id": "546671638", "price": 0.3881, "amount": 30.0, "side": "buy", "timestamp": 1765843071506}, {"id": "546671639", "price": 0.3881, "amount": 844.0, "side": "buy", "timestamp": 1765843075426}, {"id": "546671640", "price": 0.3881, "amount": 3.0, "side": "buy", "timestamp": 1765843076668}, {"id": "546671641", "price": 0.3881, "amount": 193.0, "side": "buy", "timestamp": 1765843077032}, {"id": "546671642", "price": 0.3881, "amount": 128.0, "side": "buy", "timestamp": 1765843078166}, {"id": "546671643", "price": 0.3881, "amount": 1.0, "side": "buy", "timestamp": 1765843078618}, {"id": "546671644", "price": 0.388, "amount": 81.0, "side": "sell", "timestamp": 1765843078791}, {"id": "546671645", "price": 0.3881, "amount": 711.0, "side": "buy", "timestamp": 1765843079578}, {"id": "546671646", "price": 0.3881, "amount": 29.0, "side": "buy", "timestamp": 1765843080233}, {"id": "546671647", "price": 0.388, "amount": 17.0, "side": "sell", "timestamp": 1765843083414}, {"id": "546671665", "price": 0.388, "amount": 44633.0, "side": "sell", "timestamp": 1765843091674}, {"id": "546671666", "price": 0.3879, "amount": 5456.0, "side": "sell", "timestamp": 1765843092728}, {"id": "546671667", "price": 0.3879, "amount": 4200.0, "side": "sell", "timestamp": 1765843093775}, {"id": "546671668", "price": 0.388, "amount": 2.0, "side": "buy", "timestamp": 1765843097830}, {"id": "546671669", "price": 0.388, "amount": 428.0, "side": "buy", "timestamp": 1765843101936}, {"id": "546671670", "price": 0.388, "amount": 3.0, "side": "buy", "timestamp": 1765843102999}, {"id": "546671671", "price": 0.388, "amount": 1.0, "side": "buy", "timestamp": 1765843103212}, {"id": "546671672", "price": 0.388, "amount": 111.0, "side": "buy", "timestamp": 1765843104792}, {"id": "546671673", "price": 0.388, "amount": 123.0, "side": "buy", "timestamp": 1765843104908}, {"id": "546671674", "price": 0.388, "amount": 195.0, "side": "buy", "timestamp": 1765843105084}, {"id": "546671675", "price": 0.3879, "amount": 99.0, "side": "sell", "timestamp": 1765843106411}, {"id": "546671676", "price": 0.388, "amount": 221.0, "side": "buy", "timestamp": 1765843107718}, {"id": "546671677", "price": 0.388, "amount": 206.0, "side": "buy", "timestamp": 1765843107819}, {"id": "546671678", "price": 0.388, "amount": 13104.0, "side": "buy", "timestamp": 1765843108294}, {"id": "546671679", "price": 0.3881, "amount": 452.0, "side": "buy", "timestamp": 1765843108310}, {"id": "546671680", "price": 0.3881, "amount": 71.0, "side": "buy", "timestamp": 1765843109768}, {"id": "546671681", "price": 0.3881, "amount": 95.0, "side": "buy", "timestamp": 1765843109915}, {"id": "546671682", "price": 0.3881, "amount": 77.0, "side": "buy", "timestamp": 1765843110097}, {"id": "546671683", "price": 0.3881, "amount": 1.0, "side": "buy", "timestamp": 1765843111262}, {"id": "546671684", "price": 0.3881, "amount": 110.0, "side": "buy", "timestamp": 1765843112073}, {"id": "546671685", "price": 0.3881, "amount": 1.0, "side": "buy", "timestamp": 1765843113786}, {"id": "546671686", "price": 0.3881, "amount": 42.0, "side": "buy", "timestamp": 1765843114616}, {"id": "546671687", "price": 0.3881, "amount": 1398.0, "side": "buy", "timestamp": 1765843114756}, {"id": "546671688", "price": 0.3881, "amount": 183.0, "side": "buy", "timestamp": 1765843114923}, {"id": "546671689", "price": 0.3881, "amount": 1.0, "side": "buy", "timestamp": 1765843115736}, {"id": "546671690", "price": 0.3881, "amount": 2.0, "side": "buy", "timestamp": 1765843116381}, {"id": "546671691", "price": 0.3881, "amount": 3.0, "side": "buy", "timestamp": 1765843117999}, {"id": "546671692", "price": 0.3881, "amount": 192.0, "side": "buy", "timestamp": 1765843119781}, {"id": "546671693", "price": 0.3881, "amount": 37.0, "side": "buy", "timestamp": 1765843119958}, {"id": "546671694", "price": 0.3881, "amount": 26.0, "side": "buy", "timestamp": 1765843120096}, {"id": "546671695", "price": 0.3881, "amount": 248.0, "side": "buy", "timestamp": 1765843120203}, {"id": "546671696", "price": 0.3881, "amount": 1.0, "side": "buy", "timestamp": 1765843123155}, {"id": "546671697", "price": 0.388, "amount": 176.0, "side": "sell", "timestamp": 1765843123304}, {"id": "546671698", "price": 0.388, "amount": 15.0, "side": "sell", "timestamp": 1765843124003}, {"id": "546671699", "price": 0.3881, "amount": 1.0, "side": "buy", "timestamp": 1765843124132}, {"id": "546671700", "price": 0.3881, "amount": 123.0, "side": "buy", "timestamp": 1765843124941}, {"id": "546671701", "price": 0.3881, "amount": 158.0, "side": "buy", "timestamp": 1765843125066}, {"id": "546671702", "price": 0.388, "amount": 4541.0, "side": "sell", "timestamp": 1765843127633}, {"id": "546671703", "price": 0.3881, "amount": 60.0, "side": "buy", "timestamp": 1765843128073}, {"id": "546671704", "price": 0.3881, "amount": 1287.0, "side": "buy", "timestamp": 1765843129435}, {"id": "546671705", "price": 0.3881, "amount": 102.0, "side": "buy", "timestamp": 1765843129733}, {"id": "546671706", "price": 0.3881, "amount": 194.0, "side": "buy", "timestamp": 1765843129892}, {"id": "546671707", "price": 0.3881, "amount": 41.0, "side": "buy", "timestamp": 1765843130027}, {"id": "546671708", "price": 0.3881, "amount": 53.0, "side": "buy", "timestamp": 1765843137074}, {"id": "546671709", "price": 0.3881, "amount": 848.0, "side": "buy", "timestamp": 1765843137768}, {"id": "546671710", "price": 0.3881, "amount": 2.0, "side": "buy", "timestamp": 1765843139709}, {"id": "546671711", "price": 0.388, "amount": 37.0, "side": "sell", "timestamp": 1765843140452}, {"id": "546671712", "price": 0.3881, "amount": 1.0, "side": "buy", "timestamp": 1765843140937}, {"id": "546671713", "price": 0.388, "amount": 26770.0, "side": "sell", "timestamp": 1765843141474}, {"id": "546671714", "price": 0.3879, "amount": 1289.0, "side": "sell", "timestamp": 1765843141486}, {"id": "546671744", "price": 0.388, "amount": 571.0, "side": "buy", "timestamp": 1765843161469}, {"id": "546671745", "price": 0.388, "amount": 2.0, "side": "buy", "timestamp": 1765843162043}, {"id": "546671746", "price": 0.388, "amount": 24.0, "side": "buy", "timestamp": 1765843162859}, {"id": "546671747", "price": 0.3879, "amount": 4963.0, "side": "sell", "timestamp": 1765843163667}, {"id": "546671748", "price": 0.3879, "amount": 1285.0, "side": "sell", "timestamp": 1765843164152}, {"id": "546671749", "price": 0.388, "amount": 69.0, "side": "buy", "timestamp": 1765843164737}, {"id": "546671750", "price": 0.388, "amount": 177.0, "side": "buy", "timestamp": 1765843164988}, {"id": "546671751", "price": 0.3879, "amount": 39.0, "side": "sell", "timestamp": 1765843165400}, {"id": "546671752", "price": 0.388, "amount": 1.0, "side": "buy", "timestamp": 1765843166544}, {"id": "546671753", "price": 0.3879, "amount": 21101.0, "side": "sell", "timestamp": 1765843166881}, {"id": "546671754", "price": 0.3879, "amount": 2.0, "side": "buy", "timestamp": 1765843167462}, {"id": "546671755", "price": 0.3879, "amount": 2.0, "side": "buy", "timestamp": 1765843168650}, {"id": "546671756", "price": 0.3879, "amount": 2400.0, "side": "buy", "timestamp": 1765843169731}, {"id": "546671757", "price": 0.3879, "amount": 910.0, "side": "buy", "timestamp": 1765843170154}, {"id": "546671758", "price": 0.3879, "amount": 910.0, "side": "buy", "timestamp": 1765843171690}, {"id": "546671759", "price": 0.3878, "amount": 5000.0, "side": "sell", "timestamp": 1765843172668}, {"id": "546671760", "price": 0.3879, "amount": 860.0, "side": "buy", "timestamp": 1765843172847}, {"id": "546671761", "price": 0.3879, "amount": 5111.0, "side": "buy", "timestamp": 1765843173733}, {"id": "546671762", "price": 0.3878, "amount": 2020.0, "side": "sell", "timestamp": 1765843173849}, {"id": "546671763", "price": 0.3879, "amount": 1.0, "side": "buy", "timestamp": 1765843174102}, {"id": "546671764", "price": 0.3879, "amount": 501.0, "side": "buy", "timestamp": 1765843174278}, {"id": "546671765", "price": 0.3878, "amount": 128.0, "side": "sell", "timestamp": 1765843174726}, {"id": "546671766", "price": 0.3878, "amount": 30.0, "side": "sell", "timestamp": 1765843175769}, {"id": "546671767", "price": 0.3878, "amount": 74.0, "side": "sell", "timestamp": 1765843178195}, {"id": "546671768", "price": 0.3879, "amount": 888.0, "side": "buy", "timestamp": 1765843178563}, {"id": "546671769", "price": 0.3879, "amount": 39.0, "side": "buy", "timestamp": 1765843178748}, {"id": "546671770", "price": 0.3879, "amount": 3.0, "side": "buy", "timestamp": 1765843179128}, {"id": "546671771", "price": 0.3879, "amount": 28.0, "side": "buy", "timestamp": 1765843179717}, {"id": "546671772", "price": 0.3879, "amount": 202.0, "side": "buy", "timestamp": 1765843180024}, {"id": "546671773", "price": 0.3879, "amount": 10.0, "side": "buy", "timestamp": 1765843180666}, {"id": "546671774", "price": 0.3878, "amount": 104.0, "side": "sell", "timestamp": 1765843182292}, {"id": "546671775", "price": 0.3879, "amount": 5.0, "side": "buy", "timestamp": 1765843184253}, {"id": "546671776", "price": 0.3879, "amount": 171.0, "side": "buy", "timestamp": 1765843184722}, {"id": "546671777", "price": 0.3879, "amount": 82.0, "side": "buy", "timestamp": 1765843185098}, {"id": "546671778", "price": 0.3879, "amount": 1.0, "side": "buy", "timestamp": 1765843185914}, {"id": "546671779", "price": 0.3879, "amount": 18.0, "side": "buy", "timestamp": 1765843186604}, {"id": "546671780", "price": 0.3879, "amount": 1288.0, "side": "buy", "timestamp": 1765843187121}, {"id": "546671781", "price": 0.3878, "amount": 74.0, "side": "sell", "timestamp": 1765843188145}, {"id": "546671782", "price": 0.3879, "amount": 26.0, "side": "buy", "timestamp": 1765843189795}, {"id": "546671783", "price": 0.3878, "amount": 20.0, "side": "sell", "timestamp": 1765843189827}, {"id": "546671784", "price": 0.3879, "amount": 128.0, "side": "buy", "timestamp": 1765843189886}, {"id": "546671785", "price": 0.3879, "amount": 303.0, "side": "buy", "timestamp": 1765843190091}, {"id": "546671786", "price": 0.3879, "amount": 1.0, "side": "buy", "timestamp": 1765843190753}, {"id": "546671787", "price": 0.3879, "amount": 37.0, "side": "buy", "timestamp": 1765843190910}, {"id": "546671788", "price": 0.3879, "amount": 13.0, "side": "buy", "timestamp": 1765843193559}, {"id": "546671789", "price": 0.3878, "amount": 13.0, "side": "sell", "timestamp": 1765843193745}, {"id": "546671790", "price": 0.3879, "amount": 3.0, "side": "buy", "timestamp": 1765843193777}, {"id": "546671791", "price": 0.3879, "amount": 103.0, "side": "buy", "timestamp": 1765843193886}, {"id": "546671792", "price": 0.3879, "amount": 1195.0, "side": "buy", "timestamp": 1765843194671}, {"id": "546671793", "price": 0.3879, "amount": 200.0, "side": "buy", "timestamp": 1765843196123}]