[{"symbol": "BTCUSDT", "bids": [[90100.0, 5.632], [90099.9, 0.038], [90099.8, 0.08], [90099.4, 0.002], [90099.3, 0.007], [90099.0, 0.01], [90098.8, 0.008], [90098.6, 0.004], [90098.5, 0.002], [90098.4, 0.162], [90098.3, 0.319], [90098.1, 0.002], [90098.0, 0.042], [90097.8, 0.005], [90097.7, 0.002], [90097.5, 0.003], [90097.4, 0.015], [90097.3, 0.003], [90097.1, 0.203], [90097.0, 0.011]], "asks": [[90100.1, 14.641], [90100.2, 0.058], [90100.3, 0.143], [90100.4, 0.013], [90100.5, 0.018], [90100.6, 0.016], [90100.7, 0.015], [90100.8, 0.346], [90100.9, 0.215], [90101.0, 1.036], [90101.1, 0.129], [90101.2, 0.014], [90101.3, 0.012], [90101.4, 0.015], [90101.6, 0.002], [90101.8, 0.014], [90101.9, 0.114], [90102.1, 0.002], [90102.2, 0.054], [90102.3, 0.003]], "timestamp": "2025-12-14T08:49:28.217312+00:00"}, {"symbol": "BTCUSDT", "bids": [[90114.0, 13.103], [90113.9, 0.02], [90113.6, 1.183], [90113.5, 0.004], [90113.1, 0.005], [90112.9, 0.914], [90112.8, 0.004], [90112.7, 0.111], [90112.5, 0.004], [90112.4, 0.002], [90112.3, 0.012], [90112.1, 0.002], [90112.0, 0.002], [90111.8, 0.169], [90111.5, 0.111], [90111.4, 0.003], [90111.2, 0.32], [90111.1, 0.027], [90111.0, 0.002], [90110.9, 0.003]], "asks": [[90114.1, 1.551], [90114.2, 0.01], [90114.4, 0.027], [90114.9, 0.003], [90115.1, 0.002], [90115.2, 0.068], [90115.3, 0.004], [90115.4, 0.003], [90115.6, 0.011], [90115.8, 0.448], [90115.9, 0.003], [90116.0, 0.002], [90116.2, 0.002], [90116.3, 0.003], [90116.4, 0.005], [90116.5, 0.003], [90116.9, 0.003], [90117.0, 0.006], [90117.1, 0.005], [90117.3, 0.002]], "timestamp": "2025-12-14T08:50:21.127617+00:00"}, {"symbol": "BTCUSDT", "bids": [[90113.7, 1.75], [90113.6, 0.006], [90113.5, 0.077], [90113.4, 0.005], [90113.3, 0.002], [90112.9, 0.003], [90112.7, 0.002], [90112.5, 0.004], [90112.4, 0.005], [90112.0, 0.002], [90111.9, 0.006], [90111.8, 0.005], [90111.5, 0.003], [90111.3, 0.003], [90111.0, 0.004], [90110.9, 0.002], [90110.8, 0.003], [90110.7, 0.002], [90110.6, 0.003], [90110.2, 0.003]], "asks": [[90113.8, 13.709], [90113.9, 0.01], [90114.0, 0.092], [90114.1, 0.295], [90114.2, 0.006], [90114.7, 0.126], [90115.1, 0.002], [90115.2, 0.035], [90115.3, 0.002], [90115.6, 0.003], [90116.0, 0.002], [90116.1, 0.003], [90116.2, 0.005], [90116.5, 0.113], [90116.8, 0.007], [90117.0, 0.017], [90117.1, 0.002], [90117.5, 0.141], [90117.6, 0.003], [90117.7, 0.003]], "timestamp": "2025-12-14T08:51:13.967782+00:00"}, {"symbol": "BTCUSDT", "bids": [[90109.9, 1.707], [90109.8, 0.124], [90109.6, 0.002], [90109.2, 0.003], [90109.1, 0.002], [90108.7, 0.003], [90108.4, 0.002], [90108.2, 0.116], [90108.0, 0.004], [90107.9, 0.01], [90107.8, 0.002], [90107.7, 0.002], [90107.6, 0.003], [90107.5, 0.005], [90107.4, 0.174], [90107.3, 0.118], [90107.1, 0.014], [90106.9, 0.003], [90106.8, 0.01], [90106.7, 0.002]], "asks": [[90110.0, 11.913], [90110.1, 0.006], [90110.3, 0.111], [90110.5, 0.197], [90110.6, 0.069], [90110.7, 0.03], [90110.8, 0.054], [90111.0, 0.111], [90111.1, 0.002], [90111.4, 0.003], [90111.5, 0.002], [90111.7, 0.002], [90111.8, 0.111], [90111.9, 0.106], [90112.0, 0.005], [90112.3, 0.003], [90112.4, 0.004], [90112.5, 0.128], [90112.6, 0.004], [90112.8, 0.003]], "timestamp": "2025-12-14T08:52:07.112990+00:00"}, {"symbol": "BTCUSDT", "bids": [[90109.9, 3.845], [90109.8, 0.139], [90109.6, 0.002], [90109.2, 0.017], [90109.1, 0.205], [90109.0, 0.03], [90108.9, 0.004], [90108.7, 0.003], [90108.5, 0.009], [90108.4, 0.464], [90108.3, 0.002], [90108.2, 0.116], [90108.0, 0.111], [90107.9, 0.012], [90107.8, 0.002], [90107.7, 0.002], [90107.6, 0.003], [90107.5, 0.005], [90107.3, 0.005], [90107.2, 0.012]], "asks": [[90110.0, 4.78], [90110.1, 0.452], [90110.4, 0.041], [90110.5, 0.093], [90110.6, 0.053], [90110.7, 0.028], [90110.8, 0.054], [90111.4, 0.003], [90111.5, 0.002], [90111.7, 0.002], [90111.8, 0.002], [90112.0, 0.015], [90112.3, 0.006], [90112.4, 0.004], [90112.5, 0.038], [90112.6, 0.004], [90112.8, 0.003], [90113.1, 0.004], [90113.2, 0.115], [90113.4, 0.003]], "timestamp": "2025-12-14T08:53:00.010840+00:00"}, {"symbol": "BTCUSDT", "bids": [[90100.1, 4.949], [90100.0, 0.467], [90099.9, 0.004], [90099.8, 0.003], [90099.7, 0.011], [90099.4, 0.002], [90099.3, 0.003], [90099.2, 0.004], [90099.1, 0.016], [90099.0, 0.012], [90098.9, 0.111], [90098.8, 0.008], [90098.7, 0.16], [90098.5, 0.002], [90098.4, 0.002], [90098.3, 0.008], [90098.2, 0.253], [90098.1, 0.113], [90098.0, 0.036], [90097.9, 0.002]], "asks": [[90100.2, 11.418], [90100.3, 0.015], [90100.7, 0.002], [90100.8, 0.032], [90100.9, 0.003], [90101.2, 0.002], [90101.4, 0.005], [90101.6, 0.005], [90101.8, 0.002], [90101.9, 0.003], [90102.1, 0.012], [90102.4, 0.003], [90102.5, 0.002], [90102.6, 0.014], [90102.7, 0.005], [90102.8, 0.003], [90103.0, 0.114], [90103.1, 0.006], [90103.3, 0.061], [90103.4, 0.002]], "timestamp": "2025-12-14T08:53:53.393675+00:00"}, {"symbol": "BTCUSDT", "bids": [[90103.2, 4.583], [90103.1, 0.006], [90103.0, 0.077], [90102.8, 0.65], [90102.7, 0.113], [90102.6, 0.334], [90101.9, 0.197], [90101.8, 0.118], [90101.5, 0.016], [90101.3, 0.004], [90101.2, 0.002], [90101.0, 0.114], [90100.9, 0.012], [90100.8, 0.039], [90100.7, 0.002], [90100.6, 0.832], [90100.5, 0.379], [90100.4, 0.374], [90100.3, 0.399], [90100.2, 0.372]], "asks": [[90103.3, 2.019], [90103.4, 0.021], [90103.5, 0.028], [90103.6, 0.019], [90103.7, 0.013], [90103.8, 0.013], [90103.9, 0.468], [90104.0, 0.015], [90104.1, 0.012], [90104.3, 0.002], [90104.5, 0.002], [90104.7, 0.003], [90105.0, 0.098], [90105.1, 0.007], [90105.2, 0.007], [90105.4, 0.002], [90105.5, 0.003], [90105.7, 0.003], [90106.0, 0.005], [90106.2, 0.091]], "timestamp": "2025-12-14T08:54:47.575365+00:00"}, {"symbol": "BTCUSDT", "bids": [[90097.6, 3.345], [90097.5, 0.004], [90097.4, 0.025], [90097.3, 0.003], [90097.2, 0.242], [90097.1, 0.237], [90097.0, 0.008], [90096.8, 0.005], [90096.7, 0.033], [90096.5, 0.115], [90096.3, 0.003], [90096.0, 0.002], [90095.9, 0.025], [90095.8, 0.003], [90095.6, 0.002], [90095.5, 0.005], [90095.4, 0.002], [90095.3, 0.06], [90095.2, 0.12], [90095.1, 0.012]], "asks": [[90097.7, 13.136], [90097.8, 0.008], [90097.9, 0.006], [90098.0, 0.005], [90098.4, 0.002], [90098.5, 0.003], [90099.0, 0.016], [90099.1, 0.002], [90099.2, 0.003], [90099.7, 0.003], [90099.8, 0.004], [90099.9, 0.006], [90100.0, 0.005], [90100.1, 0.005], [90100.2, 0.128], [90100.3, 0.026], [90100.4, 0.014], [90100.5, 0.016], [90100.6, 0.024], [90100.7, 0.018]], "timestamp": "2025-12-14T08:55:40.414557+00:00"}, {"symbol": "BTCUSDT", "bids": [[90094.4, 3.192], [90094.3, 0.419], [90094.2, 0.002], [90093.8, 0.017], [90093.6, 0.002], [90093.4, 0.002], [90093.3, 0.003], [90093.2, 0.017], [90093.1, 0.181], [90093.0, 0.003], [90092.9, 0.004], [90092.8, 0.008], [90092.6, 0.293], [90092.5, 0.008], [90092.4, 0.003], [90092.3, 0.003], [90092.2, 0.111], [90091.9, 0.005], [90091.8, 0.036], [90091.6, 0.006]], "asks": [[90094.5, 16.032], [90094.6, 0.355], [90094.7, 0.02], [90094.8, 0.11], [90094.9, 0.018], [90095.0, 0.012], [90095.1, 0.012], [90095.2, 0.012], [90095.3, 0.125], [90095.4, 0.05], [90095.5, 0.011], [90095.6, 0.011], [90095.9, 0.015], [90096.2, 0.113], [90096.4, 0.005], [90096.8, 0.003], [90096.9, 0.003], [90097.1, 0.113], [90097.2, 0.645], [90097.3, 0.004]], "timestamp": "2025-12-14T08:56:34.076928+00:00"}, {"symbol": "BTCUSDT", "bids": [[90081.0, 2.346], [90080.9, 0.114], [90080.8, 0.003], [90080.7, 0.005], [90080.6, 0.002], [90080.3, 0.003], [90080.1, 0.243], [90080.0, 0.784], [90079.9, 0.004], [90079.8, 0.003], [90079.6, 0.009], [90079.4, 0.002], [90079.3, 0.003], [90079.2, 0.125], [90079.1, 0.003], [90078.9, 0.003], [90078.8, 0.005], [90078.6, 0.002], [90078.5, 0.007], [90078.4, 0.145]], "asks": [[90081.1, 11.461], [90081.2, 0.017], [90081.3, 0.003], [90081.4, 0.003], [90081.5, 0.049], [90081.6, 0.005], [90081.7, 0.006], [90081.8, 0.005], [90081.9, 0.003], [90082.0, 0.002], [90082.2, 0.006], [90082.4, 0.026], [90082.5, 0.006], [90082.7, 0.005], [90082.9, 0.223], [90083.0, 0.128], [90083.2, 0.003], [90083.4, 0.007], [90083.6, 0.002], [90083.7, 0.003]], "timestamp": "2025-12-14T08:57:27.951310+00:00"}, {"symbol": "BTCUSDT", "bids": [[90067.1, 6.613], [90067.0, 0.045], [90066.8, 0.002], [90066.7, 0.656], [90066.6, 0.002], [90065.9, 0.002], [90065.6, 0.033], [90065.2, 0.002], [90065.0, 0.004], [90064.8, 0.002], [90064.6, 1.765], [90064.5, 0.322], [90064.4, 0.002], [90064.3, 0.04], [90064.2, 0.166], [90064.1, 0.112], [90064.0, 0.302], [90063.9, 0.002], [90063.8, 0.017], [90063.6, 0.003]], "asks": [[90067.2, 3.781], [90067.3, 0.008], [90067.4, 0.004], [90067.5, 0.002], [90067.7, 0.006], [90067.8, 0.398], [90067.9, 0.006], [90068.1, 0.003], [90068.2, 0.003], [90068.3, 0.002], [90068.4, 0.002], [90068.5, 0.002], [90068.7, 0.005], [90069.2, 0.003], [90069.3, 0.003], [90069.7, 0.003], [90069.9, 0.002], [90070.0, 0.005], [90070.2, 0.117], [90070.3, 0.112]], "timestamp": "2025-12-14T08:58:21.389247+00:00"}, {"symbol": "BTCUSDT", "bids": [[90070.7, 2.451], [90070.6, 0.008], [90070.5, 0.071], [90070.4, 0.054], [90070.3, 0.002], [90070.2, 0.002], [90069.9, 0.112], [90069.8, 0.002], [90069.7, 0.012], [90069.6, 0.002], [90069.5, 0.002], [90068.8, 0.002], [90068.6, 0.112], [90068.5, 0.003], [90068.0, 0.002], [90067.7, 0.037], [90067.6, 0.041], [90067.5, 0.116], [90067.2, 0.003], [90067.1, 0.037]], "asks": [[90070.8, 7.401], [90070.9, 0.011], [90071.0, 0.002], [90071.1, 0.055], [90071.3, 0.002], [90071.4, 0.003], [90071.9, 0.005], [90072.0, 0.031], [90072.1, 0.002], [90072.4, 0.003], [90072.5, 0.003], [90072.6, 0.002], [90072.7, 0.003], [90072.8, 0.002], [90072.9, 0.014], [90073.0, 0.002], [90073.1, 0.371], [90073.2, 0.004], [90073.5, 0.012], [90073.6, 0.117]], "timestamp": "2025-12-14T08:59:13.984141+00:00"}, {"symbol": "BTCUSDT", "bids": [[90075.7, 10.48], [90075.6, 0.48], [90075.4, 0.012], [90075.2, 0.872], [90075.1, 0.004], [90074.9, 0.524], [90074.8, 0.002], [90074.6, 0.022], [90074.0, 0.002], [90073.9, 0.002], [90073.5, 0.471], [90073.4, 0.018], [90073.2, 0.002], [90073.1, 0.002], [90073.0, 0.002], [90072.8, 0.035], [90072.7, 0.112], [90072.6, 0.003], [90072.4, 0.294], [90072.3, 1.876]], "asks": [[90075.8, 2.972], [90075.9, 0.011], [90076.0, 0.002], [90076.1, 0.002], [90076.2, 0.011], [90076.4, 0.005], [90076.5, 0.009], [90076.6, 0.004], [90076.7, 0.093], [90076.9, 0.003], [90077.0, 0.098], [90077.3, 0.002], [90077.4, 0.076], [90077.5, 0.007], [90077.6, 0.009], [90077.7, 0.026], [90077.9, 0.005], [90078.0, 0.003], [90078.1, 0.003], [90078.2, 0.019]], "timestamp": "2025-12-14T09:00:07.055038+00:00"}, {"symbol": "BTCUSDT", "bids": [[90107.9, 11.216], [90107.8, 0.815], [90107.7, 0.129], [90107.6, 0.221], [90106.8, 0.002], [90106.4, 0.002], [90106.0, 0.004], [90105.9, 2.258], [90105.8, 0.006], [90105.7, 0.003], [90105.5, 0.111], [90105.3, 0.002], [90105.0, 0.002], [90104.9, 0.002], [90104.8, 0.003], [90104.6, 0.113], [90104.5, 0.003], [90104.4, 0.002], [90104.2, 0.385], [90104.0, 0.012]], "asks": [[90108.0, 2.294], [90108.1, 0.005], [90108.8, 0.002], [90109.0, 0.008], [90109.1, 0.027], [90109.6, 0.005], [90109.8, 0.005], [90109.9, 0.002], [90110.0, 0.002], [90110.1, 0.002], [90110.2, 0.044], [90110.3, 0.002], [90110.5, 0.055], [90110.8, 0.007], [90110.9, 0.003], [90111.0, 0.063], [90111.4, 0.068], [90111.6, 0.003], [90111.7, 0.002], [90111.8, 0.097]], "timestamp": "2025-12-14T09:00:59.701499+00:00"}, {"symbol": "BTCUSDT", "bids": [[90095.0, 5.2], [90094.9, 0.037], [90094.5, 0.006], [90094.4, 0.039], [90094.0, 0.003], [90093.9, 0.111], [90093.8, 0.002], [90093.7, 0.002], [90093.6, 0.015], [90093.5, 0.007], [90093.4, 0.148], [90093.2, 0.018], [90093.1, 0.003], [90093.0, 0.129], [90092.9, 0.131], [90092.8, 0.002], [90092.7, 0.002], [90092.6, 0.003], [90092.4, 0.005], [90092.1, 0.114]], "asks": [[90095.1, 8.5], [90095.2, 0.054], [90095.3, 0.002], [90095.4, 0.003], [90095.5, 0.003], [90095.6, 0.002], [90095.9, 0.114], [90096.2, 0.188], [90096.3, 0.055], [90096.4, 0.002], [90096.6, 0.002], [90096.8, 0.015], [90097.1, 0.115], [90097.2, 0.019], [90097.3, 0.005], [90097.4, 0.003], [90098.0, 0.116], [90098.1, 0.002], [90098.2, 0.005], [90098.4, 1.121]], "timestamp": "2025-12-14T09:01:53.052582+00:00"}, {"symbol": "BTCUSDT", "bids": [[90098.9, 10.441], [90098.8, 0.152], [90098.5, 0.036], [90098.4, 0.002], [90098.2, 0.011], [90098.1, 0.013], [90097.9, 0.01], [90097.4, 0.002], [90097.3, 0.012], [90097.2, 0.918], [90097.1, 0.028], [90097.0, 0.004], [90096.7, 0.003], [90096.6, 0.002], [90096.5, 0.002], [90095.9, 0.832], [90095.8, 0.003], [90095.7, 0.002], [90095.6, 0.002], [90095.5, 0.003]], "asks": [[90099.0, 1.516], [90099.1, 0.056], [90099.3, 0.037], [90099.7, 0.002], [90099.8, 0.005], [90099.9, 0.002], [90100.0, 0.013], [90100.1, 0.006], [90100.4, 0.003], [90100.5, 0.043], [90100.7, 0.002], [90100.9, 0.006], [90101.0, 0.002], [90101.2, 0.002], [90101.4, 0.003], [90101.5, 0.009], [90101.6, 0.002], [90101.8, 0.003], [90101.9, 0.008], [90102.1, 0.002]], "timestamp": "2025-12-14T09:02:46.915730+00:00"}, {"symbol": "BTCUSDT", "bids": [[90103.5, 3.448], [90103.4, 0.146], [90102.9, 0.011], [90102.6, 0.002], [90102.3, 0.008], [90102.2, 0.033], [90101.8, 1.109], [90101.7, 0.002], [90101.6, 0.15], [90101.3, 0.003], [90100.9, 0.002], [90100.4, 0.026], [90100.1, 0.903], [90100.0, 3.541], [90099.9, 0.011], [90099.6, 0.111], [90099.5, 0.005], [90099.4, 0.005], [90099.3, 0.004], [90099.1, 0.003]], "asks": [[90103.6, 5.475], [90103.7, 0.123], [90103.8, 0.003], [90104.0, 0.006], [90104.1, 0.046], [90104.3, 0.016], [90104.4, 0.111], [90104.5, 0.029], [90104.7, 0.012], [90104.9, 0.003], [90105.2, 0.111], [90105.4, 0.005], [90105.6, 0.005], [90105.8, 0.003], [90105.9, 0.002], [90106.0, 0.114], [90106.1, 0.008], [90106.2, 0.011], [90106.3, 0.175], [90106.4, 0.004]], "timestamp": "2025-12-14T09:03:39.850693+00:00"}, {"symbol": "BTCUSDT", "bids": [[90083.9, 3.48], [90083.8, 0.008], [90083.7, 0.002], [90083.6, 0.004], [90083.3, 0.003], [90083.0, 0.004], [90082.9, 0.112], [90082.8, 0.003], [90082.5, 0.077], [90082.3, 0.054], [90082.1, 0.009], [90082.0, 0.003], [90081.9, 0.002], [90081.6, 0.117], [90081.5, 0.007], [90081.2, 0.002], [90081.0, 0.009], [90080.8, 0.117], [90080.7, 0.002], [90080.6, 0.002]], "asks": [[90084.0, 16.554], [90084.1, 0.006], [90084.3, 0.653], [90084.4, 0.017], [90084.5, 0.002], [90084.6, 0.003], [90084.9, 0.069], [90085.0, 0.003], [90085.2, 0.003], [90085.4, 0.117], [90085.5, 0.002], [90085.6, 0.002], [90085.8, 0.04], [90085.9, 0.306], [90086.0, 0.003], [90086.1, 0.002], [90086.3, 0.017], [90086.4, 0.055], [90086.5, 0.005], [90086.6, 0.002]], "timestamp": "2025-12-14T09:04:32.955799+00:00"}, {"symbol": "BTCUSDT", "bids": [[90083.9, 4.878], [90083.8, 0.068], [90083.7, 0.002], [90083.6, 0.016], [90083.3, 0.022], [90083.1, 0.112], [90083.0, 0.004], [90082.9, 0.097], [90082.8, 0.008], [90082.7, 0.027], [90082.5, 0.079], [90082.4, 0.007], [90082.3, 0.166], [90082.1, 0.004], [90082.0, 0.005], [90081.9, 0.002], [90081.6, 0.017], [90081.5, 0.119], [90081.2, 0.164], [90081.0, 0.009]], "asks": [[90084.0, 5.667], [90084.1, 0.009], [90084.2, 0.002], [90084.4, 0.01], [90084.5, 0.002], [90084.6, 0.012], [90084.9, 0.003], [90085.2, 0.033], [90085.4, 0.005], [90085.5, 0.002], [90085.6, 0.002], [90085.9, 0.048], [90086.0, 0.03], [90086.3, 0.005], [90086.4, 0.055], [90086.5, 0.005], [90086.6, 0.002], [90087.0, 0.012], [90087.1, 0.003], [90087.2, 0.004]], "timestamp": "2025-12-14T09:05:26.189682+00:00"}, {"symbol": "BTCUSDT", "bids": [[90083.9, 5.089], [90083.8, 0.126], [90083.7, 0.196], [90083.6, 0.204], [90083.5, 0.032], [90083.3, 0.003], [90083.2, 0.112], [90083.0, 0.004], [90082.9, 0.005], [90082.8, 0.023], [90082.7, 0.014], [90082.6, 0.036], [90082.5, 0.237], [90082.4, 0.114], [90082.3, 0.054], [90082.2, 0.002], [90082.1, 0.008], [90082.0, 0.003], [90081.9, 0.002], [90081.6, 0.167]], "asks": [[90084.0, 3.225], [90084.1, 0.084], [90084.2, 0.002], [90084.4, 0.005], [90084.5, 0.002], [90084.9, 0.003], [90085.0, 2.103], [90085.1, 0.002], [90085.4, 0.005], [90085.5, 0.035], [90085.6, 0.002], [90085.9, 0.043], [90086.0, 0.003], [90086.3, 0.117], [90086.4, 0.055], [90086.5, 0.005], [90086.6, 0.002], [90086.7, 0.012], [90087.1, 0.115], [90087.2, 0.007]], "timestamp": "2025-12-14T09:06:19.620572+00:00"}, {"symbol": "BTCUSDT", "bids": [[90084.9, 8.669], [90084.8, 0.878], [90084.7, 0.046], [90084.6, 0.146], [90084.4, 0.022], [90084.2, 0.166], [90084.0, 0.193], [90083.9, 2.256], [90083.8, 0.011], [90083.7, 0.011], [90083.6, 0.16], [90083.5, 0.002], [90083.4, 0.007], [90083.3, 0.003], [90083.0, 0.004], [90082.9, 0.118], [90082.8, 0.163], [90082.7, 0.003], [90082.5, 0.077], [90082.4, 0.012]], "asks": [[90085.0, 2.647], [90085.1, 0.049], [90085.4, 0.005], [90085.5, 0.002], [90086.0, 0.003], [90086.3, 0.003], [90086.5, 0.005], [90086.6, 0.002], [90087.0, 0.009], [90087.1, 0.003], [90087.3, 0.003], [90087.4, 0.035], [90087.5, 0.003], [90087.7, 0.014], [90087.8, 0.003], [90087.9, 0.003], [90088.0, 0.01], [90088.1, 0.008], [90088.2, 0.003], [90088.3, 0.005]], "timestamp": "2025-12-14T09:07:12.849753+00:00"}, {"symbol": "BTCUSDT", "bids": [[90084.9, 7.163], [90084.8, 0.511], [90084.7, 0.119], [90084.5, 0.018], [90084.4, 0.033], [90084.0, 0.649], [90083.9, 2.258], [90083.8, 0.014], [90083.7, 0.014], [90083.6, 0.048], [90083.5, 0.16], [90083.4, 0.008], [90083.3, 0.115], [90083.2, 0.002], [90083.0, 0.004], [90082.8, 0.003], [90082.7, 0.003], [90082.5, 0.077], [90082.3, 0.166], [90082.1, 0.004]], "asks": [[90085.0, 3.32], [90085.1, 0.047], [90085.2, 0.1], [90085.3, 0.132], [90085.4, 0.005], [90085.5, 0.002], [90086.0, 0.003], [90086.3, 0.003], [90086.5, 0.005], [90086.6, 0.002], [90087.0, 0.005], [90087.1, 0.036], [90087.2, 0.002], [90087.3, 0.003], [90087.4, 0.002], [90087.5, 0.003], [90087.7, 0.002], [90088.0, 0.007], [90088.1, 0.005], [90088.3, 0.002]], "timestamp": "2025-12-14T09:08:06.203530+00:00"}, {"symbol": "BTCUSDT", "bids": [[90084.9, 7.001], [90084.8, 0.541], [90084.7, 0.119], [90084.6, 0.011], [90084.4, 0.041], [90084.0, 0.651], [90083.9, 2.412], [90083.8, 0.012], [90083.7, 0.014], [90083.6, 0.007], [90083.5, 0.28], [90083.3, 0.122], [90083.2, 0.002], [90083.0, 0.004], [90082.8, 0.041], [90082.7, 0.003], [90082.5, 0.077], [90082.3, 0.166], [90082.1, 0.004], [90082.0, 0.017]], "asks": [[90085.0, 3.885], [90085.1, 0.049], [90085.3, 0.002], [90085.4, 0.008], [90085.5, 0.002], [90085.8, 0.249], [90086.0, 0.003], [90086.3, 0.002], [90086.5, 0.005], [90086.6, 0.002], [90087.1, 0.003], [90087.3, 0.003], [90087.4, 0.002], [90087.5, 0.003], [90087.6, 0.012], [90087.7, 0.114], [90088.0, 0.007], [90088.1, 0.005], [90088.3, 0.035], [90088.5, 0.115]], "timestamp": "2025-12-14T09:08:59.046022+00:00"}, {"symbol": "BTCUSDT", "bids": [[90088.5, 9.631], [90088.4, 0.337], [90088.2, 0.148], [90088.1, 0.011], [90088.0, 0.024], [90087.8, 0.173], [90087.6, 0.176], [90087.5, 0.008], [90087.4, 0.114], [90087.2, 0.014], [90087.1, 0.502], [90087.0, 0.006], [90086.6, 0.114], [90086.5, 0.033], [90086.3, 0.003], [90086.0, 0.012], [90085.9, 0.003], [90085.7, 0.112], [90085.6, 0.054], [90085.5, 0.006]], "asks": [[90088.6, 1.327], [90088.7, 0.004], [90088.9, 0.019], [90089.0, 0.002], [90089.1, 0.008], [90089.5, 0.005], [90089.6, 0.003], [90090.0, 0.006], [90090.1, 0.37], [90090.2, 0.009], [90090.3, 0.003], [90090.4, 0.003], [90090.5, 0.003], [90090.6, 0.006], [90090.7, 0.009], [90090.8, 0.005], [90090.9, 0.06], [90091.0, 0.007], [90091.1, 0.003], [90091.3, 0.003]], "timestamp": "2025-12-14T09:09:52.146077+00:00"}, {"symbol": "BTCUSDT", "bids": [[90085.1, 2.515], [90085.0, 0.009], [90084.8, 0.003], [90084.7, 0.003], [90084.6, 0.009], [90084.4, 0.085], [90084.3, 0.101], [90084.2, 0.054], [90083.8, 0.003], [90083.7, 0.002], [90083.3, 0.003], [90083.0, 0.002], [90082.9, 0.003], [90082.8, 0.003], [90082.6, 0.002], [90082.4, 0.005], [90082.3, 0.003], [90082.0, 0.118], [90081.8, 0.019], [90081.7, 0.002]], "asks": [[90085.2, 12.538], [90085.3, 0.009], [90085.4, 0.017], [90085.5, 0.023], [90085.6, 0.005], [90085.7, 0.006], [90085.8, 0.266], [90085.9, 0.003], [90086.0, 0.003], [90086.1, 0.006], [90086.3, 0.002], [90086.4, 0.003], [90086.5, 0.002], [90086.9, 0.036], [90087.1, 0.002], [90087.2, 0.114], [90087.3, 0.055], [90087.4, 0.136], [90087.5, 0.002], [90087.6, 0.003]], "timestamp": "2025-12-14T09:10:45.368438+00:00"}, {"symbol": "BTCUSDT", "bids": [[90066.4, 6.64], [90066.3, 0.194], [90066.2, 0.333], [90066.0, 0.463], [90065.9, 0.228], [90065.7, 0.139], [90065.6, 0.037], [90065.2, 0.115], [90065.0, 0.081], [90064.9, 0.004], [90064.8, 0.039], [90064.7, 0.003], [90064.6, 1.0], [90064.5, 0.004], [90064.3, 0.115], [90064.2, 0.019], [90064.1, 0.002], [90064.0, 0.168], [90063.9, 0.002], [90063.8, 0.03]], "asks": [[90066.5, 3.597], [90066.6, 0.007], [90066.7, 0.004], [90066.9, 0.081], [90067.1, 0.003], [90067.4, 0.002], [90067.5, 0.045], [90067.6, 0.005], [90067.7, 0.002], [90068.1, 0.003], [90068.3, 0.005], [90068.5, 0.014], [90068.6, 0.003], [90068.8, 0.006], [90069.2, 0.002], [90069.3, 0.074], [90069.4, 0.013], [90069.5, 0.002], [90069.8, 0.002], [90069.9, 0.003]], "timestamp": "2025-12-14T09:11:38.174878+00:00"}, {"symbol": "BTCUSDT", "bids": [[90034.7, 0.754], [90034.6, 0.327], [90034.3, 0.098], [90034.2, 0.009], [90034.1, 0.003], [90034.0, 0.002], [90033.7, 0.003], [90033.6, 0.009], [90033.5, 0.002], [90033.4, 0.011], [90033.3, 0.005], [90033.2, 0.006], [90033.1, 0.002], [90033.0, 0.024], [90032.7, 0.003], [90032.5, 0.003], [90032.3, 0.003], [90032.2, 0.033], [90032.0, 0.019], [90031.8, 0.015]], "asks": [[90034.8, 9.904], [90034.9, 0.013], [90035.0, 0.578], [90035.1, 0.003], [90035.3, 0.003], [90035.5, 0.003], [90035.6, 0.003], [90035.7, 0.003], [90035.8, 0.006], [90035.9, 0.017], [90036.0, 0.007], [90036.1, 0.01], [90036.3, 0.112], [90036.6, 0.003], [90036.7, 0.005], [90036.8, 0.004], [90036.9, 0.033], [90037.0, 0.114], [90037.1, 0.005], [90037.5, 0.003]], "timestamp": "2025-12-14T09:12:31.833273+00:00"}, {"symbol": "BTCUSDT", "bids": [[90076.5, 2.519], [90076.4, 0.008], [90075.8, 0.002], [90075.6, 0.002], [90075.5, 0.002], [90075.4, 0.003], [90074.6, 0.002], [90074.3, 0.003], [90073.5, 0.005], [90073.4, 0.003], [90073.3, 0.002], [90072.5, 0.005], [90072.3, 0.003], [90072.1, 0.014], [90072.0, 0.229], [90071.8, 1.875], [90071.7, 0.006], [90071.6, 0.005], [90071.5, 0.002], [90071.3, 0.005]], "asks": [[90076.6, 11.846], [90076.7, 0.141], [90076.9, 0.25], [90077.2, 0.112], [90077.3, 0.047], [90077.4, 0.169], [90077.5, 0.342], [90077.6, 0.513], [90077.7, 0.279], [90077.8, 0.091], [90077.9, 0.006], [90078.0, 0.068], [90078.1, 0.044], [90078.2, 0.004], [90078.3, 0.016], [90078.4, 0.003], [90078.5, 0.101], [90078.7, 0.112], [90078.8, 0.088], [90078.9, 0.003]], "timestamp": "2025-12-14T09:13:25.010167+00:00"}, {"symbol": "BTCUSDT", "bids": [[90067.5, 3.99], [90067.4, 0.011], [90067.3, 0.054], [90067.2, 0.003], [90067.1, 0.003], [90067.0, 0.008], [90066.9, 0.003], [90066.8, 0.005], [90066.6, 0.004], [90066.5, 0.127], [90066.0, 0.003], [90065.9, 0.002], [90065.7, 0.004], [90065.5, 0.112], [90065.4, 0.002], [90065.2, 0.003], [90065.1, 0.003], [90065.0, 0.004], [90064.8, 0.008], [90064.7, 0.003]], "asks": [[90067.6, 6.246], [90067.7, 0.006], [90067.8, 0.084], [90067.9, 0.002], [90068.2, 0.003], [90068.3, 0.114], [90068.5, 0.002], [90068.7, 0.003], [90069.2, 0.003], [90069.3, 0.112], [90069.4, 0.002], [90069.5, 0.002], [90069.8, 0.003], [90069.9, 0.015], [90070.0, 0.006], [90070.2, 0.167], [90070.4, 0.002], [90070.7, 0.003], [90070.8, 0.004], [90070.9, 0.046]], "timestamp": "2025-12-14T09:14:18.150848+00:00"}, {"symbol": "BTCUSDT", "bids": [[90050.6, 6.849], [90050.5, 0.14], [90050.4, 0.002], [90050.3, 0.019], [90050.1, 0.63], [90050.0, 2.788], [90049.9, 0.002], [90049.7, 0.114], [90049.5, 0.048], [90049.4, 0.012], [90049.2, 0.273], [90048.9, 0.112], [90048.4, 0.003], [90048.2, 0.118], [90048.1, 0.002], [90048.0, 0.002], [90047.7, 0.006], [90047.5, 0.003], [90047.4, 0.015], [90047.3, 0.124]], "asks": [[90050.7, 3.005], [90050.8, 0.004], [90051.1, 0.003], [90051.2, 0.149], [90051.4, 0.005], [90051.6, 0.003], [90051.8, 0.006], [90052.1, 0.032], [90052.3, 0.002], [90052.4, 0.002], [90052.6, 0.002], [90052.9, 0.003], [90053.0, 0.005], [90053.2, 0.041], [90053.3, 0.002], [90053.5, 0.033], [90053.6, 0.008], [90053.7, 0.003], [90053.8, 0.005], [90053.9, 0.002]], "timestamp": "2025-12-14T09:15:10.804804+00:00"}, {"symbol": "BTCUSDT", "bids": [[90071.5, 6.356], [90071.4, 0.056], [90071.2, 0.235], [90071.1, 0.358], [90070.8, 0.036], [90070.5, 0.112], [90070.4, 0.002], [90070.2, 0.002], [90070.1, 0.56], [90069.8, 0.112], [90069.5, 0.004], [90069.3, 0.002], [90069.2, 0.003], [90069.0, 0.128], [90068.8, 0.112], [90068.7, 0.043], [90068.6, 0.01], [90068.5, 0.062], [90068.4, 0.005], [90068.3, 0.003]], "asks": [[90071.6, 4.217], [90071.7, 0.037], [90071.9, 0.036], [90072.0, 0.006], [90072.1, 0.003], [90072.3, 0.012], [90072.4, 0.007], [90072.5, 0.112], [90072.8, 0.002], [90073.0, 0.008], [90073.1, 0.002], [90073.2, 0.114], [90073.3, 0.002], [90073.5, 0.002], [90073.6, 0.234], [90073.7, 0.002], [90073.9, 0.009], [90074.0, 0.15], [90074.3, 0.003], [90074.4, 0.003]], "timestamp": "2025-12-14T09:16:03.906895+00:00"}, {"symbol": "BTCUSDT", "bids": [[90071.5, 3.655], [90071.4, 0.116], [90071.3, 0.194], [90071.2, 0.416], [90071.1, 0.002], [90070.4, 0.116], [90070.1, 0.038], [90070.0, 0.023], [90069.7, 0.124], [90069.5, 0.004], [90069.4, 0.198], [90069.3, 0.002], [90069.2, 0.003], [90069.0, 0.133], [90068.9, 0.112], [90068.7, 0.043], [90068.6, 0.008], [90068.5, 0.057], [90068.4, 0.002], [90068.3, 0.003]], "asks": [[90071.6, 2.293], [90071.7, 0.035], [90071.8, 0.018], [90071.9, 0.026], [90072.0, 0.039], [90072.1, 0.095], [90072.5, 0.002], [90072.7, 0.003], [90072.8, 0.002], [90073.0, 0.005], [90073.2, 0.002], [90073.5, 0.002], [90073.6, 0.006], [90073.8, 0.112], [90073.9, 0.009], [90074.0, 0.002], [90074.2, 0.007], [90074.3, 0.003], [90074.4, 0.003], [90074.5, 0.012]], "timestamp": "2025-12-14T09:16:57.062529+00:00"}, {"symbol": "BTCUSDT", "bids": [[90087.8, 10.359], [90087.7, 0.225], [90087.6, 0.006], [90087.5, 0.009], [90087.4, 0.007], [90087.3, 0.005], [90087.2, 0.005], [90087.1, 0.048], [90087.0, 0.118], [90086.9, 0.024], [90086.8, 0.003], [90086.6, 0.002], [90086.5, 0.003], [90086.4, 0.481], [90086.3, 0.002], [90086.2, 0.112], [90086.0, 0.003], [90085.7, 0.004], [90085.6, 0.003], [90085.5, 0.121]], "asks": [[90087.9, 1.985], [90088.0, 0.014], [90088.1, 0.005], [90088.3, 0.019], [90088.4, 0.003], [90088.5, 0.048], [90088.6, 0.124], [90088.7, 0.084], [90088.8, 0.071], [90088.9, 0.007], [90089.0, 0.023], [90089.1, 0.005], [90089.2, 0.002], [90089.4, 0.007], [90089.5, 0.005], [90089.6, 0.005], [90089.9, 0.049], [90090.0, 0.017], [90090.1, 0.004], [90090.2, 0.004]], "timestamp": "2025-12-14T09:17:50.302300+00:00"}, {"symbol": "BTCUSDT", "bids": [[90087.8, 9.206], [90087.7, 0.453], [90087.6, 0.663], [90087.5, 0.045], [90087.4, 0.023], [90087.3, 0.005], [90087.2, 0.003], [90087.1, 0.003], [90087.0, 0.006], [90086.9, 0.022], [90086.7, 0.005], [90086.6, 0.002], [90086.5, 0.003], [90086.4, 0.35], [90086.0, 0.003], [90085.9, 0.003], [90085.8, 0.002], [90085.7, 0.004], [90085.6, 0.003], [90085.5, 0.018]], "asks": [[90087.9, 5.626], [90088.0, 0.019], [90088.1, 0.004], [90088.2, 0.114], [90088.3, 0.015], [90088.4, 0.003], [90088.5, 0.048], [90088.6, 0.122], [90088.7, 0.084], [90088.8, 0.071], [90088.9, 0.119], [90089.0, 0.022], [90089.1, 0.005], [90089.2, 0.002], [90089.4, 0.017], [90089.5, 0.005], [90089.6, 0.005], [90089.8, 0.112], [90089.9, 0.045], [90090.0, 0.021]], "timestamp": "2025-12-14T09:18:43.151347+00:00"}, {"symbol": "BTCUSDT", "bids": [[90087.8, 3.317], [90087.7, 0.177], [90087.6, 0.66], [90087.4, 0.016], [90087.3, 0.012], [90087.0, 0.027], [90086.6, 0.002], [90086.5, 0.009], [90086.4, 0.372], [90086.0, 0.003], [90085.7, 0.004], [90085.6, 0.003], [90085.5, 0.005], [90085.0, 0.005], [90084.9, 0.02], [90084.8, 0.011], [90084.7, 0.006], [90084.6, 0.008], [90084.5, 0.003], [90084.4, 0.005]], "asks": [[90087.9, 5.878], [90088.0, 0.131], [90088.1, 0.002], [90088.2, 0.004], [90088.3, 0.011], [90088.4, 0.011], [90088.5, 0.051], [90088.6, 0.125], [90088.7, 0.084], [90088.8, 0.072], [90088.9, 0.007], [90089.0, 0.062], [90089.1, 0.15], [90089.2, 0.004], [90089.3, 0.32], [90089.4, 0.065], [90089.5, 0.005], [90089.6, 0.005], [90089.9, 0.157], [90090.0, 0.076]], "timestamp": "2025-12-14T09:19:35.896759+00:00"}, {"symbol": "BTCUSDT", "bids": [[90088.3, 4.56], [90088.2, 0.03], [90087.9, 0.414], [90087.8, 0.901], [90087.7, 0.017], [90087.6, 0.66], [90087.5, 0.002], [90087.4, 0.025], [90087.3, 0.063], [90087.2, 0.006], [90087.0, 0.011], [90086.9, 0.353], [90086.8, 0.003], [90086.7, 0.003], [90086.6, 0.123], [90086.5, 0.006], [90086.4, 0.005], [90086.3, 0.003], [90086.2, 0.003], [90086.1, 0.003]], "asks": [[90088.4, 2.267], [90088.5, 0.052], [90088.6, 0.122], [90088.7, 0.086], [90088.8, 0.069], [90088.9, 0.007], [90089.0, 0.02], [90089.1, 0.005], [90089.2, 0.004], [90089.4, 0.003], [90089.5, 0.005], [90089.6, 0.005], [90089.9, 0.042], [90090.0, 0.019], [90090.1, 0.002], [90090.2, 0.014], [90090.3, 0.003], [90090.4, 0.003], [90090.9, 0.006], [90091.0, 0.039]], "timestamp": "2025-12-14T09:20:29.142571+00:00"}, {"symbol": "BTCUSDT", "bids": [[90080.5, 6.27], [90080.4, 0.026], [90080.3, 0.337], [90080.1, 0.125], [90080.0, 0.06], [90079.5, 0.003], [90079.4, 0.114], [90079.0, 0.007], [90078.8, 0.454], [90078.7, 0.012], [90078.5, 0.116], [90078.4, 0.006], [90078.3, 0.017], [90078.1, 0.009], [90077.8, 0.112], [90077.7, 0.029], [90077.6, 0.003], [90077.4, 0.723], [90077.3, 0.007], [90077.1, 0.003]], "asks": [[90080.6, 2.387], [90080.7, 0.004], [90080.8, 0.006], [90080.9, 0.01], [90081.0, 0.009], [90081.2, 0.006], [90081.6, 0.045], [90081.8, 0.003], [90081.9, 0.004], [90082.0, 0.005], [90082.1, 0.045], [90082.3, 0.003], [90082.7, 0.002], [90082.9, 0.007], [90083.0, 0.003], [90083.4, 0.002], [90083.5, 0.012], [90083.6, 0.005], [90083.8, 0.003], [90083.9, 0.122]], "timestamp": "2025-12-14T09:21:22.402015+00:00"}, {"symbol": "BTCUSDT", "bids": [[90071.6, 0.18], [90071.5, 0.047], [90071.3, 0.135], [90071.1, 0.002], [90071.0, 0.01], [90070.4, 0.004], [90070.3, 0.013], [90070.2, 0.002], [90070.1, 0.011], [90070.0, 0.023], [90069.8, 0.003], [90069.5, 0.004], [90069.4, 0.002], [90069.3, 0.002], [90069.2, 0.006], [90069.1, 0.018], [90069.0, 0.16], [90068.9, 0.002], [90068.6, 0.031], [90068.4, 0.002]], "asks": [[90071.7, 20.071], [90071.8, 0.707], [90071.9, 0.004], [90072.0, 0.007], [90072.1, 0.002], [90072.2, 0.467], [90072.3, 1.004], [90072.4, 0.313], [90072.5, 0.005], [90072.6, 0.002], [90072.7, 0.043], [90072.8, 0.002], [90073.0, 0.003], [90073.2, 0.002], [90073.5, 0.003], [90073.8, 0.066], [90074.0, 0.003], [90074.1, 0.007], [90074.2, 0.003], [90074.3, 0.002]], "timestamp": "2025-12-14T09:22:15.113946+00:00"}, {"symbol": "BTCUSDT", "bids": [[90044.9, 4.976], [90044.8, 0.453], [90044.7, 0.006], [90044.5, 0.112], [90044.2, 0.003], [90043.8, 0.112], [90043.6, 0.012], [90043.0, 0.114], [90042.8, 0.002], [90042.7, 0.155], [90042.6, 0.002], [90042.4, 0.004], [90042.3, 0.474], [90042.2, 0.114], [90042.0, 0.003], [90041.9, 0.002], [90041.8, 0.003], [90041.7, 0.844], [90041.6, 0.058], [90041.5, 0.002]], "asks": [[90045.0, 1.82], [90045.1, 0.008], [90045.2, 0.002], [90045.4, 0.033], [90045.5, 0.009], [90045.7, 0.101], [90045.8, 0.002], [90045.9, 0.055], [90046.0, 0.005], [90046.3, 0.002], [90046.4, 0.003], [90046.5, 0.555], [90046.7, 0.005], [90046.9, 0.007], [90047.2, 0.005], [90047.3, 0.003], [90047.4, 0.002], [90047.6, 0.114], [90047.7, 0.003], [90047.8, 0.005]], "timestamp": "2025-12-14T09:23:08.821170+00:00"}, {"symbol": "BTCUSDT", "bids": [[90052.4, 5.527], [90052.3, 0.15], [90052.2, 0.136], [90052.1, 0.123], [90051.9, 0.106], [90051.5, 0.002], [90051.3, 0.222], [90051.2, 0.002], [90051.0, 0.279], [90050.5, 0.112], [90050.2, 0.012], [90050.0, 0.13], [90049.8, 0.117], [90049.7, 0.003], [90049.5, 0.002], [90049.4, 0.509], [90049.3, 0.034], [90049.2, 0.111], [90049.1, 0.458], [90049.0, 0.112]], "asks": [[90052.5, 4.309], [90052.6, 0.051], [90053.0, 0.004], [90053.1, 0.01], [90053.2, 0.002], [90053.4, 0.014], [90053.6, 0.002], [90053.7, 0.003], [90053.9, 0.002], [90054.0, 0.051], [90054.1, 0.002], [90054.3, 0.002], [90054.4, 0.005], [90054.5, 0.003], [90054.6, 0.112], [90054.8, 0.002], [90054.9, 0.039], [90055.0, 3.476], [90055.1, 0.009], [90055.2, 0.008]], "timestamp": "2025-12-14T09:24:01.712789+00:00"}, {"symbol": "BTCUSDT", "bids": [[90049.9, 4.897], [90049.8, 0.017], [90049.7, 0.077], [90049.5, 0.004], [90049.2, 0.036], [90048.8, 0.01], [90048.6, 0.075], [90048.5, 0.515], [90048.4, 0.112], [90048.0, 0.004], [90047.9, 0.002], [90047.8, 0.008], [90047.7, 0.007], [90047.6, 0.123], [90047.5, 0.002], [90046.9, 0.006], [90046.8, 0.137], [90046.7, 0.014], [90046.0, 0.112], [90045.9, 0.01]], "asks": [[90050.0, 13.266], [90050.1, 0.01], [90050.2, 0.002], [90050.3, 0.006], [90050.4, 0.03], [90050.8, 0.002], [90050.9, 0.006], [90051.0, 0.002], [90051.2, 0.002], [90051.4, 0.01], [90051.8, 0.002], [90051.9, 0.014], [90052.0, 0.051], [90052.1, 0.002], [90052.3, 0.007], [90052.5, 0.136], [90052.7, 0.003], [90052.8, 0.112], [90053.0, 0.002], [90053.1, 0.014]], "timestamp": "2025-12-14T09:24:54.755378+00:00"}, {"symbol": "BTCUSDT", "bids": [[90049.9, 4.095], [90049.8, 0.066], [90049.5, 0.116], [90049.3, 0.071], [90048.9, 0.014], [90048.8, 0.026], [90048.6, 0.191], [90048.5, 0.394], [90048.1, 0.036], [90048.0, 0.038], [90047.9, 0.039], [90047.8, 0.112], [90047.7, 0.005], [90047.6, 0.011], [90047.5, 0.002], [90047.1, 0.036], [90047.0, 0.112], [90046.9, 0.006], [90046.8, 0.025], [90046.7, 0.014]], "asks": [[90050.0, 6.214], [90050.1, 0.014], [90050.3, 0.002], [90050.4, 0.043], [90050.5, 0.012], [90050.8, 0.004], [90050.9, 0.006], [90051.0, 0.002], [90051.2, 0.002], [90051.4, 0.008], [90051.8, 0.002], [90051.9, 0.014], [90052.0, 0.051], [90052.1, 0.002], [90052.3, 0.007], [90052.5, 0.003], [90052.7, 0.048], [90052.9, 0.112], [90053.0, 0.002], [90053.1, 0.01]], "timestamp": "2025-12-14T09:25:47.902839+00:00"}, {"symbol": "BTCUSDT", "bids": [[90043.8, 6.149], [90043.7, 0.007], [90043.5, 0.003], [90043.2, 0.008], [90043.0, 0.002], [90042.9, 0.055], [90042.8, 0.016], [90042.5, 0.161], [90042.4, 0.052], [90042.3, 0.035], [90042.2, 0.002], [90042.1, 0.003], [90042.0, 0.03], [90041.9, 0.003], [90041.6, 0.008], [90041.5, 0.003], [90041.4, 0.002], [90041.1, 0.002], [90041.0, 0.003], [90040.9, 0.555]], "asks": [[90043.9, 8.672], [90044.0, 0.01], [90044.2, 0.002], [90044.5, 0.003], [90044.6, 0.015], [90045.0, 0.007], [90045.2, 0.002], [90045.5, 0.003], [90045.6, 0.003], [90045.7, 0.112], [90046.0, 0.003], [90046.1, 0.003], [90046.3, 0.002], [90046.5, 0.002], [90046.6, 0.012], [90046.7, 0.002], [90046.8, 0.112], [90046.9, 0.003], [90047.0, 0.003], [90047.1, 0.002]], "timestamp": "2025-12-14T09:26:40.805780+00:00"}, {"symbol": "BTCUSDT", "bids": [[90040.0, 2.385], [90039.9, 0.014], [90039.6, 0.004], [90039.5, 0.002], [90039.4, 0.003], [90039.3, 0.099], [90039.2, 0.054], [90038.9, 0.005], [90038.8, 0.012], [90038.7, 0.002], [90038.5, 0.006], [90038.4, 0.005], [90038.0, 0.002], [90037.9, 0.006], [90037.8, 0.012], [90037.6, 0.037], [90037.5, 0.081], [90037.4, 0.005], [90037.3, 0.037], [90037.2, 0.042]], "asks": [[90040.1, 11.107], [90040.2, 0.008], [90040.3, 0.112], [90040.4, 0.002], [90040.5, 0.002], [90040.7, 0.005], [90040.8, 0.003], [90040.9, 0.002], [90041.0, 1.17], [90041.1, 0.002], [90041.2, 0.005], [90041.3, 0.002], [90041.4, 0.058], [90041.5, 0.012], [90042.0, 0.115], [90042.1, 0.004], [90042.2, 0.002], [90042.3, 0.003], [90042.4, 0.006], [90042.6, 0.003]], "timestamp": "2025-12-14T09:27:34.092619+00:00"}, {"symbol": "BTCUSDT", "bids": [[90049.9, 2.445], [90049.8, 0.025], [90049.6, 0.112], [90049.5, 0.004], [90049.2, 0.255], [90048.8, 0.112], [90048.6, 0.057], [90048.5, 0.342], [90048.4, 0.002], [90048.0, 0.116], [90047.8, 0.003], [90047.7, 0.003], [90047.6, 0.033], [90047.3, 0.003], [90047.2, 0.112], [90047.1, 0.012], [90046.9, 0.006], [90046.8, 0.006], [90046.7, 0.002], [90046.3, 0.291]], "asks": [[90050.0, 7.399], [90050.1, 0.068], [90050.3, 0.002], [90050.4, 0.043], [90050.8, 0.002], [90050.9, 0.003], [90051.2, 0.002], [90051.4, 0.008], [90051.8, 0.002], [90051.9, 0.014], [90052.0, 0.051], [90052.1, 0.002], [90052.2, 0.012], [90052.3, 0.005], [90052.5, 0.003], [90052.7, 0.003], [90052.9, 0.002], [90053.1, 0.008], [90053.2, 0.004], [90053.3, 0.003]], "timestamp": "2025-12-14T09:28:27.238913+00:00"}, {"symbol": "BTCUSDT", "bids": [[90022.1, 2.271], [90022.0, 0.038], [90021.9, 0.003], [90021.6, 0.005], [90021.5, 0.002], [90021.4, 0.007], [90020.9, 0.003], [90020.8, 0.41], [90020.7, 0.689], [90020.6, 0.004], [90020.4, 0.026], [90020.1, 0.009], [90020.0, 1.605], [90019.9, 0.121], [90019.8, 0.035], [90019.7, 0.002], [90019.6, 0.009], [90019.5, 0.006], [90019.4, 0.003], [90019.1, 0.055]], "asks": [[90022.2, 6.569], [90022.3, 0.028], [90022.5, 0.273], [90022.6, 0.056], [90022.7, 0.02], [90022.8, 0.002], [90022.9, 0.112], [90023.0, 0.003], [90023.2, 0.002], [90023.4, 0.002], [90023.7, 0.003], [90023.9, 0.112], [90024.2, 0.005], [90024.4, 0.002], [90024.6, 0.114], [90024.7, 0.003], [90024.9, 0.003], [90025.0, 0.006], [90025.1, 0.002], [90025.2, 0.055]], "timestamp": "2025-12-14T09:29:20.923010+00:00"}, {"symbol": "BTCUSDT", "bids": [[90015.5, 3.558], [90015.4, 0.005], [90015.2, 0.004], [90015.1, 0.012], [90014.9, 0.003], [90014.7, 0.013], [90014.5, 0.002], [90014.4, 0.027], [90014.3, 0.002], [90014.2, 0.003], [90014.0, 0.039], [90013.9, 0.003], [90013.6, 0.006], [90013.5, 0.004], [90013.4, 0.024], [90013.3, 0.003], [90013.2, 0.012], [90013.0, 0.035], [90012.9, 0.003], [90012.7, 0.011]], "asks": [[90015.6, 10.972], [90015.7, 0.01], [90015.9, 0.071], [90016.0, 0.002], [90016.3, 0.003], [90016.4, 0.112], [90016.8, 0.003], [90016.9, 0.002], [90017.1, 0.035], [90017.2, 0.114], [90017.3, 0.003], [90017.6, 0.012], [90017.8, 0.008], [90017.9, 0.002], [90018.0, 0.004], [90018.1, 0.002], [90018.2, 0.002], [90018.3, 0.006], [90018.4, 0.112], [90018.7, 0.003]], "timestamp": "2025-12-14T09:30:13.740142+00:00"}, {"symbol": "BTCUSDT", "bids": [[90007.2, 8.654], [90007.1, 0.819], [90006.6, 0.002], [90006.5, 0.28], [90006.4, 0.026], [90006.2, 0.002], [90005.8, 0.012], [90005.5, 0.002], [90005.3, 0.718], [90005.2, 0.002], [90005.0, 0.002], [90004.9, 0.011], [90004.6, 0.113], [90004.5, 0.024], [90004.4, 0.002], [90004.2, 0.003], [90003.7, 0.002], [90003.6, 0.023], [90003.5, 0.002], [90003.3, 0.017]], "asks": [[90007.3, 1.707], [90007.4, 0.008], [90007.5, 0.003], [90007.7, 0.003], [90007.9, 0.004], [90008.0, 0.005], [90008.1, 0.004], [90008.5, 0.003], [90008.7, 0.457], [90008.8, 0.002], [90009.0, 0.013], [90009.3, 0.021], [90009.5, 0.003], [90009.7, 0.008], [90009.8, 0.003], [90010.0, 0.006], [90010.3, 0.02], [90010.5, 0.008], [90010.9, 0.006], [90011.0, 0.009]], "timestamp": "2025-12-14T09:31:06.882447+00:00"}, {"symbol": "BTCUSDT", "bids": [[89985.5, 15.375], [89985.4, 0.009], [89985.3, 0.413], [89985.2, 0.791], [89985.1, 0.791], [89985.0, 0.138], [89984.9, 0.007], [89984.8, 0.003], [89984.7, 0.003], [89984.6, 0.005], [89984.5, 0.003], [89984.3, 1.111], [89984.2, 0.002], [89983.6, 0.786], [89983.5, 0.004], [89983.4, 0.006], [89983.0, 0.002], [89982.9, 0.005], [89982.1, 0.003], [89982.0, 0.61]], "asks": [[89985.6, 1.894], [89985.7, 0.011], [89985.8, 0.02], [89986.1, 0.003], [89986.3, 0.002], [89986.4, 0.002], [89986.5, 0.059], [89986.7, 0.009], [89986.8, 0.014], [89986.9, 0.002], [89987.2, 0.007], [89987.3, 0.006], [89987.4, 0.002], [89987.7, 0.009], [89987.9, 0.022], [89988.1, 0.002], [89988.2, 0.005], [89988.3, 0.002], [89988.6, 0.003], [89988.7, 0.005]], "timestamp": "2025-12-14T09:31:59.828010+00:00"}, {"symbol": "BTCUSDT", "bids": [[89996.9, 4.057], [89996.8, 0.308], [89996.7, 0.002], [89996.6, 0.156], [89996.5, 0.006], [89996.4, 0.004], [89996.3, 0.022], [89996.2, 0.202], [89996.1, 0.237], [89996.0, 0.116], [89995.6, 0.002], [89995.5, 0.002], [89995.4, 0.012], [89995.3, 0.003], [89995.2, 0.223], [89995.0, 0.002], [89994.9, 0.003], [89994.8, 0.009], [89994.7, 0.005], [89994.6, 0.003]], "asks": [[89997.0, 3.635], [89997.1, 0.01], [89997.4, 0.02], [89997.5, 0.003], [89998.0, 0.078], [89998.1, 0.005], [89998.2, 0.013], [89998.5, 0.002], [89998.6, 0.003], [89998.7, 0.012], [89998.8, 0.002], [89998.9, 0.002], [89999.1, 0.201], [89999.2, 0.008], [89999.4, 0.003], [89999.7, 0.003], [89999.8, 0.002], [89999.9, 0.281], [90000.0, 2.554], [90000.1, 0.024]], "timestamp": "2025-12-14T09:32:52.942124+00:00"}, {"symbol": "BTCUSDT", "bids": [[90064.0, 3.035], [90063.9, 0.013], [90063.8, 0.002], [90063.2, 0.114], [90063.0, 0.006], [90062.7, 0.003], [90062.5, 0.002], [90062.4, 0.003], [90062.3, 0.005], [90062.2, 0.006], [90062.1, 0.005], [90062.0, 0.005], [90061.9, 0.044], [90061.8, 0.669], [90061.7, 0.012], [90061.6, 0.012], [90061.5, 0.008], [90061.4, 0.03], [90061.2, 0.007], [90061.0, 0.006]], "asks": [[90064.1, 6.995], [90064.2, 0.149], [90064.3, 0.007], [90064.4, 0.002], [90064.5, 0.066], [90064.6, 0.123], [90064.7, 0.114], [90064.8, 0.002], [90064.9, 0.002], [90065.0, 0.003], [90065.2, 0.002], [90065.3, 0.012], [90065.4, 0.112], [90065.5, 0.138], [90065.6, 0.007], [90065.8, 0.002], [90066.0, 0.027], [90066.3, 0.07], [90066.4, 0.115], [90066.7, 0.002]], "timestamp": "2025-12-14T09:33:45.911955+00:00"}, {"symbol": "BTCUSDT", "bids": [[90009.1, 11.317], [90009.0, 0.012], [90008.9, 0.002], [90008.2, 0.002], [90008.1, 0.059], [90007.8, 0.367], [90007.7, 0.053], [90007.3, 0.002], [90007.1, 0.011], [90006.9, 0.789], [90006.8, 0.002], [90006.5, 0.005], [90006.4, 0.287], [90006.1, 0.016], [90006.0, 0.005], [90005.9, 0.002], [90005.5, 0.004], [90005.4, 0.003], [90005.1, 0.005], [90005.0, 0.002]], "asks": [[90009.2, 2.476], [90009.3, 0.005], [90009.6, 0.002], [90009.7, 0.002], [90009.9, 0.002], [90010.1, 0.003], [90010.2, 0.012], [90010.6, 0.005], [90010.8, 0.002], [90010.9, 0.004], [90011.3, 0.009], [90011.5, 0.006], [90011.6, 0.005], [90011.7, 0.002], [90011.8, 0.005], [90012.3, 0.024], [90012.4, 0.003], [90012.5, 0.002], [90012.6, 0.002], [90012.7, 0.005]], "timestamp": "2025-12-14T09:34:39.106180+00:00"}, {"symbol": "BTCUSDT", "bids": [[90000.9, 7.262], [90000.8, 0.012], [90000.7, 0.278], [90000.1, 0.002], [90000.0, 0.016], [89999.9, 0.008], [89999.8, 0.014], [89999.7, 0.112], [89999.3, 0.002], [89999.2, 0.002], [89999.1, 0.002], [89999.0, 0.009], [89998.9, 0.112], [89998.8, 0.003], [89998.4, 0.003], [89998.1, 0.112], [89998.0, 0.003], [89997.8, 0.003], [89997.6, 0.014], [89997.4, 0.003]], "asks": [[90001.0, 1.643], [90001.1, 0.006], [90001.2, 0.002], [90001.4, 0.055], [90001.5, 0.003], [90001.6, 0.002], [90001.8, 0.002], [90002.0, 0.003], [90002.5, 0.008], [90002.6, 0.003], [90002.7, 0.002], [90003.0, 0.003], [90003.1, 0.002], [90003.2, 0.002], [90003.3, 0.003], [90003.5, 0.002], [90003.6, 0.06], [90003.9, 0.003], [90004.0, 0.002], [90004.1, 0.014]], "timestamp": "2025-12-14T09:35:32.305147+00:00"}, {"symbol": "BTCUSDT", "bids": [[89990.0, 4.238], [89989.9, 0.007], [89989.7, 0.011], [89989.6, 0.011], [89989.4, 0.02], [89989.2, 0.002], [89989.1, 0.09], [89989.0, 0.112], [89988.9, 0.003], [89988.8, 0.018], [89988.6, 0.021], [89988.4, 0.008], [89988.3, 0.013], [89988.2, 0.002], [89988.1, 0.114], [89988.0, 0.044], [89987.9, 0.006], [89987.8, 0.011], [89987.7, 0.002], [89987.6, 0.002]], "asks": [[89990.1, 4.456], [89990.2, 0.008], [89990.3, 0.068], [89990.4, 0.002], [89990.5, 0.002], [89990.6, 0.003], [89990.7, 0.002], [89990.8, 0.002], [89990.9, 0.002], [89991.0, 0.257], [89991.1, 0.003], [89991.3, 0.112], [89991.5, 0.111], [89991.7, 0.329], [89991.8, 0.007], [89991.9, 0.309], [89992.1, 0.033], [89992.2, 0.003], [89992.3, 0.115], [89992.6, 0.002]], "timestamp": "2025-12-14T09:36:25.662018+00:00"}, {"symbol": "BTCUSDT", "bids": [[89980.0, 2.359], [89979.9, 0.131], [89979.4, 0.003], [89979.2, 0.002], [89979.1, 0.198], [89979.0, 0.014], [89978.9, 0.003], [89978.8, 0.011], [89978.7, 0.252], [89978.6, 0.002], [89978.5, 0.009], [89978.4, 0.123], [89978.3, 0.004], [89978.2, 0.002], [89978.1, 0.004], [89978.0, 0.045], [89977.9, 0.033], [89977.7, 0.002], [89977.6, 0.117], [89977.5, 0.008]], "asks": [[89980.1, 3.027], [89980.2, 0.019], [89980.3, 0.003], [89980.5, 0.005], [89980.7, 0.102], [89980.9, 0.002], [89981.0, 0.002], [89981.1, 0.038], [89981.4, 0.002], [89981.6, 0.015], [89981.8, 0.002], [89982.0, 0.028], [89982.1, 0.003], [89982.2, 0.006], [89982.7, 0.002], [89982.9, 0.005], [89983.0, 0.005], [89983.2, 0.002], [89983.5, 0.012], [89983.6, 0.002]], "timestamp": "2025-12-14T09:37:18.851178+00:00"}, {"symbol": "BTCUSDT", "bids": [[89989.3, 2.509], [89989.2, 0.205], [89989.1, 0.002], [89989.0, 0.017], [89988.4, 0.006], [89988.0, 0.018], [89987.9, 0.365], [89987.4, 0.222], [89987.3, 0.002], [89987.2, 0.003], [89986.9, 0.118], [89986.6, 0.002], [89986.5, 0.002], [89986.4, 0.003], [89986.1, 0.002], [89985.9, 0.002], [89985.8, 0.006], [89985.7, 0.005], [89985.3, 0.002], [89985.2, 0.003]], "asks": [[89989.4, 11.145], [89989.5, 0.013], [89989.6, 0.003], [89989.7, 0.003], [89989.8, 0.003], [89989.9, 0.536], [89990.0, 0.531], [89990.1, 0.564], [89990.2, 0.012], [89990.5, 0.063], [89990.6, 0.115], [89990.7, 0.006], [89990.8, 0.005], [89991.0, 0.014], [89991.1, 0.005], [89991.4, 0.003], [89991.5, 0.21], [89991.7, 0.002], [89991.8, 0.003], [89991.9, 0.007]], "timestamp": "2025-12-14T09:38:12.155726+00:00"}, {"symbol": "BTCUSDT", "bids": [[89975.0, 3.4], [89974.9, 0.017], [89974.7, 0.011], [89974.5, 0.014], [89974.4, 0.003], [89974.2, 0.002], [89974.1, 0.035], [89974.0, 0.005], [89973.9, 0.003], [89973.8, 0.004], [89973.6, 0.002], [89973.5, 0.003], [89973.4, 0.003], [89973.1, 0.003], [89973.0, 0.004], [89972.9, 0.003], [89972.8, 0.028], [89972.7, 0.004], [89972.6, 0.011], [89972.5, 0.002]], "asks": [[89975.1, 9.135], [89975.2, 0.433], [89975.3, 0.112], [89975.4, 0.003], [89975.5, 0.291], [89975.6, 0.003], [89976.2, 0.225], [89976.3, 0.006], [89976.4, 0.005], [89976.6, 0.013], [89977.1, 0.003], [89977.2, 0.003], [89977.3, 0.007], [89977.4, 0.006], [89977.5, 0.009], [89977.6, 0.396], [89977.7, 0.003], [89977.9, 0.043], [89978.0, 1.705], [89978.1, 0.003]], "timestamp": "2025-12-14T09:39:05.711977+00:00"}, {"symbol": "BTCUSDT", "bids": [[89965.5, 1.649], [89965.4, 0.014], [89965.2, 0.04], [89965.0, 0.136], [89964.9, 0.296], [89964.8, 0.271], [89964.7, 0.112], [89964.6, 0.002], [89964.4, 0.006], [89964.3, 0.003], [89964.1, 0.005], [89964.0, 0.008], [89963.9, 0.287], [89963.7, 0.007], [89963.6, 0.002], [89963.5, 0.005], [89963.4, 0.023], [89962.9, 0.006], [89962.8, 0.012], [89962.7, 0.125]], "asks": [[89965.6, 3.928], [89965.7, 0.288], [89965.8, 0.006], [89966.1, 0.186], [89966.3, 0.006], [89966.5, 0.002], [89966.6, 0.002], [89966.7, 0.004], [89966.8, 0.045], [89967.1, 0.002], [89967.2, 0.033], [89967.4, 0.117], [89967.7, 0.003], [89967.8, 0.055], [89967.9, 0.002], [89968.1, 0.003], [89968.2, 0.115], [89968.3, 0.002], [89968.5, 0.057], [89968.6, 0.06]], "timestamp": "2025-12-14T09:39:58.767739+00:00"}, {"symbol": "BTCUSDT", "bids": [[89963.8, 4.486], [89963.7, 0.122], [89963.6, 0.388], [89963.5, 0.002], [89963.4, 0.068], [89963.3, 0.009], [89963.0, 0.213], [89962.9, 0.003], [89962.8, 0.01], [89962.7, 0.087], [89962.5, 0.009], [89962.4, 0.078], [89962.3, 0.012], [89962.1, 0.076], [89962.0, 0.006], [89961.9, 0.003], [89961.8, 0.128], [89961.7, 0.05], [89961.6, 0.003], [89961.5, 0.055]], "asks": [[89963.9, 3.342], [89964.0, 0.392], [89964.1, 0.112], [89964.5, 0.002], [89964.6, 0.017], [89964.7, 0.002], [89964.8, 0.002], [89964.9, 0.114], [89965.0, 0.111], [89965.1, 0.476], [89965.5, 10.065], [89965.6, 0.164], [89965.7, 0.233], [89965.8, 0.002], [89965.9, 0.112], [89966.1, 0.011], [89966.3, 0.01], [89966.5, 0.002], [89966.6, 0.124], [89966.7, 0.004]], "timestamp": "2025-12-14T09:40:52.209335+00:00"}, {"symbol": "BTCUSDT", "bids": [[89988.0, 0.551], [89987.9, 0.004], [89987.3, 0.002], [89986.8, 0.052], [89986.6, 0.002], [89986.5, 0.022], [89986.4, 0.011], [89986.3, 0.002], [89986.2, 0.003], [89985.9, 0.003], [89985.7, 0.005], [89985.1, 0.036], [89985.0, 0.005], [89984.9, 0.002], [89984.8, 0.002], [89984.7, 0.002], [89984.6, 0.005], [89984.5, 0.003], [89984.4, 0.004], [89983.9, 0.004]], "asks": [[89988.1, 10.635], [89988.2, 0.121], [89988.3, 0.068], [89988.4, 0.003], [89988.5, 0.003], [89988.6, 0.003], [89988.7, 0.003], [89988.9, 0.439], [89989.0, 0.528], [89989.1, 0.013], [89989.2, 0.014], [89989.4, 0.833], [89989.5, 0.004], [89989.6, 0.003], [89989.9, 1.144], [89990.0, 0.178], [89990.1, 0.025], [89990.2, 0.03], [89990.4, 0.016], [89990.5, 0.003]], "timestamp": "2025-12-14T09:41:45.736666+00:00"}, {"symbol": "BTCUSDT", "bids": [[89971.5, 3.527], [89971.4, 0.002], [89971.1, 0.004], [89971.0, 0.003], [89970.5, 0.003], [89970.4, 0.005], [89970.0, 0.062], [89969.9, 0.04], [89969.8, 0.011], [89969.7, 0.128], [89969.6, 0.004], [89969.5, 0.005], [89969.4, 0.003], [89969.3, 0.057], [89968.9, 0.04], [89968.8, 0.003], [89968.6, 0.004], [89968.5, 0.011], [89968.4, 0.007], [89968.1, 0.002]], "asks": [[89971.6, 8.32], [89971.7, 0.23], [89971.8, 0.007], [89971.9, 0.115], [89972.0, 0.003], [89972.1, 0.013], [89972.2, 0.018], [89972.3, 0.003], [89972.4, 0.003], [89972.5, 0.003], [89972.6, 0.112], [89973.0, 0.007], [89973.5, 0.002], [89973.6, 0.112], [89973.7, 0.002], [89973.8, 0.003], [89973.9, 0.043], [89974.3, 0.012], [89974.4, 0.003], [89974.6, 0.003]], "timestamp": "2025-12-14T09:42:38.505133+00:00"}, {"symbol": "BTCUSDT", "bids": [[89965.0, 2.968], [89964.9, 0.006], [89964.8, 0.002], [89964.5, 0.003], [89964.4, 0.003], [89964.1, 0.13], [89964.0, 0.013], [89963.9, 0.02], [89963.8, 0.082], [89963.7, 0.007], [89963.6, 0.002], [89963.4, 0.062], [89963.2, 0.002], [89963.0, 0.219], [89962.9, 0.006], [89962.8, 0.01], [89962.7, 0.01], [89962.5, 0.009], [89962.4, 0.012], [89962.3, 0.002]], "asks": [[89965.1, 13.542], [89965.2, 0.185], [89965.3, 0.002], [89965.5, 0.003], [89965.6, 0.002], [89965.8, 0.249], [89965.9, 0.116], [89966.0, 0.007], [89966.1, 0.011], [89966.2, 0.006], [89966.3, 0.003], [89966.5, 0.002], [89966.7, 0.234], [89966.9, 0.003], [89967.0, 0.003], [89967.2, 0.006], [89967.4, 0.002], [89967.6, 0.002], [89967.7, 0.003], [89968.2, 0.003]], "timestamp": "2025-12-14T09:43:32.067625+00:00"}, {"symbol": "BTCUSDT", "bids": [[89970.0, 8.336], [89969.9, 0.119], [89969.5, 0.002], [89969.4, 0.042], [89969.3, 0.002], [89968.9, 0.114], [89968.8, 0.545], [89968.6, 0.038], [89968.5, 0.057], [89968.4, 0.004], [89968.2, 0.002], [89968.1, 0.112], [89967.9, 0.048], [89967.6, 0.011], [89967.5, 0.003], [89967.3, 0.112], [89967.0, 0.002], [89966.9, 0.035], [89966.7, 0.005], [89966.6, 0.124]], "asks": [[89970.1, 2.422], [89970.2, 0.014], [89970.7, 0.007], [89971.0, 0.009], [89971.1, 0.005], [89971.2, 0.023], [89971.3, 0.005], [89971.4, 0.086], [89971.5, 0.004], [89971.6, 0.002], [89971.7, 0.005], [89971.8, 0.002], [89971.9, 0.002], [89972.1, 0.002], [89972.2, 0.003], [89972.3, 0.003], [89972.4, 0.002], [89972.6, 0.006], [89972.7, 0.005], [89972.8, 0.005]], "timestamp": "2025-12-14T09:44:26.022719+00:00"}, {"symbol": "BTCUSDT", "bids": [[89977.1, 20.328], [89977.0, 0.258], [89976.9, 0.005], [89976.5, 0.002], [89975.8, 0.002], [89975.3, 0.002], [89975.1, 0.353], [89975.0, 0.005], [89974.8, 0.057], [89974.7, 0.006], [89974.6, 0.012], [89974.4, 0.112], [89974.2, 0.003], [89974.0, 0.006], [89973.8, 0.002], [89973.7, 0.112], [89973.3, 0.005], [89973.2, 0.003], [89973.1, 0.002], [89973.0, 0.02]], "asks": [[89977.2, 6.645], [89977.3, 0.006], [89977.4, 0.007], [89977.5, 0.004], [89977.9, 0.045], [89978.0, 0.547], [89978.1, 0.004], [89978.2, 0.035], [89978.5, 0.008], [89978.6, 0.015], [89978.7, 0.004], [89978.8, 0.019], [89978.9, 0.003], [89979.0, 0.025], [89979.1, 0.005], [89979.4, 0.003], [89979.7, 0.003], [89980.0, 0.003], [89980.1, 0.007], [89980.2, 0.003]], "timestamp": "2025-12-14T09:45:20.090855+00:00"}, {"symbol": "BTCUSDT", "bids": [[89973.6, 6.155], [89973.5, 1.016], [89973.1, 0.002], [89973.0, 0.057], [89972.9, 0.114], [89972.5, 0.015], [89972.1, 0.002], [89972.0, 0.003], [89971.8, 0.112], [89971.5, 0.008], [89971.0, 0.003], [89970.9, 0.003], [89970.8, 0.112], [89970.6, 0.002], [89970.5, 0.014], [89970.4, 0.003], [89970.3, 0.003], [89970.2, 0.13], [89970.1, 0.252], [89970.0, 1.341]], "asks": [[89973.7, 3.008], [89973.8, 0.012], [89973.9, 0.055], [89974.2, 0.003], [89974.3, 0.002], [89974.4, 0.749], [89974.5, 0.002], [89974.6, 0.004], [89974.7, 0.005], [89974.8, 0.033], [89975.2, 0.003], [89975.5, 0.002], [89975.8, 0.003], [89975.9, 0.004], [89976.1, 0.003], [89976.4, 0.833], [89976.6, 0.045], [89977.1, 0.003], [89977.4, 0.003], [89977.5, 0.008]], "timestamp": "2025-12-14T09:46:12.929460+00:00"}, {"symbol": "BTCUSDT", "bids": [[89999.9, 7.405], [89999.8, 0.006], [89999.6, 0.04], [89999.2, 0.002], [89999.1, 0.002], [89999.0, 0.002], [89998.8, 1.328], [89998.7, 0.002], [89998.3, 0.002], [89998.1, 0.057], [89997.8, 0.003], [89997.5, 0.003], [89997.4, 0.002], [89997.0, 0.002], [89996.8, 0.003], [89996.7, 0.003], [89996.5, 0.002], [89996.4, 0.002], [89996.3, 0.005], [89996.0, 0.003]], "asks": [[90000.0, 5.186], [90000.1, 0.035], [90000.3, 0.112], [90000.4, 0.008], [90000.5, 0.011], [90000.6, 0.018], [90000.7, 0.012], [90000.9, 0.196], [90001.0, 0.243], [90001.1, 0.118], [90001.2, 0.003], [90001.4, 0.008], [90001.5, 0.003], [90001.6, 0.025], [90001.8, 0.016], [90001.9, 0.104], [90002.0, 0.003], [90002.1, 0.004], [90002.3, 0.003], [90002.4, 0.003]], "timestamp": "2025-12-14T09:47:06.588306+00:00"}, {"symbol": "BTCUSDT", "bids": [[89995.0, 1.946], [89994.9, 0.006], [89994.5, 0.002], [89994.4, 0.003], [89993.9, 0.049], [89993.8, 0.005], [89993.6, 0.021], [89993.3, 0.003], [89993.2, 0.002], [89992.9, 0.005], [89992.8, 0.003], [89992.6, 0.002], [89992.3, 0.006], [89992.2, 0.129], [89992.1, 0.006], [89992.0, 0.009], [89991.9, 0.007], [89991.8, 0.008], [89991.7, 0.003], [89991.6, 0.003]], "asks": [[89995.1, 9.026], [89995.2, 0.992], [89995.3, 0.009], [89995.5, 0.062], [89995.7, 0.002], [89995.8, 0.003], [89995.9, 0.112], [89996.0, 0.022], [89996.3, 0.003], [89996.4, 0.002], [89996.6, 0.033], [89996.7, 0.012], [89996.9, 0.112], [89997.0, 0.172], [89997.1, 0.366], [89997.2, 0.086], [89997.5, 0.005], [89997.6, 0.003], [89997.7, 0.118], [89997.8, 0.004]], "timestamp": "2025-12-14T09:48:00.254879+00:00"}, {"symbol": "BTCUSDT", "bids": [[89987.0, 1.94], [89986.9, 0.033], [89986.6, 0.002], [89986.5, 0.002], [89986.4, 0.006], [89986.3, 0.003], [89986.0, 0.409], [89985.9, 0.008], [89985.8, 0.003], [89985.7, 0.002], [89985.6, 0.013], [89985.5, 0.002], [89985.4, 0.002], [89985.3, 0.008], [89985.0, 0.007], [89984.9, 0.003], [89984.8, 0.007], [89984.6, 0.002], [89984.5, 0.003], [89984.4, 0.002]], "asks": [[89987.1, 16.205], [89987.2, 0.484], [89987.3, 0.253], [89987.4, 0.003], [89987.9, 0.016], [89988.1, 0.114], [89988.2, 0.003], [89988.3, 0.002], [89988.4, 0.904], [89988.5, 0.018], [89988.6, 0.003], [89988.7, 0.003], [89988.8, 0.376], [89988.9, 0.279], [89989.0, 0.292], [89989.1, 0.045], [89989.2, 0.003], [89989.3, 0.006], [89989.4, 0.054], [89989.9, 0.209]], "timestamp": "2025-12-14T09:48:53.063320+00:00"}, {"symbol": "BTCUSDT", "bids": [[89974.7, 13.819], [89974.6, 2.097], [89974.5, 0.523], [89974.4, 0.006], [89974.3, 0.012], [89974.0, 0.003], [89973.8, 0.037], [89973.7, 0.14], [89973.6, 0.251], [89973.5, 0.005], [89973.3, 0.008], [89973.2, 0.002], [89973.1, 0.012], [89973.0, 0.007], [89972.9, 0.002], [89972.7, 0.341], [89972.5, 0.003], [89972.4, 0.006], [89972.3, 0.009], [89972.2, 0.021]], "asks": [[89974.8, 2.576], [89974.9, 0.006], [89975.1, 0.036], [89975.5, 0.002], [89975.7, 0.239], [89975.9, 0.003], [89976.0, 0.013], [89976.4, 0.002], [89976.6, 0.015], [89976.9, 0.009], [89977.0, 0.467], [89977.3, 0.005], [89977.5, 0.005], [89977.7, 0.075], [89978.0, 0.132], [89978.1, 0.163], [89978.2, 0.002], [89978.4, 0.002], [89978.6, 0.002], [89978.7, 0.003]], "timestamp": "2025-12-14T09:49:45.822184+00:00"}, {"symbol": "BTCUSDT", "bids": [[89993.9, 10.909], [89993.8, 0.263], [89993.7, 0.083], [89993.6, 0.057], [89993.3, 0.006], [89993.1, 0.012], [89992.9, 0.117], [89992.7, 0.004], [89992.5, 0.014], [89992.4, 0.003], [89992.1, 0.112], [89992.0, 0.004], [89991.9, 0.005], [89991.8, 0.024], [89991.7, 0.003], [89991.4, 0.004], [89991.3, 0.148], [89991.2, 0.003], [89991.1, 0.014], [89991.0, 0.017]], "asks": [[89994.0, 2.076], [89994.1, 0.016], [89994.4, 0.002], [89994.8, 0.005], [89995.0, 0.571], [89995.1, 0.004], [89995.2, 0.114], [89995.3, 0.059], [89995.4, 0.556], [89995.5, 0.013], [89995.7, 0.003], [89995.8, 0.003], [89995.9, 0.149], [89996.1, 0.003], [89996.2, 0.002], [89996.3, 0.003], [89996.4, 0.009], [89996.6, 0.008], [89996.7, 0.114], [89996.8, 0.011]], "timestamp": "2025-12-14T09:50:39.226932+00:00"}, {"symbol": "BTCUSDT", "bids": [[89993.9, 4.237], [89993.8, 0.349], [89993.7, 0.043], [89993.6, 0.054], [89993.3, 0.008], [89993.2, 0.027], [89992.9, 0.005], [89992.7, 0.002], [89992.4, 0.003], [89992.0, 0.004], [89991.9, 0.003], [89991.7, 0.003], [89991.3, 0.024], [89991.2, 0.003], [89991.1, 0.002], [89991.0, 0.006], [89990.9, 0.005], [89990.8, 0.007], [89990.4, 0.008], [89990.3, 0.006]], "asks": [[89994.0, 5.849], [89994.1, 0.034], [89994.2, 0.112], [89994.4, 0.002], [89994.7, 0.004], [89994.8, 0.005], [89994.9, 0.002], [89995.0, 0.699], [89995.1, 0.016], [89995.2, 0.002], [89995.3, 0.005], [89995.4, 0.556], [89995.5, 0.013], [89995.7, 0.115], [89995.8, 0.003], [89995.9, 0.029], [89996.1, 0.003], [89996.2, 0.002], [89996.3, 0.003], [89996.4, 0.011]], "timestamp": "2025-12-14T09:51:40.284386+00:00"}, {"symbol": "BTCUSDT", "bids": [[90000.0, 4.499], [89999.9, 0.135], [89999.8, 0.255], [89999.3, 0.003], [89999.1, 0.004], [89999.0, 0.002], [89998.9, 0.033], [89998.8, 0.003], [89998.6, 0.003], [89998.3, 0.005], [89998.1, 0.037], [89997.8, 0.012], [89997.7, 0.003], [89997.4, 0.002], [89997.2, 0.005], [89996.9, 0.003], [89996.6, 0.007], [89996.5, 0.002], [89996.4, 0.004], [89996.3, 0.331]], "asks": [[90000.1, 5.961], [90000.2, 0.004], [90000.3, 0.019], [90000.5, 0.02], [90000.6, 0.112], [90000.7, 0.004], [90001.0, 0.243], [90001.2, 0.015], [90001.4, 0.008], [90001.5, 0.115], [90001.6, 0.025], [90001.8, 0.002], [90001.9, 0.104], [90002.0, 0.003], [90002.1, 0.004], [90002.2, 0.003], [90002.3, 0.123], [90002.4, 0.003], [90002.5, 0.009], [90002.6, 0.003]], "timestamp": "2025-12-14T09:52:47.482584+00:00"}, {"symbol": "BTCUSDT", "bids": [[90004.1, 3.395], [90004.0, 0.208], [90003.9, 0.04], [90003.7, 0.003], [90003.6, 0.003], [90003.5, 0.005], [90003.4, 0.003], [90003.3, 0.003], [90003.2, 0.003], [90003.1, 0.003], [90003.0, 0.003], [90002.9, 0.003], [90002.8, 0.026], [90002.6, 0.035], [90002.3, 0.002], [90002.2, 0.003], [90002.0, 0.003], [90001.9, 0.002], [90001.8, 0.011], [90001.7, 0.002]], "asks": [[90004.2, 11.363], [90004.3, 0.466], [90004.4, 0.673], [90004.5, 0.008], [90004.6, 0.005], [90004.9, 0.035], [90005.1, 0.012], [90005.2, 0.002], [90005.3, 0.115], [90005.4, 0.002], [90005.8, 0.011], [90005.9, 0.003], [90006.0, 0.026], [90006.2, 0.112], [90006.4, 0.032], [90006.5, 0.007], [90006.6, 0.048], [90006.7, 0.003], [90006.9, 0.007], [90007.1, 0.02]], "timestamp": "2025-12-14T09:53:40.440949+00:00"}, {"symbol": "BTCUSDT", "bids": [[90000.0, 5.455], [89999.9, 0.092], [89999.8, 0.005], [89999.7, 0.002], [89999.3, 0.003], [89999.2, 0.002], [89998.8, 0.003], [89998.7, 0.003], [89998.3, 0.008], [89998.2, 0.006], [89998.1, 0.004], [89997.8, 0.007], [89997.7, 0.006], [89997.5, 0.002], [89997.4, 0.002], [89997.3, 0.033], [89997.2, 0.005], [89997.1, 0.003], [89997.0, 0.011], [89996.9, 0.006]], "asks": [[90000.1, 12.317], [90000.2, 0.011], [90000.3, 0.003], [90000.4, 0.606], [90000.5, 0.833], [90000.6, 0.005], [90000.7, 0.002], [90000.9, 0.034], [90001.1, 0.037], [90001.2, 0.005], [90001.4, 0.112], [90001.7, 0.003], [90001.8, 0.016], [90001.9, 0.003], [90002.0, 0.012], [90002.3, 0.115], [90002.4, 0.104], [90002.7, 0.124], [90002.9, 0.003], [90003.0, 0.005]], "timestamp": "2025-12-14T09:54:33.904180+00:00"}, {"symbol": "BTCUSDT", "bids": [[89994.1, 10.655], [89994.0, 94.349], [89993.9, 4.111], [89993.8, 0.112], [89993.7, 0.049], [89993.6, 0.013], [89993.5, 0.003], [89993.4, 0.006], [89993.3, 0.005], [89993.2, 0.003], [89993.1, 0.005], [89993.0, 0.003], [89992.9, 0.008], [89992.8, 0.033], [89992.7, 0.002], [89992.6, 0.002], [89992.4, 0.003], [89992.2, 0.118], [89992.1, 0.069], [89992.0, 0.006]], "asks": [[89994.2, 3.543], [89994.3, 0.133], [89994.4, 0.017], [89994.6, 0.102], [89994.7, 0.112], [89994.9, 0.003], [89995.3, 0.006], [89995.4, 0.837], [89995.5, 0.114], [89995.9, 0.003], [89996.1, 0.002], [89996.2, 0.002], [89996.3, 0.005], [89996.4, 0.127], [89996.5, 0.554], [89996.6, 0.833], [89997.1, 0.005], [89997.2, 0.003], [89997.3, 0.003], [89997.4, 0.114]], "timestamp": "2025-12-14T09:55:27.432678+00:00"}, {"symbol": "BTCUSDT", "bids": [[89997.8, 7.084], [89997.7, 0.033], [89997.6, 0.04], [89997.4, 0.002], [89997.3, 0.013], [89997.2, 0.002], [89997.1, 0.006], [89997.0, 0.072], [89996.7, 0.003], [89996.5, 0.074], [89996.4, 0.002], [89996.3, 0.002], [89996.1, 0.003], [89995.9, 0.786], [89995.8, 0.002], [89995.7, 0.003], [89995.6, 0.543], [89995.5, 0.002], [89995.2, 0.008], [89995.0, 0.004]], "asks": [[89997.9, 3.101], [89998.0, 0.13], [89998.2, 0.006], [89998.5, 0.003], [89998.7, 0.002], [89999.0, 0.127], [89999.2, 0.003], [89999.6, 0.005], [89999.7, 0.023], [89999.8, 0.833], [89999.9, 0.437], [90000.0, 0.496], [90000.1, 0.074], [90000.2, 0.114], [90000.3, 0.003], [90000.4, 0.002], [90000.5, 0.003], [90000.6, 0.003], [90000.7, 0.002], [90000.9, 0.048]], "timestamp": "2025-12-14T09:56:20.476905+00:00"}, {"symbol": "BTCUSDT", "bids": [[89997.8, 5.773], [89997.7, 0.02], [89997.5, 0.002], [89997.2, 0.002], [89996.7, 0.033], [89996.3, 0.068], [89996.1, 0.003], [89996.0, 0.034], [89995.9, 0.002], [89995.7, 0.003], [89995.6, 0.389], [89995.5, 0.002], [89995.4, 0.002], [89995.0, 0.384], [89994.9, 0.395], [89994.8, 0.127], [89994.7, 0.387], [89994.4, 0.095], [89994.3, 0.476], [89994.2, 0.544]], "asks": [[89997.9, 6.537], [89998.0, 0.023], [89998.1, 0.008], [89998.4, 0.012], [89998.5, 0.003], [89998.7, 0.114], [89999.0, 0.006], [89999.1, 0.004], [89999.2, 0.003], [89999.5, 0.116], [89999.7, 0.66], [89999.8, 0.846], [89999.9, 0.038], [90000.0, 0.149], [90000.1, 0.072], [90000.2, 0.114], [90000.3, 0.003], [90000.4, 0.014], [90000.6, 0.003], [90000.7, 0.002]], "timestamp": "2025-12-14T09:57:13.571253+00:00"}, {"symbol": "BTCUSDT", "bids": [[89994.0, 77.908], [89993.9, 4.302], [89993.8, 0.107], [89993.7, 0.125], [89993.6, 0.006], [89993.3, 0.002], [89993.1, 0.002], [89992.9, 0.013], [89992.8, 0.036], [89992.7, 0.003], [89992.6, 0.028], [89992.5, 0.003], [89992.4, 0.006], [89992.3, 0.015], [89992.2, 0.012], [89992.1, 0.003], [89992.0, 0.063], [89991.9, 0.003], [89991.8, 0.002], [89991.7, 0.005]], "asks": [[89994.1, 5.773], [89994.2, 0.017], [89994.4, 0.002], [89995.0, 0.003], [89995.2, 0.19], [89995.5, 0.004], [89995.6, 0.003], [89995.7, 0.79], [89995.8, 0.187], [89996.1, 0.005], [89996.3, 0.003], [89996.6, 0.003], [89997.1, 0.006], [89997.2, 0.003], [89997.3, 0.377], [89997.4, 0.383], [89997.5, 0.374], [89997.6, 0.179], [89997.8, 0.078], [89997.9, 0.443]], "timestamp": "2025-12-14T09:58:07.076592+00:00"}, {"symbol": "BTCUSDT", "bids": [[89980.0, 7.422], [89979.9, 0.011], [89979.8, 0.008], [89979.7, 0.072], [89979.6, 0.007], [89979.5, 0.005], [89979.4, 0.005], [89979.3, 0.063], [89979.2, 0.007], [89979.1, 0.003], [89978.8, 0.026], [89978.6, 0.018], [89978.5, 0.002], [89978.4, 0.003], [89978.3, 0.008], [89978.2, 0.002], [89978.1, 0.003], [89978.0, 0.002], [89977.9, 0.036], [89977.8, 0.161]], "asks": [[89980.1, 5.197], [89980.2, 0.006], [89980.3, 0.055], [89980.4, 0.112], [89980.6, 0.003], [89980.7, 0.077], [89980.9, 0.002], [89981.1, 0.147], [89981.2, 0.191], [89981.3, 0.003], [89981.8, 0.005], [89981.9, 0.002], [89982.0, 0.118], [89982.2, 0.003], [89982.3, 0.006], [89982.7, 0.002], [89982.8, 0.003], [89982.9, 0.114], [89983.0, 0.003], [89983.1, 0.002]], "timestamp": "2025-12-14T09:59:00.288866+00:00"}, {"symbol": "BTCUSDT", "bids": [[89991.3, 2.782], [89991.2, 0.008], [89991.0, 0.037], [89990.9, 0.002], [89990.7, 0.004], [89990.5, 0.002], [89990.4, 0.003], [89990.3, 0.003], [89990.2, 0.003], [89990.1, 0.003], [89990.0, 0.003], [89989.9, 0.021], [89989.7, 0.003], [89989.6, 0.006], [89989.5, 0.003], [89989.4, 0.003], [89989.2, 0.003], [89989.1, 0.055], [89989.0, 0.043], [89988.9, 0.003]], "asks": [[89991.4, 6.506], [89991.5, 0.004], [89991.6, 0.006], [89991.7, 0.165], [89991.8, 0.002], [89991.9, 0.008], [89992.0, 0.007], [89992.1, 0.181], [89992.2, 0.114], [89992.3, 0.005], [89992.5, 0.002], [89992.6, 0.002], [89992.7, 0.003], [89992.8, 0.002], [89992.9, 0.112], [89993.0, 0.014], [89993.2, 0.166], [89993.4, 0.003], [89993.5, 0.002], [89993.6, 0.018]], "timestamp": "2025-12-14T09:59:53.196445+00:00"}, {"symbol": "BTCUSDT", "bids": [[89985.4, 9.082], [89985.3, 0.009], [89985.2, 0.003], [89985.1, 0.003], [89985.0, 0.041], [89984.9, 0.006], [89984.8, 0.003], [89984.7, 0.083], [89984.6, 0.117], [89984.5, 0.003], [89984.3, 0.003], [89983.8, 0.148], [89983.6, 0.002], [89983.3, 0.009], [89983.2, 0.021], [89983.1, 0.112], [89982.9, 0.004], [89982.8, 0.008], [89982.3, 0.112], [89982.2, 0.003]], "asks": [[89985.5, 4.254], [89985.6, 0.004], [89986.0, 0.006], [89986.2, 0.007], [89986.3, 0.002], [89986.4, 0.008], [89986.5, 0.007], [89986.6, 0.101], [89986.8, 0.054], [89987.0, 0.003], [89987.2, 0.002], [89987.3, 0.008], [89987.5, 0.003], [89987.6, 0.003], [89987.7, 0.009], [89987.9, 0.148], [89988.0, 0.033], [89988.1, 0.004], [89988.3, 0.135], [89988.4, 0.003]], "timestamp": "2025-12-14T10:00:46.863544+00:00"}, {"symbol": "BTCUSDT", "bids": [[89985.4, 7.326], [89985.3, 0.023], [89985.2, 0.003], [89985.1, 0.005], [89985.0, 0.046], [89984.9, 0.12], [89984.8, 0.003], [89984.7, 0.003], [89984.6, 0.005], [89984.5, 0.003], [89984.3, 0.015], [89984.1, 0.112], [89983.8, 0.014], [89983.6, 0.002], [89983.3, 0.006], [89983.2, 0.121], [89982.9, 0.002], [89982.8, 0.008], [89982.4, 0.112], [89982.2, 0.003]], "asks": [[89985.5, 2.027], [89985.6, 0.102], [89985.7, 0.027], [89985.8, 0.032], [89985.9, 0.02], [89986.0, 0.027], [89986.1, 0.046], [89986.2, 0.166], [89986.3, 0.021], [89986.4, 0.019], [89986.5, 0.007], [89986.6, 0.048], [89986.8, 0.054], [89986.9, 0.002], [89987.0, 0.115], [89987.2, 0.002], [89987.3, 0.134], [89987.5, 0.268], [89987.6, 0.003], [89987.7, 0.112]], "timestamp": "2025-12-14T10:01:40.697667+00:00"}, {"symbol": "BTCUSDT", "bids": [[89999.9, 5.143], [89999.8, 0.08], [89999.7, 0.078], [89999.6, 0.003], [89999.5, 0.003], [89999.4, 0.003], [89999.3, 0.007], [89999.2, 0.003], [89999.1, 0.005], [89999.0, 0.005], [89998.9, 0.003], [89998.8, 0.003], [89998.6, 0.003], [89998.3, 0.002], [89997.8, 0.006], [89997.4, 0.002], [89997.3, 0.033], [89997.2, 0.004], [89997.0, 0.006], [89996.8, 0.003]], "asks": [[90000.0, 6.882], [90000.1, 0.101], [90000.2, 0.011], [90000.4, 0.019], [90000.5, 0.112], [90000.6, 0.012], [90000.7, 0.002], [90000.8, 0.073], [90000.9, 0.036], [90001.1, 0.003], [90001.2, 0.003], [90001.5, 0.003], [90001.6, 0.002], [90001.7, 0.115], [90001.8, 0.015], [90002.0, 0.006], [90002.3, 0.003], [90002.4, 0.003], [90002.5, 0.002], [90002.7, 0.002]], "timestamp": "2025-12-14T10:02:34.759411+00:00"}, {"symbol": "BTCUSDT", "bids": [[89991.0, 6.68], [89990.9, 0.026], [89990.8, 0.031], [89990.7, 0.006], [89990.6, 0.003], [89990.5, 0.003], [89990.4, 0.003], [89990.3, 0.006], [89990.2, 0.003], [89990.1, 0.003], [89990.0, 0.007], [89989.9, 0.003], [89989.6, 0.015], [89989.3, 0.002], [89989.2, 0.005], [89989.0, 0.007], [89988.9, 0.005], [89988.7, 0.041], [89988.6, 0.006], [89988.5, 0.005]], "asks": [[89991.1, 11.451], [89991.2, 0.152], [89991.3, 0.023], [89991.4, 0.013], [89991.6, 0.003], [89991.7, 0.002], [89991.8, 0.112], [89991.9, 0.003], [89992.1, 0.012], [89992.4, 0.003], [89992.6, 0.007], [89992.7, 0.112], [89992.8, 0.06], [89992.9, 0.002], [89993.2, 0.005], [89993.3, 0.003], [89993.5, 0.075], [89993.7, 0.116], [89994.0, 0.015], [89994.1, 0.008]], "timestamp": "2025-12-14T10:03:28.104343+00:00"}, {"symbol": "BTCUSDT", "bids": [[89991.0, 4.545], [89990.9, 0.018], [89990.8, 0.022], [89990.7, 0.003], [89990.3, 0.003], [89990.2, 0.002], [89990.0, 0.002], [89989.6, 0.006], [89989.5, 0.003], [89989.4, 0.003], [89989.3, 0.005], [89989.2, 0.005], [89989.1, 0.012], [89989.0, 0.008], [89988.9, 0.006], [89988.8, 0.003], [89988.7, 0.003], [89988.6, 0.003], [89988.5, 0.005], [89988.4, 0.002]], "asks": [[89991.1, 15.363], [89991.2, 0.539], [89991.3, 0.008], [89991.4, 0.076], [89991.7, 0.006], [89991.9, 0.003], [89992.1, 0.003], [89992.3, 0.223], [89992.4, 0.06], [89992.5, 0.005], [89992.6, 0.002], [89992.8, 0.057], [89992.9, 0.47], [89993.0, 0.002], [89993.2, 0.003], [89993.3, 0.033], [89993.4, 0.008], [89993.5, 0.002], [89993.7, 0.004], [89993.9, 0.01]], "timestamp": "2025-12-14T10:04:21.250805+00:00"}, {"symbol": "BTCUSDT", "bids": [[89989.6, 9.969], [89989.5, 0.043], [89989.4, 0.028], [89989.3, 0.413], [89989.2, 0.784], [89989.1, 0.008], [89989.0, 0.004], [89988.4, 0.002], [89988.3, 0.002], [89987.5, 0.008], [89987.4, 0.112], [89987.3, 0.004], [89986.9, 0.787], [89986.8, 0.292], [89986.7, 0.787], [89986.6, 0.14], [89986.5, 0.224], [89986.4, 0.005], [89986.3, 0.004], [89986.0, 0.002]], "asks": [[89989.7, 4.48], [89989.8, 0.002], [89989.9, 0.004], [89990.0, 0.007], [89990.2, 0.006], [89990.4, 0.003], [89990.7, 0.029], [89990.8, 0.002], [89990.9, 0.005], [89991.0, 0.445], [89991.1, 0.053], [89991.2, 0.112], [89991.4, 0.012], [89991.7, 0.002], [89991.9, 0.006], [89992.0, 0.002], [89992.1, 0.005], [89992.2, 0.006], [89992.3, 0.254], [89992.4, 0.003]], "timestamp": "2025-12-14T10:05:14.067666+00:00"}, {"symbol": "BTCUSDT", "bids": [[89992.1, 15.195], [89992.0, 0.01], [89991.9, 0.03], [89991.8, 0.002], [89991.6, 0.003], [89991.0, 0.804], [89990.9, 0.114], [89990.8, 0.003], [89990.7, 0.011], [89990.3, 0.005], [89990.0, 0.022], [89989.9, 0.626], [89989.8, 0.793], [89989.7, 2.36], [89989.6, 0.595], [89989.3, 0.033], [89989.2, 0.003], [89989.1, 0.011], [89988.9, 0.124], [89988.6, 0.019]], "asks": [[89992.2, 1.801], [89992.3, 0.122], [89992.4, 0.003], [89992.6, 0.002], [89992.8, 0.081], [89992.9, 0.005], [89993.4, 0.003], [89993.5, 0.002], [89993.7, 0.057], [89993.9, 0.003], [89994.0, 0.002], [89994.3, 0.003], [89994.4, 0.005], [89994.6, 0.002], [89994.7, 0.002], [89994.8, 0.005], [89994.9, 0.003], [89995.0, 0.002], [89995.1, 0.002], [89995.3, 0.225]], "timestamp": "2025-12-14T10:06:07.688662+00:00"}, {"symbol": "BTCUSDT", "bids": [[89994.9, 8.496], [89994.8, 0.087], [89994.7, 0.007], [89994.3, 0.003], [89994.0, 0.002], [89993.7, 0.005], [89993.6, 0.002], [89993.4, 0.109], [89993.3, 0.556], [89993.2, 0.003], [89992.7, 0.002], [89992.6, 0.008], [89992.2, 0.098], [89992.1, 0.011], [89992.0, 0.002], [89991.6, 0.003], [89991.5, 0.002], [89991.3, 0.036], [89991.2, 0.053], [89991.1, 0.002]], "asks": [[89995.0, 4.088], [89995.1, 0.029], [89995.5, 0.005], [89996.0, 0.003], [89996.5, 0.003], [89996.8, 0.002], [89997.0, 0.003], [89997.3, 0.092], [89997.5, 0.005], [89998.0, 0.006], [89998.1, 0.005], [89998.2, 0.002], [89998.7, 0.003], [89999.0, 0.005], [89999.2, 0.003], [89999.4, 0.008], [89999.7, 0.006], [89999.9, 0.003], [90000.0, 0.007], [90000.2, 0.005]], "timestamp": "2025-12-14T10:07:01.119705+00:00"}, {"symbol": "BTCUSDT", "bids": [[89979.9, 6.102], [89979.8, 0.081], [89979.5, 0.004], [89979.3, 0.006], [89979.2, 0.002], [89979.0, 0.024], [89978.9, 0.043], [89978.8, 0.003], [89978.5, 0.008], [89978.4, 0.015], [89978.2, 0.004], [89978.1, 0.003], [89978.0, 0.002], [89977.9, 0.033], [89977.8, 0.049], [89977.6, 0.002], [89977.5, 0.006], [89977.4, 0.002], [89977.3, 0.006], [89977.1, 0.005]], "asks": [[89980.0, 3.058], [89980.1, 0.053], [89980.2, 0.058], [89980.3, 0.03], [89980.6, 0.012], [89980.8, 0.003], [89980.9, 0.002], [89981.1, 0.005], [89981.2, 0.006], [89981.8, 0.005], [89981.9, 0.006], [89982.0, 0.009], [89982.1, 0.003], [89982.3, 0.134], [89982.4, 0.003], [89982.7, 0.002], [89982.9, 0.008], [89983.0, 0.007], [89983.1, 0.005], [89983.2, 0.036]], "timestamp": "2025-12-14T10:07:54.347630+00:00"}, {"symbol": "BTCUSDT", "bids": [[89982.3, 5.51], [89982.2, 0.04], [89982.1, 0.059], [89982.0, 0.449], [89981.9, 0.114], [89981.2, 0.018], [89981.1, 0.002], [89981.0, 0.129], [89980.9, 0.006], [89980.5, 0.003], [89980.2, 0.117], [89980.0, 2.965], [89979.9, 0.345], [89979.8, 0.003], [89979.7, 0.079], [89979.5, 0.004], [89979.4, 0.003], [89979.3, 0.131], [89979.2, 0.002], [89978.9, 0.043]], "asks": [[89982.4, 4.125], [89982.5, 0.055], [89982.7, 0.002], [89982.8, 0.005], [89982.9, 0.003], [89983.0, 0.112], [89983.3, 0.006], [89983.4, 0.003], [89983.6, 0.002], [89983.8, 0.114], [89983.9, 0.002], [89984.0, 0.012], [89984.4, 0.002], [89984.5, 0.046], [89984.7, 0.002], [89984.8, 0.115], [89984.9, 0.017], [89985.0, 0.011], [89985.1, 0.002], [89985.3, 0.013]], "timestamp": "2025-12-14T10:08:47.498086+00:00"}, {"symbol": "BTCUSDT", "bids": [[89980.0, 4.351], [89979.9, 0.216], [89979.8, 0.003], [89979.5, 0.004], [89979.3, 0.03], [89979.2, 0.002], [89978.8, 0.003], [89978.5, 0.002], [89978.4, 0.003], [89978.3, 0.93], [89978.2, 0.004], [89978.1, 0.003], [89978.0, 0.002], [89977.9, 0.033], [89977.8, 0.161], [89977.7, 0.002], [89977.6, 0.002], [89977.5, 0.002], [89977.4, 0.002], [89977.3, 0.006]], "asks": [[89980.1, 16.065], [89980.2, 0.094], [89980.3, 0.007], [89980.4, 0.003], [89980.5, 0.003], [89980.6, 0.003], [89980.7, 0.003], [89980.8, 0.005], [89980.9, 0.114], [89981.1, 0.043], [89981.3, 0.003], [89981.8, 0.364], [89981.9, 0.114], [89982.0, 0.059], [89982.1, 0.111], [89982.2, 0.292], [89982.3, 0.51], [89982.4, 0.251], [89982.6, 0.002], [89982.7, 0.114]], "timestamp": "2025-12-14T10:09:40.250924+00:00"}, {"symbol": "BTCUSDT", "bids": [[89931.4, 7.985], [89931.3, 0.21], [89931.2, 0.002], [89931.1, 0.003], [89931.0, 0.1], [89930.8, 0.006], [89930.7, 0.104], [89930.6, 0.131], [89930.5, 0.125], [89930.4, 0.008], [89930.3, 0.003], [89930.1, 0.009], [89930.0, 0.272], [89929.9, 0.007], [89929.8, 0.017], [89929.7, 0.051], [89929.6, 0.008], [89929.5, 0.027], [89929.3, 0.008], [89929.2, 0.012]], "asks": [[89931.5, 2.541], [89931.6, 0.015], [89932.0, 0.003], [89932.3, 0.002], [89932.5, 0.005], [89933.0, 0.003], [89933.3, 0.002], [89933.4, 0.002], [89933.6, 0.003], [89933.7, 0.001], [89934.2, 0.006], [89934.4, 0.006], [89934.7, 0.004], [89935.0, 0.003], [89935.2, 0.006], [89935.4, 0.002], [89935.5, 0.012], [89935.6, 0.003], [89935.7, 0.003], [89935.8, 0.002]], "timestamp": "2025-12-14T10:10:33.684584+00:00"}, {"symbol": "BTCUSDT", "bids": [[89952.7, 11.552], [89952.6, 0.008], [89952.5, 0.466], [89952.3, 0.002], [89951.5, 0.002], [89951.0, 0.012], [89950.8, 0.005], [89950.6, 0.003], [89950.5, 0.004], [89950.0, 0.102], [89949.9, 0.141], [89949.8, 0.007], [89949.7, 0.002], [89949.6, 0.167], [89949.5, 0.002], [89949.4, 0.009], [89949.3, 0.008], [89949.2, 0.112], [89949.0, 0.003], [89948.9, 0.003]], "asks": [[89952.8, 2.271], [89952.9, 0.006], [89953.0, 0.005], [89953.2, 0.017], [89953.6, 0.002], [89953.9, 0.005], [89954.0, 0.002], [89954.1, 0.002], [89954.3, 0.003], [89954.4, 0.006], [89954.5, 0.115], [89954.6, 0.003], [89954.7, 0.003], [89954.8, 0.005], [89954.9, 0.006], [89955.0, 0.071], [89955.1, 0.01], [89955.2, 0.003], [89955.3, 0.003], [89955.6, 0.002]], "timestamp": "2025-12-14T10:11:27.546957+00:00"}, {"symbol": "BTCUSDT", "bids": [[89911.0, 2.614], [89910.9, 0.006], [89910.8, 0.005], [89910.7, 0.002], [89910.6, 0.049], [89910.5, 0.002], [89910.3, 0.003], [89910.2, 0.001], [89910.1, 0.002], [89910.0, 0.511], [89909.9, 0.002], [89909.8, 0.005], [89909.5, 0.002], [89909.3, 0.01], [89909.1, 0.006], [89909.0, 0.02], [89908.9, 0.003], [89908.8, 0.005], [89908.7, 1.32], [89908.6, 0.003]], "asks": [[89911.1, 13.985], [89911.2, 0.024], [89911.3, 0.201], [89911.4, 0.118], [89911.8, 0.033], [89911.9, 0.003], [89912.0, 0.006], [89912.1, 0.112], [89912.6, 0.005], [89912.7, 0.002], [89912.9, 0.117], [89913.0, 0.004], [89913.1, 0.002], [89913.2, 0.003], [89913.3, 0.005], [89913.7, 0.003], [89913.8, 0.009], [89913.9, 0.124], [89914.0, 0.003], [89914.1, 0.003]], "timestamp": "2025-12-14T10:12:20.526975+00:00"}, {"symbol": "BTCUSDT", "bids": [[89855.0, 3.982], [89854.9, 0.002], [89854.8, 0.023], [89854.4, 0.05], [89854.3, 0.059], [89854.2, 0.012], [89853.9, 0.003], [89853.8, 0.003], [89853.5, 0.017], [89853.4, 0.02], [89853.3, 0.003], [89853.2, 0.002], [89853.0, 0.04], [89852.9, 0.009], [89852.8, 0.003], [89852.5, 0.006], [89852.3, 0.019], [89852.1, 0.003], [89852.0, 0.104], [89851.9, 0.014]], "asks": [[89855.1, 11.555], [89855.2, 0.014], [89855.3, 0.203], [89855.4, 0.006], [89855.7, 0.005], [89855.8, 0.003], [89855.9, 0.006], [89856.0, 0.015], [89856.1, 0.003], [89856.2, 0.003], [89856.4, 0.003], [89856.8, 0.002], [89856.9, 0.002], [89857.0, 0.112], [89857.1, 0.009], [89857.6, 0.003], [89857.9, 0.003], [89858.1, 0.162], [89858.2, 0.004], [89858.3, 0.014]], "timestamp": "2025-12-14T10:13:13.901113+00:00"}, {"symbol": "BTCUSDT", "bids": [[89750.0, 5.437], [89749.9, 0.272], [89749.8, 0.744], [89749.7, 0.002], [89748.2, 0.006], [89748.0, 0.009], [89747.3, 0.012], [89747.2, 0.003], [89747.0, 0.014], [89746.9, 0.002], [89746.7, 0.005], [89746.5, 0.002], [89746.4, 0.102], [89746.1, 0.055], [89746.0, 0.051], [89745.8, 0.169], [89745.6, 0.005], [89745.5, 0.286], [89745.4, 0.204], [89745.3, 0.005]], "asks": [[89750.1, 2.319], [89750.2, 0.008], [89750.3, 0.002], [89750.5, 0.003], [89750.7, 0.022], [89751.0, 0.006], [89751.2, 0.002], [89751.3, 0.006], [89751.4, 0.002], [89751.5, 0.003], [89751.9, 0.002], [89752.0, 0.003], [89752.1, 0.003], [89752.3, 0.002], [89752.5, 0.069], [89752.6, 0.112], [89752.9, 0.003], [89753.0, 0.019], [89753.1, 0.002], [89753.2, 0.006]], "timestamp": "2025-12-14T10:14:07.395363+00:00"}, {"symbol": "BTCUSDT", "bids": [[89762.5, 2.111], [89762.4, 0.007], [89762.2, 0.053], [89762.0, 0.003], [89761.5, 0.038], [89761.4, 0.005], [89761.0, 0.005], [89760.7, 0.002], [89760.5, 0.005], [89760.4, 0.14], [89760.3, 1.894], [89760.2, 0.013], [89760.0, 0.004], [89759.9, 0.007], [89759.6, 0.009], [89759.5, 0.002], [89759.4, 0.007], [89759.1, 0.006], [89758.8, 0.006], [89758.7, 0.003]], "asks": [[89762.6, 10.547], [89762.7, 0.007], [89763.1, 0.003], [89763.2, 1.114], [89763.3, 0.002], [89763.6, 0.077], [89763.8, 0.058], [89764.2, 0.002], [89764.4, 0.128], [89764.5, 0.003], [89764.6, 0.17], [89764.7, 0.002], [89765.0, 0.004], [89765.4, 0.006], [89765.6, 0.004], [89765.7, 0.002], [89765.9, 0.006], [89766.0, 0.128], [89766.2, 0.003], [89766.4, 0.358]], "timestamp": "2025-12-14T10:15:00.254615+00:00"}, {"symbol": "BTCUSDT", "bids": [[89837.0, 12.002], [89836.9, 0.012], [89836.6, 0.102], [89836.5, 0.112], [89836.1, 0.055], [89836.0, 0.003], [89835.8, 0.012], [89835.3, 0.002], [89835.2, 0.483], [89835.0, 0.005], [89834.7, 0.003], [89834.5, 0.003], [89834.4, 0.002], [89834.2, 0.003], [89833.8, 0.012], [89833.7, 0.009], [89833.6, 0.005], [89833.5, 0.003], [89833.4, 0.005], [89833.3, 0.003]], "asks": [[89837.1, 3.161], [89837.2, 0.002], [89837.4, 0.003], [89837.5, 0.002], [89837.6, 0.15], [89837.7, 0.022], [89838.0, 0.006], [89838.1, 0.007], [89838.3, 0.019], [89838.4, 0.002], [89838.6, 0.005], [89838.8, 0.002], [89838.9, 0.011], [89839.0, 0.007], [89839.1, 0.003], [89839.4, 0.003], [89839.5, 0.002], [89839.6, 0.003], [89839.8, 0.004], [89839.9, 0.002]], "timestamp": "2025-12-14T10:15:53.714539+00:00"}, {"symbol": "BTCUSDT", "bids": [[89817.0, 5.814], [89816.9, 0.007], [89816.4, 0.005], [89816.2, 0.002], [89816.0, 0.008], [89815.9, 0.003], [89815.7, 0.002], [89815.6, 0.004], [89815.5, 0.006], [89815.4, 0.009], [89815.3, 0.004], [89815.1, 0.271], [89815.0, 1.114], [89814.9, 0.007], [89814.8, 0.006], [89814.6, 0.005], [89814.3, 0.003], [89813.9, 0.023], [89813.8, 0.003], [89813.7, 0.002]], "asks": [[89817.1, 2.797], [89817.2, 0.006], [89817.4, 0.003], [89817.9, 0.002], [89818.1, 0.167], [89818.2, 0.033], [89818.3, 0.003], [89818.8, 0.117], [89818.9, 0.002], [89819.1, 0.036], [89819.4, 0.003], [89819.7, 0.002], [89819.8, 0.112], [89819.9, 0.006], [89820.0, 0.074], [89820.2, 0.002], [89820.3, 0.002], [89820.5, 0.003], [89820.6, 0.002], [89820.7, 0.019]], "timestamp": "2025-12-14T10:16:47.672021+00:00"}, {"symbol": "BTCUSDT", "bids": [[89829.0, 2.953], [89828.9, 0.002], [89828.8, 0.005], [89828.7, 0.022], [89828.2, 0.003], [89828.1, 0.002], [89827.9, 0.002], [89827.7, 0.303], [89827.3, 0.004], [89827.2, 0.005], [89827.1, 0.002], [89827.0, 0.002], [89826.9, 0.003], [89826.8, 0.002], [89826.3, 0.005], [89826.1, 0.003], [89826.0, 0.002], [89825.9, 0.002], [89825.7, 0.006], [89825.6, 0.003]], "asks": [[89829.1, 9.303], [89829.2, 0.008], [89829.5, 0.003], [89829.6, 0.997], [89829.7, 0.002], [89829.8, 0.002], [89829.9, 0.183], [89830.0, 0.08], [89830.3, 0.005], [89830.4, 0.004], [89830.5, 0.003], [89830.8, 0.011], [89831.0, 0.003], [89831.1, 0.003], [89831.5, 0.003], [89831.7, 0.002], [89831.8, 0.002], [89831.9, 0.003], [89832.0, 0.003], [89832.3, 4.321]], "timestamp": "2025-12-14T10:17:40.502312+00:00"}, {"symbol": "BTCUSDT", "bids": [[89855.8, 4.44], [89855.7, 0.022], [89855.4, 0.003], [89855.0, 0.002], [89854.9, 0.005], [89854.4, 0.003], [89854.2, 0.068], [89854.1, 0.033], [89854.0, 0.004], [89853.9, 0.003], [89853.8, 0.003], [89853.5, 0.045], [89853.3, 0.004], [89853.2, 0.003], [89853.1, 0.002], [89853.0, 0.003], [89852.7, 0.003], [89852.5, 0.002], [89852.4, 0.002], [89852.1, 0.003]], "asks": [[89855.9, 6.147], [89856.0, 0.009], [89856.1, 0.003], [89856.3, 0.002], [89856.4, 0.008], [89856.6, 0.003], [89856.8, 0.004], [89856.9, 0.112], [89857.0, 0.015], [89857.1, 0.003], [89857.3, 0.02], [89857.5, 0.002], [89857.6, 0.119], [89857.7, 0.002], [89857.8, 0.011], [89858.0, 0.089], [89858.1, 0.033], [89858.3, 0.003], [89858.4, 0.006], [89858.5, 0.002]], "timestamp": "2025-12-14T10:18:33.500777+00:00"}, {"symbol": "BTCUSDT", "bids": [[89862.1, 4.558], [89862.0, 0.12], [89861.9, 0.002], [89861.7, 0.002], [89861.6, 0.015], [89861.5, 0.002], [89861.4, 0.004], [89861.3, 0.013], [89861.2, 0.006], [89861.1, 0.003], [89860.6, 0.003], [89860.2, 0.436], [89860.1, 0.501], [89860.0, 0.749], [89859.9, 0.01], [89859.8, 0.003], [89859.7, 0.003], [89859.6, 0.031], [89859.5, 0.006], [89859.4, 0.117]], "asks": [[89862.2, 0.026], [89862.3, 0.237], [89862.8, 0.111], [89862.9, 0.009], [89863.1, 0.003], [89863.2, 0.002], [89863.3, 0.002], [89863.5, 0.027], [89863.6, 0.003], [89863.8, 0.002], [89863.9, 0.063], [89864.0, 0.002], [89864.1, 0.005], [89864.5, 0.015], [89864.6, 0.008], [89864.7, 0.002], [89864.9, 0.002], [89865.0, 0.093], [89865.1, 0.003], [89865.2, 0.019]], "timestamp": "2025-12-14T10:19:26.888638+00:00"}, {"symbol": "BTCUSDT", "bids": [[89892.5, 1.966], [89892.4, 0.011], [89892.3, 0.011], [89892.0, 0.004], [89891.8, 0.005], [89891.7, 0.033], [89891.3, 0.003], [89891.1, 0.002], [89890.9, 0.002], [89890.8, 0.003], [89890.3, 0.01], [89890.2, 0.002], [89890.1, 0.068], [89890.0, 0.006], [89889.9, 0.002], [89889.7, 0.006], [89889.5, 0.005], [89889.3, 0.002], [89889.0, 0.006], [89888.9, 0.003]], "asks": [[89892.6, 5.453], [89892.7, 0.002], [89892.8, 0.008], [89893.1, 0.009], [89893.3, 0.002], [89893.5, 0.002], [89893.6, 0.003], [89893.8, 0.013], [89893.9, 0.316], [89894.0, 1.209], [89894.1, 0.081], [89894.5, 0.091], [89894.6, 0.003], [89894.9, 0.036], [89895.0, 0.004], [89895.1, 0.003], [89895.2, 0.004], [89895.4, 0.112], [89895.6, 0.014], [89895.7, 0.003]], "timestamp": "2025-12-14T10:20:19.599199+00:00"}, {"symbol": "BTCUSDT", "bids": [[89920.4, 13.114], [89920.3, 0.19], [89920.2, 0.003], [89920.0, 0.003], [89919.8, 0.002], [89919.5, 0.003], [89919.2, 0.003], [89919.1, 0.002], [89919.0, 0.06], [89918.9, 0.002], [89918.7, 0.005], [89918.4, 0.002], [89918.2, 0.008], [89918.1, 0.002], [89918.0, 0.012], [89917.4, 0.003], [89917.3, 0.003], [89917.1, 0.011], [89916.9, 0.002], [89916.7, 0.003]], "asks": [[89920.5, 0.297], [89920.6, 0.005], [89920.9, 0.077], [89921.0, 0.01], [89921.1, 0.031], [89921.2, 0.031], [89921.5, 0.002], [89921.6, 0.003], [89921.7, 0.018], [89922.0, 0.002], [89922.1, 0.003], [89922.4, 0.003], [89922.6, 0.003], [89922.8, 0.002], [89923.0, 0.003], [89923.1, 0.005], [89923.2, 0.003], [89923.5, 0.002], [89923.6, 0.003], [89923.8, 0.011]], "timestamp": "2025-12-14T10:21:12.769402+00:00"}, {"symbol": "BTCUSDT", "bids": [[89956.1, 2.586], [89956.0, 0.004], [89955.8, 0.002], [89955.6, 0.002], [89955.5, 0.003], [89955.1, 0.002], [89955.0, 0.005], [89954.8, 0.006], [89954.7, 0.002], [89954.5, 0.003], [89954.2, 0.002], [89954.0, 0.006], [89953.6, 0.002], [89953.5, 0.003], [89953.3, 0.002], [89953.2, 0.002], [89953.1, 0.569], [89953.0, 0.006], [89952.9, 0.002], [89952.8, 0.005]], "asks": [[89956.2, 10.096], [89956.3, 0.009], [89956.4, 0.362], [89956.5, 0.002], [89956.8, 0.011], [89957.0, 0.112], [89957.1, 0.08], [89957.2, 0.015], [89957.3, 0.006], [89957.4, 0.054], [89957.7, 0.062], [89958.0, 0.002], [89958.1, 0.002], [89958.3, 0.003], [89958.4, 1.0], [89958.5, 0.002], [89958.6, 1.004], [89958.7, 0.116], [89958.8, 0.002], [89959.1, 0.003]], "timestamp": "2025-12-14T10:22:06.535817+00:00"}, {"symbol": "BTCUSDT", "bids": [[89925.2, 6.026], [89925.1, 0.132], [89925.0, 0.118], [89924.9, 0.015], [89924.8, 0.249], [89924.7, 0.1], [89924.3, 0.12], [89924.2, 0.006], [89924.1, 0.003], [89924.0, 0.003], [89923.9, 0.003], [89923.8, 0.003], [89923.7, 0.007], [89923.6, 0.002], [89923.5, 0.004], [89923.4, 0.004], [89923.3, 0.117], [89923.2, 0.003], [89923.1, 0.005], [89923.0, 0.007]], "asks": [[89925.3, 0.335], [89925.4, 0.038], [89926.0, 0.002], [89926.2, 0.002], [89926.6, 0.03], [89926.9, 0.002], [89927.1, 0.002], [89927.2, 0.002], [89927.4, 0.003], [89927.5, 0.003], [89927.7, 0.003], [89927.8, 0.002], [89928.0, 0.004], [89928.2, 0.006], [89928.7, 0.021], [89928.9, 0.002], [89929.0, 0.003], [89929.1, 0.012], [89929.2, 0.003], [89929.3, 0.002]], "timestamp": "2025-12-14T10:23:00.150238+00:00"}, {"symbol": "BTCUSDT", "bids": [[89995.4, 3.741], [89995.3, 0.008], [89995.2, 0.005], [89995.1, 0.081], [89995.0, 0.003], [89994.8, 0.002], [89994.7, 0.002], [89994.5, 0.002], [89994.2, 0.003], [89994.0, 0.003], [89993.9, 0.002], [89993.5, 0.003], [89993.3, 0.115], [89993.2, 0.002], [89993.1, 0.005], [89993.0, 0.025], [89992.9, 0.368], [89992.8, 0.002], [89992.7, 0.038], [89992.6, 0.088]], "asks": [[89995.5, 17.205], [89995.6, 0.123], [89995.7, 0.002], [89995.8, 0.012], [89996.2, 0.077], [89996.3, 0.136], [89996.4, 0.388], [89996.5, 0.002], [89997.1, 0.002], [89997.3, 0.077], [89997.6, 0.007], [89997.9, 0.127], [89998.2, 0.044], [89998.3, 0.003], [89998.5, 0.003], [89998.8, 0.005], [89998.9, 0.002], [89999.0, 0.112], [89999.1, 0.005], [89999.6, 0.008]], "timestamp": "2025-12-14T10:23:52.829575+00:00"}, {"symbol": "BTCUSDT", "bids": [[90062.9, 3.182], [90062.8, 0.079], [90062.7, 0.016], [90062.3, 0.003], [90062.1, 0.002], [90061.7, 0.006], [90061.6, 0.002], [90061.4, 0.002], [90061.2, 0.003], [90061.1, 0.002], [90060.7, 0.006], [90060.5, 0.002], [90060.1, 0.287], [90060.0, 1.734], [90059.9, 0.078], [90059.8, 0.036], [90059.6, 0.002], [90059.5, 0.003], [90059.4, 0.002], [90059.3, 0.033]], "asks": [[90063.0, 5.711], [90063.1, 0.102], [90063.2, 0.002], [90063.5, 0.012], [90063.6, 0.18], [90063.7, 0.112], [90064.2, 0.005], [90064.3, 0.003], [90064.5, 0.015], [90064.6, 0.212], [90064.8, 0.006], [90065.0, 0.004], [90065.2, 0.003], [90065.4, 0.112], [90065.6, 0.004], [90065.8, 0.002], [90066.1, 0.005], [90066.5, 0.054], [90066.6, 0.004], [90066.7, 0.003]], "timestamp": "2025-12-14T10:24:46.085854+00:00"}, {"symbol": "BTCUSDT", "bids": [[90056.5, 8.092], [90056.4, 0.021], [90056.3, 0.003], [90056.2, 0.006], [90056.1, 0.003], [90056.0, 0.003], [90055.9, 0.006], [90055.8, 0.005], [90055.7, 0.01], [90055.6, 0.01], [90055.5, 0.01], [90055.4, 1.109], [90055.3, 0.002], [90055.2, 0.211], [90055.1, 11.608], [90055.0, 77.82], [90054.9, 0.013], [90054.8, 0.005], [90054.5, 0.003], [90054.3, 0.003]], "asks": [[90056.6, 4.105], [90056.7, 0.004], [90056.8, 0.112], [90057.2, 0.045], [90057.5, 0.004], [90057.6, 0.03], [90057.7, 0.002], [90058.1, 0.112], [90058.2, 0.015], [90058.4, 0.002], [90058.6, 0.002], [90058.7, 0.003], [90058.9, 0.112], [90059.1, 0.005], [90059.2, 0.002], [90059.4, 0.003], [90059.5, 0.002], [90059.7, 0.002], [90059.8, 0.003], [90059.9, 0.141]], "timestamp": "2025-12-14T10:25:39.640477+00:00"}, {"symbol": "BTCUSDT", "bids": [[90073.1, 7.236], [90073.0, 0.005], [90072.9, 0.509], [90072.8, 0.041], [90072.4, 0.005], [90072.3, 0.009], [90072.2, 0.114], [90072.1, 0.02], [90072.0, 0.026], [90071.9, 0.003], [90071.4, 0.003], [90071.3, 0.004], [90071.1, 0.147], [90070.9, 0.006], [90070.6, 0.002], [90070.4, 0.004], [90070.2, 0.003], [90070.1, 0.005], [90070.0, 0.122], [90069.8, 0.014]], "asks": [[90073.2, 2.165], [90073.3, 0.011], [90073.4, 0.007], [90073.6, 0.01], [90073.7, 0.002], [90073.8, 0.036], [90074.1, 0.003], [90074.2, 0.003], [90074.4, 0.031], [90074.5, 0.012], [90074.6, 0.003], [90074.8, 0.009], [90074.9, 0.002], [90075.0, 0.002], [90075.1, 0.08], [90075.4, 0.003], [90075.5, 0.044], [90075.6, 0.005], [90075.9, 0.006], [90076.0, 0.007]], "timestamp": "2025-12-14T10:26:32.794094+00:00"}, {"symbol": "BTCUSDT", "bids": [[90063.5, 1.362], [90063.4, 0.013], [90063.0, 0.004], [90062.9, 0.023], [90062.3, 0.005], [90062.1, 0.002], [90062.0, 0.002], [90061.9, 0.004], [90061.8, 0.003], [90061.3, 0.003], [90061.2, 0.003], [90061.1, 0.004], [90061.0, 0.565], [90060.9, 0.022], [90060.8, 0.003], [90060.4, 0.002], [90060.3, 0.074], [90060.1, 0.005], [90060.0, 0.193], [90059.9, 0.177]], "asks": [[90063.6, 12.23], [90063.7, 0.012], [90063.8, 0.002], [90064.0, 0.454], [90064.1, 1.392], [90064.2, 0.002], [90064.8, 0.002], [90065.2, 0.099], [90065.3, 0.091], [90065.4, 0.002], [90065.7, 1.0], [90065.8, 0.003], [90065.9, 0.285], [90066.0, 0.002], [90066.3, 0.002], [90066.6, 0.003], [90066.7, 0.005], [90067.4, 0.191], [90067.5, 0.055], [90067.6, 0.015]], "timestamp": "2025-12-14T10:27:25.921675+00:00"}, {"symbol": "BTCUSDT", "bids": [[90012.2, 3.393], [90012.1, 0.006], [90011.9, 0.003], [90011.7, 0.004], [90011.6, 0.002], [90011.0, 0.005], [90010.9, 0.002], [90010.8, 0.002], [90010.5, 0.003], [90010.4, 0.002], [90010.1, 0.005], [90010.0, 0.007], [90009.8, 0.006], [90009.6, 0.003], [90009.4, 0.005], [90009.2, 0.002], [90009.1, 0.002], [90009.0, 0.004], [90008.8, 0.004], [90008.7, 0.006]], "asks": [[90012.3, 10.253], [90012.4, 0.018], [90012.8, 0.112], [90013.4, 0.029], [90013.5, 0.169], [90013.6, 0.002], [90013.7, 0.033], [90014.0, 0.005], [90014.2, 0.035], [90014.3, 0.556], [90014.4, 0.555], [90014.5, 0.002], [90014.6, 0.003], [90014.7, 0.008], [90015.0, 0.169], [90015.1, 0.114], [90015.2, 1.397], [90015.3, 0.003], [90015.4, 0.005], [90015.7, 0.046]], "timestamp": "2025-12-14T10:28:19.396942+00:00"}, {"symbol": "BTCUSDT", "bids": [[89996.4, 2.511], [89996.3, 0.01], [89996.0, 0.003], [89995.8, 0.011], [89995.5, 0.01], [89995.3, 0.005], [89995.2, 0.002], [89995.1, 0.04], [89995.0, 0.003], [89994.8, 0.002], [89994.7, 0.002], [89994.5, 0.005], [89994.3, 0.003], [89994.2, 0.005], [89994.1, 0.011], [89994.0, 0.006], [89993.9, 0.004], [89993.5, 0.115], [89993.4, 0.003], [89993.3, 0.005]], "asks": [[89996.5, 14.707], [89996.6, 0.246], [89996.7, 0.002], [89997.0, 0.112], [89997.1, 0.002], [89997.2, 0.093], [89997.3, 0.066], [89997.4, 0.079], [89997.5, 0.005], [89997.6, 0.002], [89997.8, 0.112], [89998.0, 0.01], [89998.2, 0.002], [89998.4, 0.002], [89998.5, 0.112], [89998.6, 0.003], [89998.7, 0.012], [89998.8, 0.046], [89998.9, 0.002], [89999.1, 0.002]], "timestamp": "2025-12-14T10:29:12.834835+00:00"}, {"symbol": "BTCUSDT", "bids": [[89965.2, 15.52], [89965.1, 0.742], [89965.0, 1.226], [89964.9, 0.127], [89964.8, 0.002], [89964.4, 0.003], [89964.0, 0.07], [89963.9, 0.003], [89963.7, 0.107], [89963.4, 0.007], [89963.3, 0.635], [89963.1, 0.003], [89963.0, 0.005], [89962.8, 0.074], [89962.4, 0.002], [89962.3, 0.089], [89962.2, 0.133], [89962.1, 0.32], [89962.0, 0.002], [89961.9, 0.014]], "asks": [[89965.3, 0.25], [89965.4, 0.002], [89965.6, 0.002], [89965.8, 0.008], [89965.9, 0.015], [89966.1, 0.253], [89966.2, 0.151], [89966.4, 0.005], [89966.5, 0.002], [89966.7, 0.002], [89966.8, 0.004], [89966.9, 0.003], [89967.0, 0.002], [89967.1, 0.007], [89967.6, 0.008], [89967.8, 0.002], [89968.1, 0.002], [89968.2, 0.016], [89968.3, 0.005], [89968.5, 0.014]], "timestamp": "2025-12-14T10:30:06.485116+00:00"}, {"symbol": "BTCUSDT", "bids": [[89915.2, 0.967], [89915.1, 0.004], [89915.0, 0.069], [89914.8, 0.014], [89914.7, 0.003], [89914.6, 0.002], [89914.5, 0.044], [89914.4, 0.02], [89914.3, 0.002], [89914.2, 0.002], [89914.1, 0.007], [89914.0, 0.005], [89913.8, 0.011], [89913.6, 0.002], [89913.5, 0.003], [89913.3, 0.002], [89913.0, 0.003], [89912.7, 0.008], [89912.5, 0.005], [89912.3, 0.004]], "asks": [[89915.3, 8.93], [89915.4, 0.031], [89915.5, 0.273], [89915.6, 0.353], [89915.7, 0.003], [89915.8, 0.006], [89915.9, 0.003], [89916.1, 0.002], [89916.3, 0.038], [89916.4, 0.115], [89916.5, 0.003], [89916.6, 0.003], [89916.9, 0.555], [89917.0, 0.018], [89917.1, 0.523], [89917.2, 0.004], [89917.3, 0.126], [89917.4, 0.082], [89917.5, 0.084], [89917.6, 0.003]], "timestamp": "2025-12-14T10:30:59.799453+00:00"}, {"symbol": "BTCUSDT", "bids": [[89874.6, 4.425], [89874.5, 0.01], [89874.4, 0.039], [89874.3, 0.02], [89874.1, 0.009], [89874.0, 0.005], [89873.6, 0.012], [89873.5, 0.003], [89873.4, 0.014], [89873.2, 0.002], [89873.1, 0.002], [89873.0, 0.02], [89872.5, 0.115], [89872.3, 0.005], [89872.1, 0.013], [89872.0, 0.003], [89871.8, 0.003], [89871.7, 0.002], [89871.6, 0.005], [89871.5, 0.044]], "asks": [[89874.7, 17.703], [89874.8, 0.016], [89874.9, 0.338], [89875.0, 0.003], [89875.1, 0.003], [89875.2, 0.003], [89875.3, 0.003], [89875.4, 0.006], [89875.5, 0.114], [89875.8, 0.055], [89875.9, 0.002], [89876.0, 0.015], [89876.1, 0.015], [89876.2, 0.002], [89876.4, 0.002], [89876.6, 1.006], [89876.7, 0.086], [89876.9, 0.002], [89877.0, 0.446], [89877.1, 0.016]], "timestamp": "2025-12-14T10:31:52.748796+00:00"}, {"symbol": "BTCUSDT", "bids": [[89866.4, 10.198], [89866.3, 0.004], [89865.8, 0.066], [89865.7, 0.002], [89865.2, 0.555], [89865.1, 1.0], [89865.0, 1.231], [89864.9, 0.172], [89864.8, 0.002], [89864.6, 0.003], [89864.5, 0.002], [89864.4, 0.003], [89864.1, 0.029], [89864.0, 0.002], [89863.6, 0.003], [89863.5, 1.005], [89863.4, 0.843], [89863.3, 0.012], [89863.2, 0.002], [89863.1, 0.114]], "asks": [[89866.5, 0.401], [89866.6, 0.002], [89866.8, 0.003], [89867.2, 0.043], [89867.3, 0.002], [89867.4, 0.002], [89867.6, 0.005], [89868.1, 0.003], [89868.5, 0.003], [89868.6, 0.003], [89869.0, 0.014], [89869.1, 0.005], [89869.2, 0.002], [89869.3, 0.003], [89869.4, 0.007], [89869.5, 0.005], [89869.6, 0.003], [89869.8, 0.011], [89870.0, 0.01], [89870.1, 0.003]], "timestamp": "2025-12-14T10:32:46.027098+00:00"}, {"symbol": "BTCUSDT", "bids": [[89861.7, 4.619], [89861.6, 0.009], [89861.5, 0.005], [89861.4, 0.004], [89861.3, 0.114], [89861.2, 0.002], [89860.9, 0.002], [89860.8, 0.012], [89860.6, 0.002], [89860.5, 0.005], [89860.4, 0.112], [89859.9, 0.002], [89859.7, 0.003], [89859.6, 0.692], [89859.5, 0.222], [89859.4, 0.004], [89859.1, 0.167], [89859.0, 1.392], [89858.9, 1.027], [89858.8, 0.005]], "asks": [[89861.8, 2.213], [89861.9, 0.012], [89862.0, 0.002], [89862.4, 0.003], [89862.6, 0.003], [89862.7, 0.077], [89862.9, 0.007], [89863.1, 0.002], [89863.2, 0.064], [89863.3, 0.002], [89863.4, 0.006], [89863.5, 0.005], [89863.8, 0.005], [89864.0, 0.002], [89864.1, 0.058], [89864.3, 0.003], [89864.7, 0.004], [89864.8, 0.007], [89864.9, 0.002], [89865.0, 0.019]], "timestamp": "2025-12-14T10:33:39.486343+00:00"}, {"symbol": "BTCUSDT", "bids": [[89870.9, 12.497], [89870.8, 0.075], [89870.7, 0.003], [89870.6, 0.003], [89870.4, 0.003], [89870.0, 1.881], [89869.9, 0.437], [89869.8, 0.003], [89869.7, 0.002], [89869.5, 0.004], [89869.3, 0.008], [89869.2, 0.003], [89869.1, 0.002], [89868.9, 0.726], [89868.8, 0.002], [89868.7, 0.003], [89868.4, 1.0], [89868.3, 0.004], [89868.2, 0.115], [89867.9, 0.019]], "asks": [[89871.0, 6.135], [89871.1, 0.008], [89871.2, 0.002], [89871.5, 0.003], [89871.8, 0.002], [89871.9, 0.005], [89872.0, 0.006], [89872.1, 0.002], [89872.8, 0.006], [89873.0, 0.002], [89873.5, 0.003], [89873.6, 0.003], [89873.7, 0.002], [89873.8, 0.002], [89873.9, 0.002], [89874.0, 0.006], [89874.4, 0.008], [89874.8, 0.002], [89874.9, 0.005], [89875.0, 0.005]], "timestamp": "2025-12-14T10:34:32.763133+00:00"}, {"symbol": "BTCUSDT", "bids": [[89908.2, 3.874], [89908.1, 0.004], [89908.0, 0.005], [89907.5, 0.003], [89907.3, 0.002], [89907.0, 0.003], [89906.4, 0.005], [89906.3, 0.002], [89906.2, 0.006], [89906.0, 0.003], [89905.6, 0.003], [89905.5, 0.002], [89905.2, 0.003], [89905.0, 0.004], [89904.9, 0.003], [89904.6, 0.002], [89904.5, 0.003], [89904.4, 0.018], [89904.2, 0.01], [89904.1, 0.002]], "asks": [[89908.3, 5.196], [89908.4, 0.009], [89908.5, 0.038], [89908.8, 0.079], [89908.9, 0.049], [89909.0, 0.006], [89909.1, 0.112], [89909.4, 0.057], [89909.6, 0.003], [89909.7, 0.002], [89909.9, 0.005], [89910.0, 0.063], [89910.1, 0.031], [89910.2, 0.012], [89910.3, 0.112], [89910.4, 0.005], [89910.6, 0.005], [89910.8, 0.004], [89910.9, 0.007], [89911.1, 0.005]], "timestamp": "2025-12-14T10:35:25.875754+00:00"}, {"symbol": "BTCUSDT", "bids": [[89902.4, 5.984], [89902.3, 0.015], [89902.0, 0.081], [89901.8, 0.003], [89901.7, 0.002], [89901.3, 0.112], [89901.0, 0.011], [89900.8, 0.037], [89900.5, 0.115], [89900.4, 0.012], [89900.3, 0.002], [89900.1, 0.338], [89900.0, 1.532], [89899.9, 0.007], [89899.8, 0.115], [89899.7, 0.096], [89899.6, 0.005], [89899.5, 0.003], [89899.4, 0.003], [89899.2, 0.002]], "asks": [[89902.5, 5.934], [89902.6, 0.011], [89903.0, 0.112], [89903.1, 0.003], [89903.3, 0.114], [89903.4, 0.004], [89903.6, 0.002], [89903.7, 0.115], [89904.2, 0.003], [89904.3, 0.002], [89904.5, 0.014], [89904.6, 0.117], [89904.7, 0.003], [89904.9, 0.05], [89905.0, 0.002], [89905.2, 0.003], [89905.4, 0.114], [89905.5, 0.085], [89905.7, 0.006], [89906.2, 0.006]], "timestamp": "2025-12-14T10:36:19.119627+00:00"}, {"symbol": "BTCUSDT", "bids": [[89857.2, 5.557], [89857.1, 0.008], [89856.7, 0.002], [89856.0, 0.006], [89855.7, 0.112], [89855.6, 0.002], [89855.4, 0.002], [89855.2, 0.544], [89855.1, 1.002], [89855.0, 1.004], [89854.9, 0.114], [89854.7, 0.003], [89854.6, 0.024], [89854.5, 0.012], [89854.4, 0.003], [89854.3, 0.006], [89854.2, 0.006], [89854.1, 1.002], [89854.0, 0.114], [89853.9, 0.002]], "asks": [[89857.3, 5.059], [89857.4, 0.049], [89857.5, 0.053], [89857.6, 0.002], [89857.8, 0.003], [89857.9, 0.002], [89858.1, 0.031], [89858.3, 0.005], [89858.4, 0.002], [89858.5, 0.002], [89858.6, 0.002], [89858.9, 0.077], [89859.0, 0.003], [89859.3, 0.002], [89859.4, 0.003], [89859.5, 0.008], [89859.6, 0.066], [89859.7, 0.003], [89859.9, 0.002], [89860.0, 0.007]], "timestamp": "2025-12-14T10:37:12.373259+00:00"}, {"symbol": "BTCUSDT", "bids": [[89854.1, 11.844], [89854.0, 0.573], [89853.6, 0.121], [89853.4, 0.004], [89853.3, 0.004], [89853.0, 0.09], [89852.8, 0.003], [89852.7, 0.393], [89852.6, 0.041], [89852.3, 0.002], [89852.2, 1.0], [89852.1, 0.098], [89852.0, 0.226], [89851.9, 1.002], [89851.8, 0.004], [89851.7, 0.112], [89851.6, 0.006], [89851.3, 0.002], [89851.2, 0.44], [89851.1, 0.864]], "asks": [[89854.2, 2.614], [89854.3, 0.009], [89854.5, 0.003], [89854.8, 0.004], [89855.0, 0.002], [89855.1, 0.011], [89855.2, 0.003], [89855.7, 0.007], [89855.9, 0.002], [89856.0, 0.116], [89856.2, 0.006], [89856.6, 0.002], [89856.7, 0.003], [89856.8, 0.002], [89857.0, 0.005], [89857.2, 0.02], [89857.3, 0.192], [89857.5, 0.002], [89857.6, 0.002], [89857.7, 0.003]], "timestamp": "2025-12-14T10:38:05.621832+00:00"}