[{"id": "3012880221", "price": 88001.4, "amount": 0.002, "side": "buy", "timestamp": 1765755710359}, {"id": "3012880222", "price": 88001.3, "amount": 0.397, "side": "sell", "timestamp": 1765755710883}, {"id": "3012880223", "price": 88001.3, "amount": 0.005, "side": "sell", "timestamp": 1765755711051}, {"id": "3012880224", "price": 88001.3, "amount": 0.005, "side": "sell", "timestamp": 1765755711186}, {"id": "3012880225", "price": 88001.4, "amount": 0.007, "side": "buy", "timestamp": 1765755711309}, {"id": "3012880226", "price": 88001.3, "amount": 0.002, "side": "sell", "timestamp": 1765755711510}, {"id": "3012880227", "price": 88001.4, "amount": 0.113, "side": "buy", "timestamp": 1765755711613}, {"id": "3012880228", "price": 88001.3, "amount": 0.066, "side": "sell", "timestamp": 1765755711681}, {"id": "3012880229", "price": 88001.4, "amount": 0.002, "side": "buy", "timestamp": 1765755711763}, {"id": "3012880230", "price": 88001.3, "amount": 0.002, "side": "sell", "timestamp": 1765755711938}, {"id": "3012880231", "price": 88001.3, "amount": 0.05, "side": "sell", "timestamp": 1765755712058}, {"id": "3012880232", "price": 88001.4, "amount": 2.532, "side": "buy", "timestamp": 1765755712185}, {"id": "3012880233", "price": 88001.5, "amount": 0.034, "side": "buy", "timestamp": 1765755712185}, {"id": "3012880234", "price": 88001.9, "amount": 0.003, "side": "buy", "timestamp": 1765755712186}, {"id": "3012880235", "price": 88002.0, "amount": 0.004, "side": "buy", "timestamp": 1765755712186}, {"id": "3012880236", "price": 88002.1, "amount": 0.006, "side": "buy", "timestamp": 1765755712186}, {"id": "3012880237", "price": 88002.4, "amount": 0.003, "side": "buy", "timestamp": 1765755712186}, {"id": "3012880238", "price": 88002.5, "amount": 0.002, "side": "buy", "timestamp": 1765755712186}, {"id": "3012880239", "price": 88002.9, "amount": 0.006, "side": "buy", "timestamp": 1765755712186}, {"id": "3012880240", "price": 88003.0, "amount": 0.003, "side": "buy", "timestamp": 1765755712186}, {"id": "3012880241", "price": 88003.3, "amount": 0.014, "side": "buy", "timestamp": 1765755712186}, {"id": "3012880242", "price": 88003.4, "amount": 0.005, "side": "buy", "timestamp": 1765755712186}, {"id": "3012880243", "price": 88003.5, "amount": 0.002, "side": "buy", "timestamp": 1765755712186}, {"id": "3012880244", "price": 88003.7, "amount": 0.003, "side": "buy", "timestamp": 1765755712186}, {"id": "3012880245", "price": 88004.0, "amount": 0.004, "side": "buy", "timestamp": 1765755712186}, {"id": "3012880246", "price": 88004.2, "amount": 0.006, "side": "buy", "timestamp": 1765755712200}, {"id": "3012880247", "price": 88004.4, "amount": 0.003, "side": "buy", "timestamp": 1765755712200}, {"id": "3012880248", "price": 88004.7, "amount": 0.003, "side": "buy", "timestamp": 1765755712200}, {"id": "3012880249", "price": 88004.8, "amount": 0.002, "side": "buy", "timestamp": 1765755712200}, {"id": "3012880250", "price": 88005.0, "amount": 0.033, "side": "buy", "timestamp": 1765755712200}, {"id": "3012880251", "price": 88005.1, "amount": 0.006, "side": "buy", "timestamp": 1765755712200}, {"id": "3012880252", "price": 88005.2, "amount": 0.003, "side": "buy", "timestamp": 1765755712200}, {"id": "3012880253", "price": 88005.3, "amount": 0.002, "side": "buy", "timestamp": 1765755712200}, {"id": "3012880254", "price": 88005.7, "amount": 0.002, "side": "buy", "timestamp": 1765755712200}, {"id": "3012880255", "price": 88005.8, "amount": 0.008, "side": "buy", "timestamp": 1765755712200}, {"id": "3012880256", "price": 88006.0, "amount": 0.004, "side": "buy", "timestamp": 1765755712200}, {"id": "3012880257", "price": 88006.2, "amount": 0.002, "side": "buy", "timestamp": 1765755712200}, {"id": "3012880258", "price": 88006.3, "amount": 0.221, "side": "buy", "timestamp": 1765755712200}, {"id": "3012880259", "price": 88006.5, "amount": 0.004, "side": "buy", "timestamp": 1765755712200}, {"id": "3012880260", "price": 88006.6, "amount": 0.007, "side": "buy", "timestamp": 1765755712200}, {"id": "3012880261", "price": 88006.8, "amount": 0.002, "side": "buy", "timestamp": 1765755712221}, {"id": "3012880262", "price": 88007.2, "amount": 0.003, "side": "buy", "timestamp": 1765755712221}, {"id": "3012880263", "price": 88007.4, "amount": 0.003, "side": "buy", "timestamp": 1765755712221}, {"id": "3012880264", "price": 88007.5, "amount": 1.269, "side": "buy", "timestamp": 1765755712244}, {"id": "3012880265", "price": 88008.0, "amount": 0.021, "side": "buy", "timestamp": 1765755712261}, {"id": "3012880266", "price": 88008.0, "amount": 0.002, "side": "buy", "timestamp": 1765755712440}, {"id": "3012880267", "price": 88007.9, "amount": 0.003, "side": "sell", "timestamp": 1765755712494}, {"id": "3012880268", "price": 88007.9, "amount": 0.01, "side": "sell", "timestamp": 1765755712642}, {"id": "3012880269", "price": 88008.0, "amount": 0.005, "side": "buy", "timestamp": 1765755712664}, {"id": "3012880270", "price": 88007.9, "amount": 0.012, "side": "sell", "timestamp": 1765755712676}, {"id": "3012881776", "price": 87950.9, "amount": 0.003, "side": "sell", "timestamp": 1765755766248}, {"id": "3012881777", "price": 87950.8, "amount": 0.002, "side": "sell", "timestamp": 1765755766248}, {"id": "3012881778", "price": 87950.5, "amount": 0.003, "side": "buy", "timestamp": 1765755766254}, {"id": "3012881779", "price": 87950.4, "amount": 0.003, "side": "sell", "timestamp": 1765755766257}, {"id": "3012881780", "price": 87950.2, "amount": 0.003, "side": "sell", "timestamp": 1765755766257}, {"id": "3012881781", "price": 87950.1, "amount": 0.002, "side": "sell", "timestamp": 1765755766257}, {"id": "3012881782", "price": 87949.9, "amount": 0.011, "side": "sell", "timestamp": 1765755766257}, {"id": "3012881783", "price": 87949.6, "amount": 0.008, "side": "sell", "timestamp": 1765755766268}, {"id": "3012881784", "price": 87949.4, "amount": 0.006, "side": "sell", "timestamp": 1765755766272}, {"id": "3012881785", "price": 87949.0, "amount": 0.002, "side": "sell", "timestamp": 1765755766272}, {"id": "3012881786", "price": 87948.9, "amount": 0.003, "side": "sell", "timestamp": 1765755766272}, {"id": "3012881787", "price": 87948.5, "amount": 0.002, "side": "sell", "timestamp": 1765755766272}, {"id": "3012881788", "price": 87948.1, "amount": 0.037, "side": "sell", "timestamp": 1765755766277}, {"id": "3012881789", "price": 87948.2, "amount": 0.021, "side": "buy", "timestamp": 1765755766295}, {"id": "3012881790", "price": 87948.1, "amount": 0.006, "side": "sell", "timestamp": 1765755766297}, {"id": "3012881791", "price": 87948.0, "amount": 0.006, "side": "sell", "timestamp": 1765755766300}, {"id": "3012881792", "price": 87947.6, "amount": 0.003, "side": "sell", "timestamp": 1765755766302}, {"id": "3012881793", "price": 87947.5, "amount": 0.003, "side": "sell", "timestamp": 1765755766302}, {"id": "3012881794", "price": 87946.9, "amount": 0.019, "side": "sell", "timestamp": 1765755766306}, {"id": "3012881795", "price": 87946.6, "amount": 0.014, "side": "sell", "timestamp": 1765755766308}, {"id": "3012881796", "price": 87946.1, "amount": 0.005, "side": "sell", "timestamp": 1765755766308}, {"id": "3012881797", "price": 87946.0, "amount": 0.003, "side": "sell", "timestamp": 1765755766311}, {"id": "3012881798", "price": 87945.9, "amount": 0.002, "side": "sell", "timestamp": 1765755766311}, {"id": "3012881799", "price": 87945.6, "amount": 0.003, "side": "sell", "timestamp": 1765755766313}, {"id": "3012881800", "price": 87945.5, "amount": 0.035, "side": "sell", "timestamp": 1765755766316}, {"id": "3012881801", "price": 87945.5, "amount": 0.2, "side": "buy", "timestamp": 1765755766328}, {"id": "3012881802", "price": 87945.4, "amount": 0.012, "side": "sell", "timestamp": 1765755766350}, {"id": "3012881803", "price": 87945.3, "amount": 0.002, "side": "sell", "timestamp": 1765755766350}, {"id": "3012881804", "price": 87945.2, "amount": 0.005, "side": "sell", "timestamp": 1765755766350}, {"id": "3012881805", "price": 87945.1, "amount": 0.031, "side": "sell", "timestamp": 1765755766353}, {"id": "3012881806", "price": 87945.0, "amount": 0.027, "side": "sell", "timestamp": 1765755766362}, {"id": "3012881807", "price": 87944.9, "amount": 0.005, "side": "sell", "timestamp": 1765755766383}, {"id": "3012881808", "price": 87944.5, "amount": 0.782, "side": "sell", "timestamp": 1765755766383}, {"id": "3012881809", "price": 87944.4, "amount": 0.002, "side": "sell", "timestamp": 1765755766383}, {"id": "3012881810", "price": 87944.2, "amount": 0.003, "side": "sell", "timestamp": 1765755766386}, {"id": "3012881811", "price": 87944.1, "amount": 0.003, "side": "sell", "timestamp": 1765755766386}, {"id": "3012881812", "price": 87944.0, "amount": 0.062, "side": "sell", "timestamp": 1765755766392}, {"id": "3012881813", "price": 87943.9, "amount": 0.005, "side": "sell", "timestamp": 1765755766395}, {"id": "3012881814", "price": 87943.8, "amount": 0.002, "side": "sell", "timestamp": 1765755766395}, {"id": "3012881815", "price": 87943.7, "amount": 0.006, "side": "sell", "timestamp": 1765755766395}, {"id": "3012881816", "price": 87943.6, "amount": 0.022, "side": "sell", "timestamp": 1765755766395}, {"id": "3012881817", "price": 87943.4, "amount": 0.006, "side": "sell", "timestamp": 1765755766395}, {"id": "3012881818", "price": 87943.2, "amount": 0.005, "side": "sell", "timestamp": 1765755766503}, {"id": "3012881819", "price": 87943.3, "amount": 0.273, "side": "buy", "timestamp": 1765755766508}, {"id": "3012881820", "price": 87943.2, "amount": 0.002, "side": "sell", "timestamp": 1765755766697}, {"id": "3012881821", "price": 87943.3, "amount": 0.138, "side": "buy", "timestamp": 1765755766704}, {"id": "3012881822", "price": 87943.2, "amount": 0.004, "side": "sell", "timestamp": 1765755766770}, {"id": "3012881823", "price": 87943.3, "amount": 1.014, "side": "buy", "timestamp": 1765755766808}, {"id": "3012881824", "price": 87943.2, "amount": 0.01, "side": "sell", "timestamp": 1765755767064}, {"id": "3012881825", "price": 87943.3, "amount": 0.327, "side": "buy", "timestamp": 1765755767249}, {"id": "3012882891", "price": 88039.5, "amount": 0.002, "side": "buy", "timestamp": 1765755817063}, {"id": "3012882892", "price": 88039.7, "amount": 0.003, "side": "buy", "timestamp": 1765755817063}, {"id": "3012882893", "price": 88039.8, "amount": 0.003, "side": "buy", "timestamp": 1765755817063}, {"id": "3012882894", "price": 88039.9, "amount": 0.08, "side": "buy", "timestamp": 1765755817074}, {"id": "3012882895", "price": 88040.5, "amount": 0.003, "side": "buy", "timestamp": 1765755817078}, {"id": "3012882896", "price": 88041.1, "amount": 0.003, "side": "buy", "timestamp": 1765755817078}, {"id": "3012882897", "price": 88041.5, "amount": 0.002, "side": "buy", "timestamp": 1765755817078}, {"id": "3012882898", "price": 88041.6, "amount": 0.006, "side": "buy", "timestamp": 1765755817078}, {"id": "3012882899", "price": 88042.1, "amount": 0.003, "side": "buy", "timestamp": 1765755817078}, {"id": "3012882900", "price": 88042.3, "amount": 0.049, "side": "buy", "timestamp": 1765755817081}, {"id": "3012882901", "price": 88042.3, "amount": 0.037, "side": "buy", "timestamp": 1765755817225}, {"id": "3012882902", "price": 88042.4, "amount": 0.051, "side": "buy", "timestamp": 1765755817232}, {"id": "3012882903", "price": 88042.4, "amount": 0.002, "side": "buy", "timestamp": 1765755817340}, {"id": "3012882904", "price": 88042.3, "amount": 0.001, "side": "sell", "timestamp": 1765755817400}, {"id": "3012882905", "price": 88042.4, "amount": 0.03, "side": "buy", "timestamp": 1765755817415}, {"id": "3012882906", "price": 88042.4, "amount": 0.159, "side": "buy", "timestamp": 1765755817593}, {"id": "3012882907", "price": 88042.5, "amount": 0.004, "side": "buy", "timestamp": 1765755817593}, {"id": "3012882908", "price": 88042.6, "amount": 0.508, "side": "buy", "timestamp": 1765755817593}, {"id": "3012882909", "price": 88042.7, "amount": 0.002, "side": "buy", "timestamp": 1765755817593}, {"id": "3012882910", "price": 88043.2, "amount": 0.002, "side": "buy", "timestamp": 1765755817593}, {"id": "3012882911", "price": 88043.3, "amount": 0.003, "side": "buy", "timestamp": 1765755817593}, {"id": "3012882912", "price": 88043.4, "amount": 0.011, "side": "buy", "timestamp": 1765755817593}, {"id": "3012882913", "price": 88043.9, "amount": 0.003, "side": "buy", "timestamp": 1765755817593}, {"id": "3012882914", "price": 88044.5, "amount": 0.002, "side": "buy", "timestamp": 1765755817599}, {"id": "3012882915", "price": 88044.6, "amount": 0.006, "side": "buy", "timestamp": 1765755817599}, {"id": "3012882916", "price": 88045.0, "amount": 0.002, "side": "buy", "timestamp": 1765755817599}, {"id": "3012882917", "price": 88045.1, "amount": 0.003, "side": "buy", "timestamp": 1765755817599}, {"id": "3012882918", "price": 88045.3, "amount": 0.002, "side": "buy", "timestamp": 1765755817599}, {"id": "3012882919", "price": 88045.4, "amount": 0.003, "side": "buy", "timestamp": 1765755817599}, {"id": "3012882920", "price": 88045.6, "amount": 0.005, "side": "buy", "timestamp": 1765755817608}, {"id": "3012882921", "price": 88046.0, "amount": 0.002, "side": "buy", "timestamp": 1765755817608}, {"id": "3012882922", "price": 88046.1, "amount": 0.002, "side": "buy", "timestamp": 1765755817608}, {"id": "3012882923", "price": 88046.2, "amount": 0.002, "side": "buy", "timestamp": 1765755817608}, {"id": "3012882924", "price": 88046.3, "amount": 0.017, "side": "sell", "timestamp": 1765755817843}, {"id": "3012882925", "price": 88046.4, "amount": 0.002, "side": "buy", "timestamp": 1765755818217}, {"id": "3012882926", "price": 88046.4, "amount": 0.185, "side": "buy", "timestamp": 1765755818388}, {"id": "3012882927", "price": 88046.4, "amount": 0.001, "side": "buy", "timestamp": 1765755818537}, {"id": "3012882928", "price": 88046.4, "amount": 0.02, "side": "buy", "timestamp": 1765755818788}, {"id": "3012882929", "price": 88046.3, "amount": 0.006, "side": "sell", "timestamp": 1765755818834}, {"id": "3012882930", "price": 88046.4, "amount": 0.005, "side": "buy", "timestamp": 1765755818874}, {"id": "3012882931", "price": 88046.3, "amount": 0.002, "side": "sell", "timestamp": 1765755819080}, {"id": "3012882932", "price": 88046.4, "amount": 0.044, "side": "buy", "timestamp": 1765755819496}, {"id": "3012882933", "price": 88046.3, "amount": 0.002, "side": "sell", "timestamp": 1765755819707}, {"id": "3012882934", "price": 88046.4, "amount": 0.022, "side": "buy", "timestamp": 1765755819826}, {"id": "3012882935", "price": 88046.3, "amount": 0.002, "side": "sell", "timestamp": 1765755819965}, {"id": "3012882936", "price": 88046.4, "amount": 0.002, "side": "buy", "timestamp": 1765755820030}, {"id": "3012882937", "price": 88046.4, "amount": 0.044, "side": "buy", "timestamp": 1765755820551}, {"id": "3012882938", "price": 88046.4, "amount": 0.002, "side": "buy", "timestamp": 1765755821098}, {"id": "3012882939", "price": 88046.4, "amount": 0.006, "side": "buy", "timestamp": 1765755821974}, {"id": "3012882940", "price": 88046.4, "amount": 0.003, "side": "buy", "timestamp": 1765755822238}, {"id": "3012883883", "price": 87989.9, "amount": 0.003, "side": "sell", "timestamp": 1765755876907}, {"id": "3012883884", "price": 87989.5, "amount": 1.279, "side": "sell", "timestamp": 1765755876907}, {"id": "3012883885", "price": 87989.4, "amount": 0.307, "side": "sell", "timestamp": 1765755876911}, {"id": "3012883886", "price": 87989.3, "amount": 0.059, "side": "sell", "timestamp": 1765755876914}, {"id": "3012883887", "price": 87989.1, "amount": 0.045, "side": "sell", "timestamp": 1765755876914}, {"id": "3012883888", "price": 87989.0, "amount": 0.054, "side": "sell", "timestamp": 1765755876914}, {"id": "3012883889", "price": 87988.9, "amount": 0.066, "side": "sell", "timestamp": 1765755876914}, {"id": "3012883890", "price": 87988.7, "amount": 0.005, "side": "sell", "timestamp": 1765755876914}, {"id": "3012883891", "price": 87988.6, "amount": 0.003, "side": "sell", "timestamp": 1765755876914}, {"id": "3012883892", "price": 87988.5, "amount": 0.016, "side": "sell", "timestamp": 1765755876914}, {"id": "3012883893", "price": 87988.4, "amount": 0.006, "side": "sell", "timestamp": 1765755876914}, {"id": "3012883894", "price": 87988.3, "amount": 0.006, "side": "sell", "timestamp": 1765755876914}, {"id": "3012883895", "price": 87988.2, "amount": 0.001, "side": "sell", "timestamp": 1765755876914}, {"id": "3012883896", "price": 87988.8, "amount": 0.003, "side": "sell", "timestamp": 1765755876914}, {"id": "3012883897", "price": 87988.2, "amount": 0.047, "side": "sell", "timestamp": 1765755876915}, {"id": "3012883898", "price": 87988.1, "amount": 0.005, "side": "sell", "timestamp": 1765755876917}, {"id": "3012883899", "price": 87988.0, "amount": 0.057, "side": "sell", "timestamp": 1765755876918}, {"id": "3012883900", "price": 87987.9, "amount": 0.006, "side": "sell", "timestamp": 1765755876919}, {"id": "3012883901", "price": 87987.8, "amount": 0.003, "side": "sell", "timestamp": 1765755876919}, {"id": "3012883902", "price": 87987.6, "amount": 0.002, "side": "sell", "timestamp": 1765755876919}, {"id": "3012883903", "price": 87987.5, "amount": 0.029, "side": "sell", "timestamp": 1765755876919}, {"id": "3012883904", "price": 87987.4, "amount": 0.003, "side": "sell", "timestamp": 1765755876919}, {"id": "3012883905", "price": 87987.3, "amount": 0.032, "side": "sell", "timestamp": 1765755876919}, {"id": "3012883906", "price": 87987.2, "amount": 0.002, "side": "sell", "timestamp": 1765755876929}, {"id": "3012883907", "price": 87987.1, "amount": 0.002, "side": "sell", "timestamp": 1765755876930}, {"id": "3012883908", "price": 87987.0, "amount": 0.003, "side": "sell", "timestamp": 1765755876932}, {"id": "3012883909", "price": 87986.9, "amount": 0.005, "side": "sell", "timestamp": 1765755876932}, {"id": "3012883910", "price": 87986.8, "amount": 0.006, "side": "sell", "timestamp": 1765755876932}, {"id": "3012883911", "price": 87986.7, "amount": 0.006, "side": "sell", "timestamp": 1765755876932}, {"id": "3012883912", "price": 87986.5, "amount": 0.008, "side": "sell", "timestamp": 1765755876932}, {"id": "3012883913", "price": 87986.4, "amount": 0.003, "side": "sell", "timestamp": 1765755876932}, {"id": "3012883914", "price": 87986.1, "amount": 0.021, "side": "sell", "timestamp": 1765755876932}, {"id": "3012883915", "price": 87985.9, "amount": 0.005, "side": "sell", "timestamp": 1765755876949}, {"id": "3012883916", "price": 87985.7, "amount": 0.003, "side": "sell", "timestamp": 1765755876949}, {"id": "3012883917", "price": 87985.5, "amount": 0.004, "side": "sell", "timestamp": 1765755876949}, {"id": "3012883918", "price": 87985.4, "amount": 0.003, "side": "sell", "timestamp": 1765755876949}, {"id": "3012883919", "price": 87985.2, "amount": 0.002, "side": "sell", "timestamp": 1765755876949}, {"id": "3012883920", "price": 87985.0, "amount": 0.002, "side": "sell", "timestamp": 1765755876949}, {"id": "3012883921", "price": 87984.9, "amount": 0.008, "side": "sell", "timestamp": 1765755876949}, {"id": "3012883922", "price": 87984.5, "amount": 0.01, "side": "sell", "timestamp": 1765755876966}, {"id": "3012883923", "price": 87984.4, "amount": 0.005, "side": "sell", "timestamp": 1765755876966}, {"id": "3012883924", "price": 87984.2, "amount": 0.002, "side": "sell", "timestamp": 1765755876966}, {"id": "3012883925", "price": 87984.1, "amount": 0.007, "side": "sell", "timestamp": 1765755876966}, {"id": "3012883926", "price": 87984.1, "amount": 0.006, "side": "buy", "timestamp": 1765755877020}, {"id": "3012883927", "price": 87984.0, "amount": 0.018, "side": "sell", "timestamp": 1765755877022}, {"id": "3012883928", "price": 87984.1, "amount": 0.002, "side": "buy", "timestamp": 1765755877024}, {"id": "3012883929", "price": 87984.0, "amount": 0.05, "side": "sell", "timestamp": 1765755877029}, {"id": "3012883930", "price": 87983.9, "amount": 0.003, "side": "sell", "timestamp": 1765755877044}, {"id": "3012883931", "price": 87983.8, "amount": 0.042, "side": "sell", "timestamp": 1765755877044}, {"id": "3012883932", "price": 87983.4, "amount": 0.003, "side": "sell", "timestamp": 1765755877051}, {"id": "3012885378", "price": 88057.2, "amount": 0.005, "side": "sell", "timestamp": 1765755930471}, {"id": "3012885379", "price": 88057.1, "amount": 0.003, "side": "sell", "timestamp": 1765755930471}, {"id": "3012885380", "price": 88057.0, "amount": 0.003, "side": "sell", "timestamp": 1765755930471}, {"id": "3012885381", "price": 88056.9, "amount": 0.002, "side": "sell", "timestamp": 1765755930471}, {"id": "3012885382", "price": 88056.7, "amount": 0.002, "side": "sell", "timestamp": 1765755930471}, {"id": "3012885383", "price": 88056.6, "amount": 0.003, "side": "sell", "timestamp": 1765755930471}, {"id": "3012885384", "price": 88056.4, "amount": 0.003, "side": "sell", "timestamp": 1765755930471}, {"id": "3012885385", "price": 88056.2, "amount": 0.057, "side": "sell", "timestamp": 1765755930471}, {"id": "3012885386", "price": 88056.1, "amount": 0.033, "side": "sell", "timestamp": 1765755930471}, {"id": "3012885387", "price": 88056.0, "amount": 0.002, "side": "sell", "timestamp": 1765755930471}, {"id": "3012885388", "price": 88055.9, "amount": 0.003, "side": "sell", "timestamp": 1765755930471}, {"id": "3012885389", "price": 88055.6, "amount": 0.005, "side": "sell", "timestamp": 1765755930471}, {"id": "3012885390", "price": 88055.4, "amount": 0.005, "side": "sell", "timestamp": 1765755930471}, {"id": "3012885391", "price": 88055.1, "amount": 0.004, "side": "sell", "timestamp": 1765755930471}, {"id": "3012885392", "price": 88055.0, "amount": 0.005, "side": "sell", "timestamp": 1765755930471}, {"id": "3012885393", "price": 88054.9, "amount": 0.002, "side": "sell", "timestamp": 1765755930471}, {"id": "3012885394", "price": 88054.8, "amount": 0.006, "side": "sell", "timestamp": 1765755930471}, {"id": "3012885395", "price": 88054.3, "amount": 0.002, "side": "sell", "timestamp": 1765755930471}, {"id": "3012885396", "price": 88054.2, "amount": 0.003, "side": "sell", "timestamp": 1765755930471}, {"id": "3012885397", "price": 88054.0, "amount": 0.004, "side": "sell", "timestamp": 1765755930471}, {"id": "3012885398", "price": 88053.9, "amount": 0.003, "side": "sell", "timestamp": 1765755930471}, {"id": "3012885399", "price": 88053.8, "amount": 0.018, "side": "sell", "timestamp": 1765755930474}, {"id": "3012885400", "price": 88053.9, "amount": 0.067, "side": "buy", "timestamp": 1765755930584}, {"id": "3012885401", "price": 88053.8, "amount": 0.093, "side": "sell", "timestamp": 1765755930789}, {"id": "3012885402", "price": 88053.9, "amount": 0.011, "side": "buy", "timestamp": 1765755930873}, {"id": "3012885403", "price": 88053.8, "amount": 0.195, "side": "sell", "timestamp": 1765755930873}, {"id": "3012885404", "price": 88053.9, "amount": 0.028, "side": "buy", "timestamp": 1765755930885}, {"id": "3012885405", "price": 88053.8, "amount": 0.011, "side": "sell", "timestamp": 1765755930891}, {"id": "3012885406", "price": 88053.7, "amount": 0.002, "side": "sell", "timestamp": 1765755930891}, {"id": "3012885407", "price": 88053.6, "amount": 0.003, "side": "sell", "timestamp": 1765755930903}, {"id": "3012885408", "price": 88053.1, "amount": 0.025, "side": "sell", "timestamp": 1765755930914}, {"id": "3012885409", "price": 88053.0, "amount": 0.003, "side": "sell", "timestamp": 1765755930914}, {"id": "3012885410", "price": 88052.5, "amount": 0.002, "side": "sell", "timestamp": 1765755930914}, {"id": "3012885411", "price": 88052.3, "amount": 0.003, "side": "sell", "timestamp": 1765755930928}, {"id": "3012885412", "price": 88052.2, "amount": 0.002, "side": "sell", "timestamp": 1765755930928}, {"id": "3012885413", "price": 88052.1, "amount": 0.012, "side": "sell", "timestamp": 1765755930928}, {"id": "3012885414", "price": 88051.6, "amount": 0.008, "side": "sell", "timestamp": 1765755930932}, {"id": "3012885415", "price": 88051.1, "amount": 0.012, "side": "sell", "timestamp": 1765755930939}, {"id": "3012885416", "price": 88051.0, "amount": 0.002, "side": "sell", "timestamp": 1765755930942}, {"id": "3012885417", "price": 88050.8, "amount": 0.003, "side": "sell", "timestamp": 1765755930942}, {"id": "3012885418", "price": 88050.6, "amount": 0.009, "side": "sell", "timestamp": 1765755930942}, {"id": "3012885419", "price": 88050.5, "amount": 0.002, "side": "sell", "timestamp": 1765755930942}, {"id": "3012885420", "price": 88050.1, "amount": 0.003, "side": "sell", "timestamp": 1765755930942}, {"id": "3012885421", "price": 88049.5, "amount": 0.006, "side": "sell", "timestamp": 1765755930947}, {"id": "3012885422", "price": 88049.1, "amount": 0.007, "side": "sell", "timestamp": 1765755930950}, {"id": "3012885423", "price": 88049.2, "amount": 0.031, "side": "buy", "timestamp": 1765755931160}, {"id": "3012885424", "price": 88049.2, "amount": 0.013, "side": "buy", "timestamp": 1765755931291}, {"id": "3012885425", "price": 88049.1, "amount": 0.013, "side": "sell", "timestamp": 1765755931449}, {"id": "3012885426", "price": 88049.2, "amount": 0.034, "side": "buy", "timestamp": 1765755931501}, {"id": "3012885427", "price": 88049.1, "amount": 0.093, "side": "sell", "timestamp": 1765755931719}, {"id": "3012887075", "price": 87949.7, "amount": 0.015, "side": "sell", "timestamp": 1765755982074}, {"id": "3012887076", "price": 87949.8, "amount": 0.002, "side": "buy", "timestamp": 1765755982232}, {"id": "3012887077", "price": 87949.8, "amount": 0.038, "side": "buy", "timestamp": 1765755982392}, {"id": "3012887078", "price": 87949.7, "amount": 0.017, "side": "sell", "timestamp": 1765755982529}, {"id": "3012887079", "price": 87949.8, "amount": 0.074, "side": "buy", "timestamp": 1765755982969}, {"id": "3012887080", "price": 87949.7, "amount": 0.218, "side": "sell", "timestamp": 1765755983124}, {"id": "3012887081", "price": 87949.6, "amount": 0.012, "side": "sell", "timestamp": 1765755983124}, {"id": "3012887082", "price": 87948.4, "amount": 0.003, "side": "sell", "timestamp": 1765755983127}, {"id": "3012887083", "price": 87948.0, "amount": 0.002, "side": "sell", "timestamp": 1765755983127}, {"id": "3012887084", "price": 87947.9, "amount": 0.003, "side": "sell", "timestamp": 1765755983127}, {"id": "3012887085", "price": 87947.7, "amount": 0.003, "side": "sell", "timestamp": 1765755983127}, {"id": "3012887086", "price": 87947.0, "amount": 0.003, "side": "sell", "timestamp": 1765755983127}, {"id": "3012887087", "price": 87946.9, "amount": 0.003, "side": "sell", "timestamp": 1765755983127}, {"id": "3012887088", "price": 87946.6, "amount": 0.002, "side": "sell", "timestamp": 1765755983127}, {"id": "3012887089", "price": 87946.3, "amount": 0.003, "side": "sell", "timestamp": 1765755983127}, {"id": "3012887090", "price": 87945.7, "amount": 0.014, "side": "sell", "timestamp": 1765755983131}, {"id": "3012887091", "price": 87945.5, "amount": 0.002, "side": "sell", "timestamp": 1765755983212}, {"id": "3012887092", "price": 87945.6, "amount": 0.009, "side": "buy", "timestamp": 1765755983503}, {"id": "3012887093", "price": 87945.5, "amount": 0.028, "side": "sell", "timestamp": 1765755983671}, {"id": "3012887094", "price": 87945.6, "amount": 0.002, "side": "buy", "timestamp": 1765755983926}, {"id": "3012887095", "price": 87945.5, "amount": 0.005, "side": "sell", "timestamp": 1765755984036}, {"id": "3012887096", "price": 87945.6, "amount": 0.002, "side": "buy", "timestamp": 1765755984203}, {"id": "3012887097", "price": 87945.6, "amount": 0.05, "side": "buy", "timestamp": 1765755984465}, {"id": "3012887098", "price": 87945.5, "amount": 0.005, "side": "sell", "timestamp": 1765755984528}, {"id": "3012887099", "price": 87945.6, "amount": 0.045, "side": "buy", "timestamp": 1765755984689}, {"id": "3012887100", "price": 87945.6, "amount": 0.151, "side": "buy", "timestamp": 1765755984831}, {"id": "3012887101", "price": 87945.6, "amount": 0.019, "side": "buy", "timestamp": 1765755984971}, {"id": "3012887102", "price": 87945.6, "amount": 0.067, "side": "buy", "timestamp": 1765755985312}, {"id": "3012887103", "price": 87945.7, "amount": 0.005, "side": "buy", "timestamp": 1765755985379}, {"id": "3012887104", "price": 87946.2, "amount": 0.003, "side": "buy", "timestamp": 1765755985379}, {"id": "3012887105", "price": 87946.7, "amount": 0.003, "side": "buy", "timestamp": 1765755985381}, {"id": "3012887106", "price": 87946.8, "amount": 0.02, "side": "buy", "timestamp": 1765755985381}, {"id": "3012887107", "price": 87947.1, "amount": 0.003, "side": "buy", "timestamp": 1765755985381}, {"id": "3012887108", "price": 87947.4, "amount": 0.003, "side": "buy", "timestamp": 1765755985381}, {"id": "3012887109", "price": 87947.5, "amount": 0.003, "side": "buy", "timestamp": 1765755985394}, {"id": "3012887110", "price": 87947.6, "amount": 0.005, "side": "buy", "timestamp": 1765755985394}, {"id": "3012887111", "price": 87947.8, "amount": 0.002, "side": "buy", "timestamp": 1765755985394}, {"id": "3012887112", "price": 87947.9, "amount": 0.003, "side": "buy", "timestamp": 1765755985394}, {"id": "3012887113", "price": 87948.0, "amount": 0.002, "side": "buy", "timestamp": 1765755985394}, {"id": "3012887114", "price": 87948.4, "amount": 0.003, "side": "buy", "timestamp": 1765755985394}, {"id": "3012887115", "price": 87948.5, "amount": 0.023, "side": "buy", "timestamp": 1765755985454}, {"id": "3012887116", "price": 87948.6, "amount": 0.005, "side": "buy", "timestamp": 1765755985464}, {"id": "3012887117", "price": 87948.7, "amount": 0.002, "side": "buy", "timestamp": 1765755985464}, {"id": "3012887118", "price": 87949.0, "amount": 0.003, "side": "buy", "timestamp": 1765755985464}, {"id": "3012887119", "price": 87949.1, "amount": 0.016, "side": "buy", "timestamp": 1765755985467}, {"id": "3012887120", "price": 87949.7, "amount": 0.012, "side": "buy", "timestamp": 1765755985467}, {"id": "3012887121", "price": 87949.8, "amount": 0.009, "side": "buy", "timestamp": 1765755985551}, {"id": "3012887122", "price": 87949.7, "amount": 0.189, "side": "sell", "timestamp": 1765755985607}, {"id": "3012887123", "price": 87949.7, "amount": 0.057, "side": "sell", "timestamp": 1765755986142}, {"id": "3012887124", "price": 87949.7, "amount": 0.002, "side": "sell", "timestamp": 1765755986458}, {"id": "3012888687", "price": 88032.7, "amount": 0.003, "side": "buy", "timestamp": 1765756039576}, {"id": "3012888688", "price": 88032.8, "amount": 0.002, "side": "buy", "timestamp": 1765756039576}, {"id": "3012888689", "price": 88032.9, "amount": 0.002, "side": "buy", "timestamp": 1765756039576}, {"id": "3012888690", "price": 88033.1, "amount": 0.006, "side": "buy", "timestamp": 1765756039576}, {"id": "3012888691", "price": 88033.2, "amount": 0.002, "side": "buy", "timestamp": 1765756039576}, {"id": "3012888692", "price": 88033.4, "amount": 0.002, "side": "buy", "timestamp": 1765756039576}, {"id": "3012888693", "price": 88033.5, "amount": 0.009, "side": "buy", "timestamp": 1765756039576}, {"id": "3012888694", "price": 88033.6, "amount": 0.006, "side": "buy", "timestamp": 1765756039576}, {"id": "3012888695", "price": 88033.7, "amount": 0.02, "side": "buy", "timestamp": 1765756039576}, {"id": "3012888696", "price": 88033.8, "amount": 0.029, "side": "buy", "timestamp": 1765756039576}, {"id": "3012888697", "price": 88033.9, "amount": 0.002, "side": "buy", "timestamp": 1765756039576}, {"id": "3012888698", "price": 88034.0, "amount": 0.014, "side": "buy", "timestamp": 1765756039576}, {"id": "3012888699", "price": 88034.1, "amount": 0.005, "side": "buy", "timestamp": 1765756039576}, {"id": "3012888700", "price": 88034.3, "amount": 0.009, "side": "buy", "timestamp": 1765756039576}, {"id": "3012888701", "price": 88034.6, "amount": 0.003, "side": "buy", "timestamp": 1765756039576}, {"id": "3012888702", "price": 88034.7, "amount": 0.011, "side": "buy", "timestamp": 1765756039576}, {"id": "3012888703", "price": 88034.8, "amount": 0.002, "side": "buy", "timestamp": 1765756039576}, {"id": "3012888704", "price": 88035.0, "amount": 0.004, "side": "buy", "timestamp": 1765756039576}, {"id": "3012888705", "price": 88035.1, "amount": 0.006, "side": "buy", "timestamp": 1765756039576}, {"id": "3012888706", "price": 88035.3, "amount": 0.056, "side": "buy", "timestamp": 1765756039576}, {"id": "3012888707", "price": 88035.4, "amount": 0.004, "side": "buy", "timestamp": 1765756039576}, {"id": "3012888708", "price": 88035.5, "amount": 0.002, "side": "buy", "timestamp": 1765756039576}, {"id": "3012888709", "price": 88035.6, "amount": 0.003, "side": "buy", "timestamp": 1765756039576}, {"id": "3012888710", "price": 88035.7, "amount": 0.002, "side": "buy", "timestamp": 1765756039576}, {"id": "3012888711", "price": 88035.9, "amount": 0.01, "side": "buy", "timestamp": 1765756039576}, {"id": "3012888712", "price": 88036.0, "amount": 0.004, "side": "buy", "timestamp": 1765756039576}, {"id": "3012888713", "price": 88036.1, "amount": 0.005, "side": "buy", "timestamp": 1765756039576}, {"id": "3012888714", "price": 88036.2, "amount": 0.049, "side": "buy", "timestamp": 1765756039576}, {"id": "3012888715", "price": 88036.2, "amount": 0.02, "side": "buy", "timestamp": 1765756040211}, {"id": "3012888716", "price": 88036.2, "amount": 0.026, "side": "buy", "timestamp": 1765756040546}, {"id": "3012888717", "price": 88036.3, "amount": 0.002, "side": "buy", "timestamp": 1765756040546}, {"id": "3012888718", "price": 88036.6, "amount": 0.003, "side": "buy", "timestamp": 1765756040546}, {"id": "3012888719", "price": 88036.7, "amount": 0.002, "side": "buy", "timestamp": 1765756040546}, {"id": "3012888720", "price": 88036.8, "amount": 0.002, "side": "buy", "timestamp": 1765756040546}, {"id": "3012888721", "price": 88036.9, "amount": 0.022, "side": "buy", "timestamp": 1765756040549}, {"id": "3012888722", "price": 88037.1, "amount": 0.061, "side": "buy", "timestamp": 1765756040558}, {"id": "3012888723", "price": 88037.2, "amount": 0.047, "side": "buy", "timestamp": 1765756040654}, {"id": "3012888724", "price": 88037.2, "amount": 0.009, "side": "buy", "timestamp": 1765756040798}, {"id": "3012888725", "price": 88037.3, "amount": 0.004, "side": "buy", "timestamp": 1765756040798}, {"id": "3012888726", "price": 88037.4, "amount": 0.002, "side": "buy", "timestamp": 1765756040798}, {"id": "3012888727", "price": 88037.5, "amount": 0.016, "side": "buy", "timestamp": 1765756040803}, {"id": "3012888728", "price": 88037.6, "amount": 0.005, "side": "buy", "timestamp": 1765756040805}, {"id": "3012888729", "price": 88038.0, "amount": 0.004, "side": "buy", "timestamp": 1765756040805}, {"id": "3012888730", "price": 88038.1, "amount": 0.003, "side": "buy", "timestamp": 1765756040805}, {"id": "3012888731", "price": 88038.6, "amount": 0.003, "side": "buy", "timestamp": 1765756040805}, {"id": "3012888732", "price": 88039.1, "amount": 0.003, "side": "buy", "timestamp": 1765756040805}, {"id": "3012888733", "price": 88039.2, "amount": 0.021, "side": "buy", "timestamp": 1765756040808}, {"id": "3012888734", "price": 88039.2, "amount": 0.147, "side": "buy", "timestamp": 1765756041040}, {"id": "3012888735", "price": 88039.2, "amount": 0.02, "side": "buy", "timestamp": 1765756041216}, {"id": "3012888736", "price": 88039.2, "amount": 0.012, "side": "buy", "timestamp": 1765756041549}, {"id": "3012890026", "price": 88039.9, "amount": 0.039, "side": "sell", "timestamp": 1765756094545}, {"id": "3012890027", "price": 88039.8, "amount": 0.428, "side": "sell", "timestamp": 1765756094545}, {"id": "3012890028", "price": 88039.7, "amount": 0.007, "side": "sell", "timestamp": 1765756094545}, {"id": "3012890029", "price": 88039.3, "amount": 0.003, "side": "sell", "timestamp": 1765756094545}, {"id": "3012890030", "price": 88039.2, "amount": 0.003, "side": "sell", "timestamp": 1765756094545}, {"id": "3012890031", "price": 88038.9, "amount": 0.003, "side": "sell", "timestamp": 1765756094556}, {"id": "3012890032", "price": 88038.8, "amount": 0.003, "side": "sell", "timestamp": 1765756094556}, {"id": "3012890033", "price": 88038.7, "amount": 0.022, "side": "sell", "timestamp": 1765756094556}, {"id": "3012890034", "price": 88038.5, "amount": 0.003, "side": "sell", "timestamp": 1765756094556}, {"id": "3012890035", "price": 88038.3, "amount": 0.009, "side": "sell", "timestamp": 1765756094556}, {"id": "3012890036", "price": 88038.2, "amount": 0.004, "side": "sell", "timestamp": 1765756094556}, {"id": "3012890037", "price": 88038.0, "amount": 0.002, "side": "sell", "timestamp": 1765756094556}, {"id": "3012890038", "price": 88037.8, "amount": 0.003, "side": "sell", "timestamp": 1765756094556}, {"id": "3012890039", "price": 88037.7, "amount": 0.003, "side": "sell", "timestamp": 1765756094556}, {"id": "3012890040", "price": 88037.6, "amount": 0.002, "side": "sell", "timestamp": 1765756094556}, {"id": "3012890041", "price": 88037.5, "amount": 0.014, "side": "sell", "timestamp": 1765756094556}, {"id": "3012890042", "price": 88037.4, "amount": 0.006, "side": "sell", "timestamp": 1765756094557}, {"id": "3012890043", "price": 88037.3, "amount": 0.015, "side": "sell", "timestamp": 1765756094557}, {"id": "3012890044", "price": 88037.0, "amount": 0.002, "side": "sell", "timestamp": 1765756094580}, {"id": "3012890045", "price": 88036.9, "amount": 0.004, "side": "sell", "timestamp": 1765756094580}, {"id": "3012890046", "price": 88036.7, "amount": 5.0, "side": "buy", "timestamp": 1765756094836}, {"id": "3012890047", "price": 88036.6, "amount": 0.025, "side": "sell", "timestamp": 1765756094925}, {"id": "3012890048", "price": 88036.7, "amount": 0.45, "side": "buy", "timestamp": 1765756094982}, {"id": "3012890049", "price": 88036.7, "amount": 0.012, "side": "buy", "timestamp": 1765756095106}, {"id": "3012890050", "price": 88036.7, "amount": 0.353, "side": "buy", "timestamp": 1765756095398}, {"id": "3012890051", "price": 88036.6, "amount": 0.02, "side": "sell", "timestamp": 1765756095534}, {"id": "3012890052", "price": 88036.7, "amount": 0.002, "side": "buy", "timestamp": 1765756096230}, {"id": "3012890053", "price": 88036.6, "amount": 0.004, "side": "sell", "timestamp": 1765756096270}, {"id": "3012890054", "price": 88036.7, "amount": 0.247, "side": "buy", "timestamp": 1765756096302}, {"id": "3012890055", "price": 88036.8, "amount": 0.002, "side": "buy", "timestamp": 1765756096302}, {"id": "3012890056", "price": 88037.9, "amount": 0.003, "side": "buy", "timestamp": 1765756096306}, {"id": "3012890057", "price": 88038.0, "amount": 0.002, "side": "buy", "timestamp": 1765756096306}, {"id": "3012890058", "price": 88038.7, "amount": 0.003, "side": "buy", "timestamp": 1765756096306}, {"id": "3012890059", "price": 88038.8, "amount": 0.003, "side": "buy", "timestamp": 1765756096306}, {"id": "3012890060", "price": 88039.0, "amount": 0.002, "side": "buy", "timestamp": 1765756096306}, {"id": "3012890061", "price": 88039.2, "amount": 0.003, "side": "buy", "timestamp": 1765756096306}, {"id": "3012890062", "price": 88039.3, "amount": 0.003, "side": "buy", "timestamp": 1765756096307}, {"id": "3012890063", "price": 88040.0, "amount": 0.046, "side": "buy", "timestamp": 1765756096311}, {"id": "3012890064", "price": 88040.1, "amount": 0.002, "side": "buy", "timestamp": 1765756096317}, {"id": "3012890065", "price": 88040.2, "amount": 0.005, "side": "buy", "timestamp": 1765756096317}, {"id": "3012890066", "price": 88040.7, "amount": 0.003, "side": "buy", "timestamp": 1765756096317}, {"id": "3012890067", "price": 88041.3, "amount": 0.048, "side": "buy", "timestamp": 1765756096322}, {"id": "3012890068", "price": 88041.6, "amount": 0.002, "side": "buy", "timestamp": 1765756096325}, {"id": "3012890069", "price": 88041.8, "amount": 0.009, "side": "buy", "timestamp": 1765756096330}, {"id": "3012890070", "price": 88042.0, "amount": 0.002, "side": "buy", "timestamp": 1765756096330}, {"id": "3012890071", "price": 88042.5, "amount": 0.003, "side": "buy", "timestamp": 1765756096330}, {"id": "3012890072", "price": 88042.7, "amount": 0.003, "side": "buy", "timestamp": 1765756096330}, {"id": "3012890073", "price": 88042.8, "amount": 0.002, "side": "buy", "timestamp": 1765756096330}, {"id": "3012890074", "price": 88042.9, "amount": 0.025, "side": "buy", "timestamp": 1765756096335}, {"id": "3012890075", "price": 88042.9, "amount": 0.147, "side": "buy", "timestamp": 1765756096465}, {"id": "3012892053", "price": 88080.6, "amount": 0.003, "side": "sell", "timestamp": 1765756146984}, {"id": "3012892054", "price": 88080.5, "amount": 0.003, "side": "sell", "timestamp": 1765756146984}, {"id": "3012892055", "price": 88080.3, "amount": 0.003, "side": "sell", "timestamp": 1765756146984}, {"id": "3012892056", "price": 88080.2, "amount": 0.004, "side": "sell", "timestamp": 1765756146984}, {"id": "3012892057", "price": 88080.0, "amount": 0.094, "side": "sell", "timestamp": 1765756147057}, {"id": "3012892058", "price": 88080.0, "amount": 0.131, "side": "sell", "timestamp": 1765756147165}, {"id": "3012892059", "price": 88079.9, "amount": 0.002, "side": "sell", "timestamp": 1765756147165}, {"id": "3012892060", "price": 88079.8, "amount": 0.113, "side": "sell", "timestamp": 1765756147166}, {"id": "3012892061", "price": 88079.7, "amount": 0.003, "side": "sell", "timestamp": 1765756147167}, {"id": "3012892062", "price": 88079.6, "amount": 0.005, "side": "sell", "timestamp": 1765756147167}, {"id": "3012892063", "price": 88079.5, "amount": 0.002, "side": "sell", "timestamp": 1765756147167}, {"id": "3012892064", "price": 88079.2, "amount": 0.003, "side": "sell", "timestamp": 1765756147167}, {"id": "3012892065", "price": 88078.9, "amount": 0.006, "side": "sell", "timestamp": 1765756147167}, {"id": "3012892066", "price": 88078.8, "amount": 0.003, "side": "sell", "timestamp": 1765756147167}, {"id": "3012892067", "price": 88078.7, "amount": 0.003, "side": "sell", "timestamp": 1765756147167}, {"id": "3012892068", "price": 88078.3, "amount": 0.027, "side": "sell", "timestamp": 1765756147167}, {"id": "3012892069", "price": 88078.1, "amount": 0.003, "side": "sell", "timestamp": 1765756147167}, {"id": "3012892070", "price": 88078.0, "amount": 0.002, "side": "sell", "timestamp": 1765756147167}, {"id": "3012892071", "price": 88077.8, "amount": 0.003, "side": "sell", "timestamp": 1765756147167}, {"id": "3012892072", "price": 88077.6, "amount": 0.003, "side": "sell", "timestamp": 1765756147167}, {"id": "3012892073", "price": 88077.5, "amount": 0.002, "side": "sell", "timestamp": 1765756147167}, {"id": "3012892074", "price": 88077.2, "amount": 0.002, "side": "sell", "timestamp": 1765756147174}, {"id": "3012892075", "price": 88077.0, "amount": 0.004, "side": "sell", "timestamp": 1765756147174}, {"id": "3012892076", "price": 88076.9, "amount": 0.003, "side": "sell", "timestamp": 1765756147174}, {"id": "3012892077", "price": 88076.8, "amount": 0.004, "side": "sell", "timestamp": 1765756147174}, {"id": "3012892078", "price": 88076.6, "amount": 0.003, "side": "sell", "timestamp": 1765756147187}, {"id": "3012892079", "price": 88076.3, "amount": 0.002, "side": "sell", "timestamp": 1765756147187}, {"id": "3012892080", "price": 88076.1, "amount": 0.003, "side": "sell", "timestamp": 1765756147187}, {"id": "3012892081", "price": 88076.0, "amount": 0.003, "side": "sell", "timestamp": 1765756147187}, {"id": "3012892082", "price": 88075.4, "amount": 0.006, "side": "sell", "timestamp": 1765756147194}, {"id": "3012892083", "price": 88074.9, "amount": 0.009, "side": "sell", "timestamp": 1765756147214}, {"id": "3012892084", "price": 88074.8, "amount": 0.002, "side": "sell", "timestamp": 1765756147214}, {"id": "3012892085", "price": 88074.5, "amount": 0.059, "side": "sell", "timestamp": 1765756147219}, {"id": "3012892086", "price": 88074.2, "amount": 0.004, "side": "sell", "timestamp": 1765756147221}, {"id": "3012892087", "price": 88074.1, "amount": 0.003, "side": "sell", "timestamp": 1765756147221}, {"id": "3012892088", "price": 88074.0, "amount": 0.004, "side": "sell", "timestamp": 1765756147221}, {"id": "3012892089", "price": 88073.9, "amount": 0.002, "side": "sell", "timestamp": 1765756147221}, {"id": "3012892090", "price": 88073.7, "amount": 0.023, "side": "sell", "timestamp": 1765756147222}, {"id": "3012892091", "price": 88073.6, "amount": 0.002, "side": "sell", "timestamp": 1765756147222}, {"id": "3012892092", "price": 88073.4, "amount": 0.008, "side": "sell", "timestamp": 1765756147222}, {"id": "3012892093", "price": 88073.4, "amount": 0.022, "side": "buy", "timestamp": 1765756147463}, {"id": "3012892094", "price": 88073.4, "amount": 0.717, "side": "buy", "timestamp": 1765756147569}, {"id": "3012892095", "price": 88073.4, "amount": 0.006, "side": "buy", "timestamp": 1765756147870}, {"id": "3012892096", "price": 88073.4, "amount": 0.099, "side": "buy", "timestamp": 1765756148421}, {"id": "3012892097", "price": 88073.4, "amount": 0.037, "side": "buy", "timestamp": 1765756148878}, {"id": "3012892098", "price": 88073.3, "amount": 0.004, "side": "sell", "timestamp": 1765756149549}, {"id": "3012892099", "price": 88073.4, "amount": 0.026, "side": "buy", "timestamp": 1765756149737}, {"id": "3012892100", "price": 88073.3, "amount": 0.002, "side": "sell", "timestamp": 1765756149884}, {"id": "3012892101", "price": 88073.4, "amount": 0.656, "side": "buy", "timestamp": 1765756150760}, {"id": "3012892102", "price": 88073.4, "amount": 0.02, "side": "buy", "timestamp": 1765756150876}, {"id": "3012893687", "price": 88130.9, "amount": 0.003, "side": "buy", "timestamp": 1765756202950}, {"id": "3012893688", "price": 88131.4, "amount": 0.003, "side": "buy", "timestamp": 1765756202950}, {"id": "3012893689", "price": 88131.7, "amount": 0.003, "side": "buy", "timestamp": 1765756202950}, {"id": "3012893690", "price": 88131.9, "amount": 0.003, "side": "buy", "timestamp": 1765756202952}, {"id": "3012893691", "price": 88132.0, "amount": 0.02, "side": "buy", "timestamp": 1765756202956}, {"id": "3012893692", "price": 88132.5, "amount": 0.003, "side": "buy", "timestamp": 1765756202959}, {"id": "3012893693", "price": 88132.6, "amount": 0.005, "side": "buy", "timestamp": 1765756202959}, {"id": "3012893694", "price": 88132.7, "amount": 0.003, "side": "buy", "timestamp": 1765756202959}, {"id": "3012893695", "price": 88132.8, "amount": 0.002, "side": "buy", "timestamp": 1765756202959}, {"id": "3012893696", "price": 88133.6, "amount": 0.003, "side": "buy", "timestamp": 1765756202962}, {"id": "3012893697", "price": 88134.2, "amount": 0.003, "side": "buy", "timestamp": 1765756202963}, {"id": "3012893698", "price": 88134.7, "amount": 0.003, "side": "buy", "timestamp": 1765756202963}, {"id": "3012893699", "price": 88135.0, "amount": 0.002, "side": "buy", "timestamp": 1765756202963}, {"id": "3012893700", "price": 88135.3, "amount": 0.006, "side": "buy", "timestamp": 1765756202966}, {"id": "3012893701", "price": 88135.4, "amount": 0.003, "side": "buy", "timestamp": 1765756202966}, {"id": "3012893702", "price": 88135.4, "amount": 0.049, "side": "sell", "timestamp": 1765756202994}, {"id": "3012893703", "price": 88135.5, "amount": 0.028, "side": "buy", "timestamp": 1765756203018}, {"id": "3012893704", "price": 88135.6, "amount": 0.009, "side": "buy", "timestamp": 1765756203018}, {"id": "3012893705", "price": 88135.9, "amount": 0.003, "side": "buy", "timestamp": 1765756203018}, {"id": "3012893706", "price": 88136.1, "amount": 0.003, "side": "buy", "timestamp": 1765756203018}, {"id": "3012893707", "price": 88136.4, "amount": 0.005, "side": "buy", "timestamp": 1765756203018}, {"id": "3012893708", "price": 88136.9, "amount": 0.006, "side": "buy", "timestamp": 1765756203018}, {"id": "3012893709", "price": 88137.0, "amount": 0.004, "side": "buy", "timestamp": 1765756203018}, {"id": "3012893710", "price": 88137.4, "amount": 0.003, "side": "buy", "timestamp": 1765756203018}, {"id": "3012893711", "price": 88137.7, "amount": 0.003, "side": "buy", "timestamp": 1765756203018}, {"id": "3012893712", "price": 88137.8, "amount": 0.954, "side": "buy", "timestamp": 1765756203018}, {"id": "3012893713", "price": 88137.9, "amount": 0.003, "side": "buy", "timestamp": 1765756203018}, {"id": "3012893714", "price": 88138.0, "amount": 0.037, "side": "buy", "timestamp": 1765756203054}, {"id": "3012893715", "price": 88138.0, "amount": 0.68, "side": "buy", "timestamp": 1765756203162}, {"id": "3012893716", "price": 88138.0, "amount": 0.003, "side": "buy", "timestamp": 1765756203288}, {"id": "3012893717", "price": 88138.0, "amount": 0.002, "side": "buy", "timestamp": 1765756203393}, {"id": "3012893718", "price": 88137.9, "amount": 0.004, "side": "sell", "timestamp": 1765756204060}, {"id": "3012893719", "price": 88137.9, "amount": 0.002, "side": "sell", "timestamp": 1765756204204}, {"id": "3012893720", "price": 88138.0, "amount": 0.008, "side": "buy", "timestamp": 1765756204334}, {"id": "3012893721", "price": 88137.9, "amount": 0.005, "side": "sell", "timestamp": 1765756204480}, {"id": "3012893722", "price": 88138.0, "amount": 0.003, "side": "buy", "timestamp": 1765756204582}, {"id": "3012893723", "price": 88137.9, "amount": 0.002, "side": "sell", "timestamp": 1765756204601}, {"id": "3012893724", "price": 88138.0, "amount": 0.005, "side": "buy", "timestamp": 1765756204685}, {"id": "3012893725", "price": 88137.9, "amount": 0.066, "side": "sell", "timestamp": 1765756204811}, {"id": "3012893726", "price": 88138.0, "amount": 0.267, "side": "buy", "timestamp": 1765756204858}, {"id": "3012893727", "price": 88137.9, "amount": 0.002, "side": "sell", "timestamp": 1765756204905}, {"id": "3012893728", "price": 88137.9, "amount": 0.035, "side": "sell", "timestamp": 1765756205024}, {"id": "3012893729", "price": 88137.9, "amount": 0.54, "side": "sell", "timestamp": 1765756205149}, {"id": "3012893730", "price": 88137.9, "amount": 0.003, "side": "sell", "timestamp": 1765756205556}, {"id": "3012893731", "price": 88137.9, "amount": 0.012, "side": "sell", "timestamp": 1765756205689}, {"id": "3012893732", "price": 88138.0, "amount": 0.104, "side": "buy", "timestamp": 1765756205730}, {"id": "3012893733", "price": 88137.9, "amount": 0.004, "side": "sell", "timestamp": 1765756205799}, {"id": "3012893734", "price": 88137.9, "amount": 0.061, "side": "sell", "timestamp": 1765756206073}, {"id": "3012893735", "price": 88138.0, "amount": 0.031, "side": "buy", "timestamp": 1765756206164}, {"id": "3012893736", "price": 88138.0, "amount": 0.03, "side": "buy", "timestamp": 1765756206448}, {"id": "3012894474", "price": 88166.9, "amount": 0.002, "side": "buy", "timestamp": 1765756256172}, {"id": "3012894475", "price": 88166.8, "amount": 0.033, "side": "sell", "timestamp": 1765756256945}, {"id": "3012894476", "price": 88166.8, "amount": 0.4, "side": "sell", "timestamp": 1765756257116}, {"id": "3012894477", "price": 88166.8, "amount": 0.306, "side": "sell", "timestamp": 1765756257313}, {"id": "3012894478", "price": 88166.8, "amount": 0.111, "side": "sell", "timestamp": 1765756257594}, {"id": "3012894479", "price": 88166.7, "amount": 0.003, "side": "sell", "timestamp": 1765756257594}, {"id": "3012894480", "price": 88166.5, "amount": 0.003, "side": "sell", "timestamp": 1765756257597}, {"id": "3012894481", "price": 88166.4, "amount": 0.002, "side": "sell", "timestamp": 1765756257597}, {"id": "3012894482", "price": 88166.0, "amount": 0.025, "side": "sell", "timestamp": 1765756257597}, {"id": "3012894483", "price": 88165.6, "amount": 0.056, "side": "sell", "timestamp": 1765756257597}, {"id": "3012894484", "price": 88165.5, "amount": 0.003, "side": "sell", "timestamp": 1765756257602}, {"id": "3012894485", "price": 88165.3, "amount": 0.002, "side": "sell", "timestamp": 1765756257602}, {"id": "3012894486", "price": 88164.8, "amount": 0.006, "side": "sell", "timestamp": 1765756257609}, {"id": "3012894487", "price": 88164.7, "amount": 0.005, "side": "sell", "timestamp": 1765756257609}, {"id": "3012894488", "price": 88164.4, "amount": 0.002, "side": "sell", "timestamp": 1765756257609}, {"id": "3012894489", "price": 88164.3, "amount": 0.002, "side": "sell", "timestamp": 1765756257609}, {"id": "3012894490", "price": 88164.2, "amount": 0.006, "side": "sell", "timestamp": 1765756257609}, {"id": "3012894491", "price": 88164.0, "amount": 0.002, "side": "sell", "timestamp": 1765756257609}, {"id": "3012894492", "price": 88163.9, "amount": 0.067, "side": "sell", "timestamp": 1765756257671}, {"id": "3012894493", "price": 88164.0, "amount": 0.185, "side": "buy", "timestamp": 1765756258179}, {"id": "3012894494", "price": 88163.9, "amount": 0.05, "side": "sell", "timestamp": 1765756258243}, {"id": "3012894495", "price": 88164.0, "amount": 0.003, "side": "buy", "timestamp": 1765756258327}, {"id": "3012894496", "price": 88163.9, "amount": 0.043, "side": "sell", "timestamp": 1765756258594}, {"id": "3012894497", "price": 88163.9, "amount": 0.006, "side": "sell", "timestamp": 1765756258819}, {"id": "3012894498", "price": 88163.9, "amount": 0.808, "side": "sell", "timestamp": 1765756259229}, {"id": "3012894499", "price": 88163.8, "amount": 0.006, "side": "sell", "timestamp": 1765756259271}, {"id": "3012894500", "price": 88163.6, "amount": 0.002, "side": "sell", "timestamp": 1765756259271}, {"id": "3012894501", "price": 88163.5, "amount": 0.002, "side": "sell", "timestamp": 1765756259271}, {"id": "3012894502", "price": 88163.4, "amount": 0.003, "side": "sell", "timestamp": 1765756259271}, {"id": "3012894503", "price": 88163.3, "amount": 0.006, "side": "sell", "timestamp": 1765756259277}, {"id": "3012894504", "price": 88163.2, "amount": 0.003, "side": "sell", "timestamp": 1765756259277}, {"id": "3012894505", "price": 88162.8, "amount": 0.005, "side": "sell", "timestamp": 1765756259278}, {"id": "3012894506", "price": 88162.6, "amount": 0.002, "side": "sell", "timestamp": 1765756259278}, {"id": "3012894507", "price": 88162.4, "amount": 0.012, "side": "sell", "timestamp": 1765756259278}, {"id": "3012894508", "price": 88162.3, "amount": 0.5, "side": "buy", "timestamp": 1765756259392}, {"id": "3012894509", "price": 88162.3, "amount": 0.002, "side": "buy", "timestamp": 1765756259522}, {"id": "3012894510", "price": 88162.3, "amount": 0.002, "side": "buy", "timestamp": 1765756259831}, {"id": "3012894511", "price": 88162.2, "amount": 0.01, "side": "sell", "timestamp": 1765756259857}, {"id": "3012894512", "price": 88162.3, "amount": 0.292, "side": "buy", "timestamp": 1765756259930}, {"id": "3012894513", "price": 88162.3, "amount": 0.003, "side": "buy", "timestamp": 1765756260080}, {"id": "3012894514", "price": 88162.2, "amount": 0.017, "side": "sell", "timestamp": 1765756260238}, {"id": "3012894515", "price": 88162.3, "amount": 0.021, "side": "buy", "timestamp": 1765756260360}, {"id": "3012894516", "price": 88162.2, "amount": 0.006, "side": "sell", "timestamp": 1765756260555}, {"id": "3012894517", "price": 88162.2, "amount": 0.003, "side": "sell", "timestamp": 1765756260664}, {"id": "3012894518", "price": 88162.3, "amount": 0.004, "side": "buy", "timestamp": 1765756260693}, {"id": "3012894519", "price": 88162.2, "amount": 0.009, "side": "sell", "timestamp": 1765756260925}, {"id": "3012894520", "price": 88162.3, "amount": 0.035, "side": "buy", "timestamp": 1765756261170}, {"id": "3012894521", "price": 88162.2, "amount": 0.008, "side": "sell", "timestamp": 1765756261211}, {"id": "3012894522", "price": 88162.2, "amount": 0.004, "side": "sell", "timestamp": 1765756261312}, {"id": "3012894523", "price": 88162.3, "amount": 0.013, "side": "buy", "timestamp": 1765756261351}, {"id": "3012897416", "price": 88285.0, "amount": 0.007, "side": "sell", "timestamp": 1765756315327}, {"id": "3012897417", "price": 88284.9, "amount": 0.003, "side": "sell", "timestamp": 1765756315327}, {"id": "3012897418", "price": 88284.7, "amount": 0.002, "side": "sell", "timestamp": 1765756315327}, {"id": "3012897419", "price": 88284.6, "amount": 0.002, "side": "sell", "timestamp": 1765756315327}, {"id": "3012897420", "price": 88284.5, "amount": 0.003, "side": "sell", "timestamp": 1765756315327}, {"id": "3012897421", "price": 88284.4, "amount": 0.002, "side": "sell", "timestamp": 1765756315327}, {"id": "3012897422", "price": 88284.1, "amount": 0.003, "side": "sell", "timestamp": 1765756315327}, {"id": "3012897423", "price": 88284.0, "amount": 0.005, "side": "sell", "timestamp": 1765756315327}, {"id": "3012897424", "price": 88283.7, "amount": 0.004, "side": "sell", "timestamp": 1765756315327}, {"id": "3012897425", "price": 88283.5, "amount": 0.003, "side": "sell", "timestamp": 1765756315327}, {"id": "3012897426", "price": 88283.4, "amount": 0.002, "side": "sell", "timestamp": 1765756315327}, {"id": "3012897427", "price": 88283.3, "amount": 0.003, "side": "sell", "timestamp": 1765756315327}, {"id": "3012897428", "price": 88283.2, "amount": 0.008, "side": "sell", "timestamp": 1765756315327}, {"id": "3012897429", "price": 88283.0, "amount": 0.003, "side": "sell", "timestamp": 1765756315327}, {"id": "3012897430", "price": 88282.9, "amount": 0.025, "side": "sell", "timestamp": 1765756315327}, {"id": "3012897431", "price": 88282.7, "amount": 0.02, "side": "sell", "timestamp": 1765756315327}, {"id": "3012897432", "price": 88282.6, "amount": 0.002, "side": "sell", "timestamp": 1765756315327}, {"id": "3012897433", "price": 88282.5, "amount": 0.017, "side": "sell", "timestamp": 1765756315327}, {"id": "3012897434", "price": 88282.4, "amount": 0.114, "side": "sell", "timestamp": 1765756315327}, {"id": "3012897435", "price": 88282.2, "amount": 1.002, "side": "sell", "timestamp": 1765756315327}, {"id": "3012897436", "price": 88282.1, "amount": 0.008, "side": "sell", "timestamp": 1765756315327}, {"id": "3012897437", "price": 88282.0, "amount": 0.006, "side": "sell", "timestamp": 1765756315327}, {"id": "3012897438", "price": 88281.9, "amount": 0.002, "side": "sell", "timestamp": 1765756315327}, {"id": "3012897439", "price": 88281.7, "amount": 0.003, "side": "sell", "timestamp": 1765756315327}, {"id": "3012897440", "price": 88281.6, "amount": 0.116, "side": "sell", "timestamp": 1765756315327}, {"id": "3012897441", "price": 88281.5, "amount": 0.005, "side": "sell", "timestamp": 1765756315327}, {"id": "3012897442", "price": 88281.4, "amount": 0.006, "side": "sell", "timestamp": 1765756315327}, {"id": "3012897443", "price": 88281.3, "amount": 0.002, "side": "sell", "timestamp": 1765756315327}, {"id": "3012897444", "price": 88281.2, "amount": 0.002, "side": "sell", "timestamp": 1765756315327}, {"id": "3012897445", "price": 88281.1, "amount": 0.003, "side": "sell", "timestamp": 1765756315327}, {"id": "3012897446", "price": 88281.0, "amount": 0.004, "side": "sell", "timestamp": 1765756315327}, {"id": "3012897447", "price": 88280.9, "amount": 0.005, "side": "sell", "timestamp": 1765756315327}, {"id": "3012897448", "price": 88280.8, "amount": 0.002, "side": "sell", "timestamp": 1765756315327}, {"id": "3012897449", "price": 88280.7, "amount": 0.003, "side": "sell", "timestamp": 1765756315327}, {"id": "3012897450", "price": 88280.6, "amount": 0.114, "side": "sell", "timestamp": 1765756315327}, {"id": "3012897451", "price": 88280.2, "amount": 0.003, "side": "sell", "timestamp": 1765756315327}, {"id": "3012897452", "price": 88280.1, "amount": 0.003, "side": "sell", "timestamp": 1765756315327}, {"id": "3012897453", "price": 88280.0, "amount": 0.007, "side": "sell", "timestamp": 1765756315327}, {"id": "3012897454", "price": 88279.9, "amount": 0.827, "side": "sell", "timestamp": 1765756315327}, {"id": "3012897455", "price": 88280.2, "amount": 0.003, "side": "sell", "timestamp": 1765756315339}, {"id": "3012897456", "price": 88280.2, "amount": 0.002, "side": "buy", "timestamp": 1765756315365}, {"id": "3012897457", "price": 88280.2, "amount": 0.009, "side": "buy", "timestamp": 1765756315710}, {"id": "3012897458", "price": 88280.1, "amount": 0.228, "side": "sell", "timestamp": 1765756315717}, {"id": "3012897459", "price": 88280.2, "amount": 0.006, "side": "buy", "timestamp": 1765756315838}, {"id": "3012897460", "price": 88280.2, "amount": 0.1, "side": "buy", "timestamp": 1765756316039}, {"id": "3012897461", "price": 88280.2, "amount": 0.009, "side": "buy", "timestamp": 1765756316243}, {"id": "3012897462", "price": 88280.1, "amount": 0.056, "side": "sell", "timestamp": 1765756316363}, {"id": "3012897463", "price": 88280.2, "amount": 0.036, "side": "buy", "timestamp": 1765756316379}, {"id": "3012897464", "price": 88280.1, "amount": 0.002, "side": "sell", "timestamp": 1765756316398}, {"id": "3012897465", "price": 88280.2, "amount": 0.004, "side": "buy", "timestamp": 1765756316420}, {"id": "3012899731", "price": 88232.8, "amount": 0.003, "side": "sell", "timestamp": 1765756363266}, {"id": "3012899732", "price": 88232.6, "amount": 0.002, "side": "sell", "timestamp": 1765756363266}, {"id": "3012899733", "price": 88232.3, "amount": 0.003, "side": "sell", "timestamp": 1765756363266}, {"id": "3012899734", "price": 88231.9, "amount": 0.002, "side": "sell", "timestamp": 1765756363266}, {"id": "3012899735", "price": 88231.8, "amount": 0.003, "side": "sell", "timestamp": 1765756363266}, {"id": "3012899736", "price": 88231.4, "amount": 0.002, "side": "sell", "timestamp": 1765756363266}, {"id": "3012899737", "price": 88231.3, "amount": 0.006, "side": "sell", "timestamp": 1765756363266}, {"id": "3012899738", "price": 88230.8, "amount": 0.003, "side": "sell", "timestamp": 1765756363266}, {"id": "3012899739", "price": 88230.5, "amount": 0.003, "side": "sell", "timestamp": 1765756363266}, {"id": "3012899740", "price": 88230.3, "amount": 0.003, "side": "sell", "timestamp": 1765756363266}, {"id": "3012899741", "price": 88230.2, "amount": 0.058, "side": "sell", "timestamp": 1765756363472}, {"id": "3012899742", "price": 88230.2, "amount": 4.013, "side": "sell", "timestamp": 1765756363822}, {"id": "3012899743", "price": 88230.1, "amount": 0.004, "side": "sell", "timestamp": 1765756363917}, {"id": "3012899744", "price": 88230.0, "amount": 0.002, "side": "sell", "timestamp": 1765756363917}, {"id": "3012899745", "price": 88229.9, "amount": 0.114, "side": "sell", "timestamp": 1765756363917}, {"id": "3012899746", "price": 88229.8, "amount": 0.003, "side": "sell", "timestamp": 1765756363917}, {"id": "3012899747", "price": 88229.2, "amount": 0.03, "side": "sell", "timestamp": 1765756364042}, {"id": "3012899748", "price": 88229.3, "amount": 0.001, "side": "buy", "timestamp": 1765756364268}, {"id": "3012899749", "price": 88229.3, "amount": 0.112, "side": "buy", "timestamp": 1765756364415}, {"id": "3012899750", "price": 88229.3, "amount": 0.002, "side": "buy", "timestamp": 1765756365278}, {"id": "3012899751", "price": 88229.2, "amount": 0.002, "side": "sell", "timestamp": 1765756365398}, {"id": "3012899752", "price": 88229.2, "amount": 0.021, "side": "sell", "timestamp": 1765756365870}, {"id": "3012899753", "price": 88229.3, "amount": 1.02, "side": "buy", "timestamp": 1765756365958}, {"id": "3012899754", "price": 88229.3, "amount": 0.012, "side": "buy", "timestamp": 1765756366201}, {"id": "3012899755", "price": 88229.2, "amount": 0.033, "side": "sell", "timestamp": 1765756366211}, {"id": "3012899756", "price": 88229.3, "amount": 0.002, "side": "buy", "timestamp": 1765756366339}, {"id": "3012899757", "price": 88229.2, "amount": 0.045, "side": "sell", "timestamp": 1765756366359}, {"id": "3012899758", "price": 88229.2, "amount": 0.04, "side": "sell", "timestamp": 1765756366505}, {"id": "3012899759", "price": 88229.2, "amount": 0.01, "side": "sell", "timestamp": 1765756366734}, {"id": "3012899760", "price": 88229.2, "amount": 0.044, "side": "sell", "timestamp": 1765756366863}, {"id": "3012899761", "price": 88229.3, "amount": 0.079, "side": "buy", "timestamp": 1765756366932}, {"id": "3012899762", "price": 88229.3, "amount": 0.009, "side": "buy", "timestamp": 1765756367092}, {"id": "3012899763", "price": 88229.2, "amount": 0.007, "side": "sell", "timestamp": 1765756367544}, {"id": "3012899764", "price": 88229.2, "amount": 0.013, "side": "sell", "timestamp": 1765756367645}, {"id": "3012899765", "price": 88229.2, "amount": 0.005, "side": "sell", "timestamp": 1765756367747}, {"id": "3012899766", "price": 88229.3, "amount": 0.004, "side": "buy", "timestamp": 1765756367809}, {"id": "3012899767", "price": 88229.2, "amount": 0.01, "side": "sell", "timestamp": 1765756367851}, {"id": "3012899768", "price": 88229.2, "amount": 0.008, "side": "sell", "timestamp": 1765756368540}, {"id": "3012899769", "price": 88229.2, "amount": 0.236, "side": "sell", "timestamp": 1765756368693}, {"id": "3012899770", "price": 88229.3, "amount": 0.056, "side": "buy", "timestamp": 1765756368704}, {"id": "3012899771", "price": 88229.2, "amount": 0.117, "side": "sell", "timestamp": 1765756368851}, {"id": "3012899772", "price": 88229.2, "amount": 0.259, "side": "sell", "timestamp": 1765756369077}, {"id": "3012899773", "price": 88229.3, "amount": 0.024, "side": "buy", "timestamp": 1765756369279}, {"id": "3012899774", "price": 88229.2, "amount": 0.007, "side": "sell", "timestamp": 1765756369482}, {"id": "3012899775", "price": 88229.3, "amount": 0.021, "side": "buy", "timestamp": 1765756369544}, {"id": "3012899776", "price": 88229.3, "amount": 0.519, "side": "buy", "timestamp": 1765756370549}, {"id": "3012899777", "price": 88229.2, "amount": 0.075, "side": "sell", "timestamp": 1765756370667}, {"id": "3012899778", "price": 88229.3, "amount": 0.25, "side": "buy", "timestamp": 1765756370899}, {"id": "3012899779", "price": 88229.2, "amount": 0.002, "side": "sell", "timestamp": 1765756370952}, {"id": "3012899780", "price": 88229.2, "amount": 0.007, "side": "sell", "timestamp": 1765756371254}, {"id": "3012901026", "price": 88210.8, "amount": 0.012, "side": "buy", "timestamp": 1765756422915}, {"id": "3012901027", "price": 88210.7, "amount": 0.014, "side": "sell", "timestamp": 1765756422917}, {"id": "3012901028", "price": 88210.4, "amount": 0.02, "side": "sell", "timestamp": 1765756422921}, {"id": "3012901029", "price": 88210.2, "amount": 0.054, "side": "sell", "timestamp": 1765756422925}, {"id": "3012901030", "price": 88210.1, "amount": 0.002, "side": "sell", "timestamp": 1765756422942}, {"id": "3012901031", "price": 88210.0, "amount": 0.002, "side": "sell", "timestamp": 1765756422942}, {"id": "3012901032", "price": 88209.7, "amount": 0.003, "side": "sell", "timestamp": 1765756422942}, {"id": "3012901033", "price": 88209.6, "amount": 0.008, "side": "sell", "timestamp": 1765756422942}, {"id": "3012901034", "price": 88209.4, "amount": 0.006, "side": "sell", "timestamp": 1765756422942}, {"id": "3012901035", "price": 88209.1, "amount": 0.012, "side": "sell", "timestamp": 1765756422947}, {"id": "3012901036", "price": 88209.0, "amount": 0.105, "side": "sell", "timestamp": 1765756422949}, {"id": "3012901037", "price": 88208.9, "amount": 0.002, "side": "sell", "timestamp": 1765756422991}, {"id": "3012901038", "price": 88208.4, "amount": 0.021, "side": "sell", "timestamp": 1765756422991}, {"id": "3012901039", "price": 88208.3, "amount": 0.297, "side": "sell", "timestamp": 1765756422991}, {"id": "3012901040", "price": 88208.2, "amount": 0.003, "side": "sell", "timestamp": 1765756422991}, {"id": "3012901041", "price": 88208.1, "amount": 0.01, "side": "sell", "timestamp": 1765756422991}, {"id": "3012901042", "price": 88207.8, "amount": 0.006, "side": "sell", "timestamp": 1765756422995}, {"id": "3012901043", "price": 88207.4, "amount": 0.002, "side": "sell", "timestamp": 1765756422995}, {"id": "3012901044", "price": 88207.3, "amount": 0.003, "side": "sell", "timestamp": 1765756422995}, {"id": "3012901045", "price": 88206.8, "amount": 0.008, "side": "sell", "timestamp": 1765756423002}, {"id": "3012901046", "price": 88206.7, "amount": 0.022, "side": "sell", "timestamp": 1765756423002}, {"id": "3012901047", "price": 88206.3, "amount": 0.07, "side": "sell", "timestamp": 1765756423016}, {"id": "3012901048", "price": 88205.6, "amount": 0.002, "side": "sell", "timestamp": 1765756423019}, {"id": "3012901049", "price": 88205.5, "amount": 0.003, "side": "sell", "timestamp": 1765756423019}, {"id": "3012901050", "price": 88205.3, "amount": 0.022, "side": "sell", "timestamp": 1765756423019}, {"id": "3012901051", "price": 88205.2, "amount": 0.003, "side": "sell", "timestamp": 1765756423019}, {"id": "3012901052", "price": 88205.0, "amount": 0.251, "side": "sell", "timestamp": 1765756423023}, {"id": "3012901053", "price": 88204.9, "amount": 0.002, "side": "sell", "timestamp": 1765756423077}, {"id": "3012901054", "price": 88204.2, "amount": 0.008, "side": "sell", "timestamp": 1765756423077}, {"id": "3012901055", "price": 88204.0, "amount": 0.003, "side": "sell", "timestamp": 1765756423077}, {"id": "3012901056", "price": 88203.7, "amount": 0.005, "side": "sell", "timestamp": 1765756423077}, {"id": "3012901057", "price": 88203.6, "amount": 0.003, "side": "sell", "timestamp": 1765756423077}, {"id": "3012901058", "price": 88203.3, "amount": 0.002, "side": "sell", "timestamp": 1765756423077}, {"id": "3012901059", "price": 88203.2, "amount": 0.003, "side": "sell", "timestamp": 1765756423077}, {"id": "3012901060", "price": 88202.9, "amount": 0.002, "side": "sell", "timestamp": 1765756423077}, {"id": "3012901061", "price": 88202.8, "amount": 0.002, "side": "sell", "timestamp": 1765756423077}, {"id": "3012901062", "price": 88202.7, "amount": 0.006, "side": "sell", "timestamp": 1765756423077}, {"id": "3012901063", "price": 88202.6, "amount": 0.04, "side": "sell", "timestamp": 1765756423077}, {"id": "3012901064", "price": 88202.7, "amount": 0.013, "side": "buy", "timestamp": 1765756423108}, {"id": "3012901065", "price": 88202.6, "amount": 0.07, "side": "sell", "timestamp": 1765756423217}, {"id": "3012901066", "price": 88202.5, "amount": 0.031, "side": "sell", "timestamp": 1765756423220}, {"id": "3012901067", "price": 88202.6, "amount": 0.003, "side": "buy", "timestamp": 1765756424050}, {"id": "3012901068", "price": 88202.6, "amount": 0.048, "side": "buy", "timestamp": 1765756424547}, {"id": "3012901069", "price": 88202.5, "amount": 0.005, "side": "sell", "timestamp": 1765756425018}, {"id": "3012901070", "price": 88202.6, "amount": 0.06, "side": "buy", "timestamp": 1765756425034}, {"id": "3012901071", "price": 88202.5, "amount": 0.099, "side": "sell", "timestamp": 1765756425311}, {"id": "3012901072", "price": 88202.5, "amount": 0.004, "side": "sell", "timestamp": 1765756425635}, {"id": "3012901073", "price": 88202.6, "amount": 0.01, "side": "buy", "timestamp": 1765756425957}, {"id": "3012901074", "price": 88202.5, "amount": 0.225, "side": "sell", "timestamp": 1765756426067}, {"id": "3012901075", "price": 88202.5, "amount": 0.021, "side": "sell", "timestamp": 1765756426206}, {"id": "3012902247", "price": 88169.1, "amount": 0.128, "side": "sell", "timestamp": 1765756479719}, {"id": "3012902248", "price": 88168.8, "amount": 0.005, "side": "sell", "timestamp": 1765756479719}, {"id": "3012902249", "price": 88168.7, "amount": 0.007, "side": "sell", "timestamp": 1765756479719}, {"id": "3012902250", "price": 88168.6, "amount": 0.015, "side": "sell", "timestamp": 1765756479719}, {"id": "3012902251", "price": 88168.5, "amount": 0.058, "side": "sell", "timestamp": 1765756479719}, {"id": "3012902252", "price": 88168.3, "amount": 0.003, "side": "sell", "timestamp": 1765756479719}, {"id": "3012902253", "price": 88168.2, "amount": 0.003, "side": "sell", "timestamp": 1765756479719}, {"id": "3012902254", "price": 88168.1, "amount": 0.228, "side": "sell", "timestamp": 1765756479719}, {"id": "3012902255", "price": 88168.0, "amount": 0.27, "side": "sell", "timestamp": 1765756479719}, {"id": "3012902256", "price": 88167.9, "amount": 0.002, "side": "sell", "timestamp": 1765756479719}, {"id": "3012902257", "price": 88167.8, "amount": 0.03, "side": "sell", "timestamp": 1765756479719}, {"id": "3012902258", "price": 88167.6, "amount": 0.002, "side": "sell", "timestamp": 1765756479719}, {"id": "3012902259", "price": 88167.5, "amount": 0.008, "side": "sell", "timestamp": 1765756479719}, {"id": "3012902260", "price": 88167.4, "amount": 0.002, "side": "sell", "timestamp": 1765756479719}, {"id": "3012902261", "price": 88167.3, "amount": 0.003, "side": "sell", "timestamp": 1765756479719}, {"id": "3012902262", "price": 88167.1, "amount": 0.002, "side": "sell", "timestamp": 1765756479719}, {"id": "3012902263", "price": 88167.0, "amount": 0.003, "side": "sell", "timestamp": 1765756479719}, {"id": "3012902264", "price": 88166.9, "amount": 0.726, "side": "sell", "timestamp": 1765756479719}, {"id": "3012902265", "price": 88166.8, "amount": 0.003, "side": "sell", "timestamp": 1765756479719}, {"id": "3012902266", "price": 88166.7, "amount": 0.002, "side": "sell", "timestamp": 1765756479719}, {"id": "3012902267", "price": 88166.4, "amount": 0.206, "side": "sell", "timestamp": 1765756479719}, {"id": "3012902268", "price": 88166.3, "amount": 0.033, "side": "sell", "timestamp": 1765756479719}, {"id": "3012902269", "price": 88166.2, "amount": 0.013, "side": "sell", "timestamp": 1765756479719}, {"id": "3012902270", "price": 88166.1, "amount": 0.002, "side": "sell", "timestamp": 1765756479719}, {"id": "3012902271", "price": 88165.9, "amount": 0.003, "side": "sell", "timestamp": 1765756479719}, {"id": "3012902272", "price": 88165.8, "amount": 0.061, "side": "sell", "timestamp": 1765756479719}, {"id": "3012902273", "price": 88165.5, "amount": 0.12, "side": "sell", "timestamp": 1765756479719}, {"id": "3012902274", "price": 88165.4, "amount": 0.121, "side": "sell", "timestamp": 1765756479719}, {"id": "3012902275", "price": 88165.3, "amount": 0.192, "side": "sell", "timestamp": 1765756479720}, {"id": "3012902276", "price": 88165.2, "amount": 0.002, "side": "sell", "timestamp": 1765756479720}, {"id": "3012902277", "price": 88165.1, "amount": 0.003, "side": "sell", "timestamp": 1765756479720}, {"id": "3012902278", "price": 88165.0, "amount": 0.002, "side": "sell", "timestamp": 1765756479720}, {"id": "3012902279", "price": 88164.9, "amount": 0.011, "side": "sell", "timestamp": 1765756479720}, {"id": "3012902280", "price": 88164.8, "amount": 0.005, "side": "sell", "timestamp": 1765756479720}, {"id": "3012902281", "price": 88164.7, "amount": 0.009, "side": "sell", "timestamp": 1765756479720}, {"id": "3012902282", "price": 88164.6, "amount": 0.012, "side": "sell", "timestamp": 1765756479720}, {"id": "3012902283", "price": 88164.5, "amount": 0.25, "side": "sell", "timestamp": 1765756479720}, {"id": "3012902284", "price": 88164.4, "amount": 1.071, "side": "sell", "timestamp": 1765756479720}, {"id": "3012902285", "price": 88164.3, "amount": 0.027, "side": "sell", "timestamp": 1765756479720}, {"id": "3012902286", "price": 88164.2, "amount": 0.008, "side": "sell", "timestamp": 1765756479720}, {"id": "3012902287", "price": 88164.1, "amount": 0.003, "side": "sell", "timestamp": 1765756479720}, {"id": "3012902288", "price": 88164.0, "amount": 0.002, "side": "sell", "timestamp": 1765756479720}, {"id": "3012902289", "price": 88163.9, "amount": 0.241, "side": "sell", "timestamp": 1765756479720}, {"id": "3012902290", "price": 88164.6, "amount": 0.074, "side": "buy", "timestamp": 1765756480081}, {"id": "3012902291", "price": 88164.6, "amount": 0.002, "side": "buy", "timestamp": 1765756480237}, {"id": "3012902292", "price": 88164.6, "amount": 0.01, "side": "buy", "timestamp": 1765756480420}, {"id": "3012902293", "price": 88164.6, "amount": 0.2, "side": "buy", "timestamp": 1765756480626}, {"id": "3012902294", "price": 88164.5, "amount": 0.002, "side": "sell", "timestamp": 1765756480874}, {"id": "3012902295", "price": 88164.6, "amount": 0.05, "side": "buy", "timestamp": 1765756480937}, {"id": "3012902296", "price": 88164.6, "amount": 0.039, "side": "buy", "timestamp": 1765756481060}, {"id": "3012903018", "price": 88172.9, "amount": 0.002, "side": "buy", "timestamp": 1765756529030}, {"id": "3012903019", "price": 88173.0, "amount": 0.004, "side": "buy", "timestamp": 1765756529030}, {"id": "3012903020", "price": 88173.1, "amount": 0.003, "side": "buy", "timestamp": 1765756529030}, {"id": "3012903021", "price": 88173.2, "amount": 0.003, "side": "buy", "timestamp": 1765756529030}, {"id": "3012903022", "price": 88173.9, "amount": 0.007, "side": "buy", "timestamp": 1765756529032}, {"id": "3012903023", "price": 88174.0, "amount": 0.008, "side": "buy", "timestamp": 1765756529057}, {"id": "3012903024", "price": 88174.3, "amount": 0.002, "side": "buy", "timestamp": 1765756529059}, {"id": "3012903025", "price": 88174.8, "amount": 0.005, "side": "buy", "timestamp": 1765756529059}, {"id": "3012903026", "price": 88174.9, "amount": 0.007, "side": "buy", "timestamp": 1765756529059}, {"id": "3012903027", "price": 88175.1, "amount": 0.014, "side": "buy", "timestamp": 1765756529067}, {"id": "3012903028", "price": 88175.2, "amount": 0.002, "side": "buy", "timestamp": 1765756529067}, {"id": "3012903029", "price": 88175.4, "amount": 0.003, "side": "buy", "timestamp": 1765756529067}, {"id": "3012903030", "price": 88175.5, "amount": 0.003, "side": "buy", "timestamp": 1765756529067}, {"id": "3012903031", "price": 88175.8, "amount": 0.002, "side": "buy", "timestamp": 1765756529067}, {"id": "3012903032", "price": 88176.0, "amount": 0.007, "side": "buy", "timestamp": 1765756529069}, {"id": "3012903033", "price": 88176.1, "amount": 0.007, "side": "buy", "timestamp": 1765756529069}, {"id": "3012903034", "price": 88176.2, "amount": 0.003, "side": "buy", "timestamp": 1765756529069}, {"id": "3012903035", "price": 88176.7, "amount": 0.135, "side": "buy", "timestamp": 1765756529102}, {"id": "3012903036", "price": 88176.8, "amount": 0.002, "side": "buy", "timestamp": 1765756529148}, {"id": "3012903037", "price": 88177.2, "amount": 0.005, "side": "buy", "timestamp": 1765756529148}, {"id": "3012903038", "price": 88177.6, "amount": 0.002, "side": "buy", "timestamp": 1765756529148}, {"id": "3012903039", "price": 88177.7, "amount": 0.003, "side": "buy", "timestamp": 1765756529148}, {"id": "3012903040", "price": 88177.8, "amount": 0.003, "side": "buy", "timestamp": 1765756529148}, {"id": "3012903041", "price": 88178.1, "amount": 0.002, "side": "sell", "timestamp": 1765756529277}, {"id": "3012903042", "price": 88178.2, "amount": 0.018, "side": "buy", "timestamp": 1765756529428}, {"id": "3012903043", "price": 88178.1, "amount": 0.006, "side": "sell", "timestamp": 1765756529557}, {"id": "3012903044", "price": 88178.2, "amount": 0.17, "side": "buy", "timestamp": 1765756529878}, {"id": "3012903045", "price": 88178.1, "amount": 0.05, "side": "sell", "timestamp": 1765756529970}, {"id": "3012903046", "price": 88178.1, "amount": 0.034, "side": "sell", "timestamp": 1765756530074}, {"id": "3012903047", "price": 88178.2, "amount": 0.021, "side": "buy", "timestamp": 1765756530474}, {"id": "3012903048", "price": 88178.2, "amount": 0.006, "side": "buy", "timestamp": 1765756530821}, {"id": "3012903049", "price": 88178.2, "amount": 0.023, "side": "buy", "timestamp": 1765756531584}, {"id": "3012903050", "price": 88178.2, "amount": 1.138, "side": "buy", "timestamp": 1765756531732}, {"id": "3012903051", "price": 88178.2, "amount": 0.029, "side": "buy", "timestamp": 1765756532138}, {"id": "3012903052", "price": 88178.2, "amount": 0.013, "side": "buy", "timestamp": 1765756532681}, {"id": "3012903053", "price": 88178.2, "amount": 0.05, "side": "buy", "timestamp": 1765756532839}, {"id": "3012903054", "price": 88178.1, "amount": 0.52, "side": "sell", "timestamp": 1765756533172}, {"id": "3012903055", "price": 88178.1, "amount": 0.018, "side": "sell", "timestamp": 1765756533291}, {"id": "3012903056", "price": 88178.0, "amount": 0.006, "side": "sell", "timestamp": 1765756533291}, {"id": "3012903057", "price": 88177.7, "amount": 0.126, "side": "buy", "timestamp": 1765756533838}, {"id": "3012903058", "price": 88177.6, "amount": 0.012, "side": "sell", "timestamp": 1765756534009}, {"id": "3012903059", "price": 88177.7, "amount": 0.005, "side": "buy", "timestamp": 1765756534056}, {"id": "3012903060", "price": 88177.7, "amount": 0.006, "side": "buy", "timestamp": 1765756534594}, {"id": "3012903061", "price": 88177.7, "amount": 0.017, "side": "buy", "timestamp": 1765756534842}, {"id": "3012903062", "price": 88177.7, "amount": 0.121, "side": "buy", "timestamp": 1765756535039}, {"id": "3012903063", "price": 88177.7, "amount": 0.007, "side": "buy", "timestamp": 1765756535317}, {"id": "3012903064", "price": 88177.6, "amount": 0.012, "side": "sell", "timestamp": 1765756535677}, {"id": "3012903065", "price": 88177.7, "amount": 0.018, "side": "buy", "timestamp": 1765756535954}, {"id": "3012903066", "price": 88177.6, "amount": 0.002, "side": "sell", "timestamp": 1765756536162}, {"id": "3012903067", "price": 88177.7, "amount": 0.111, "side": "buy", "timestamp": 1765756536193}, {"id": "3012904054", "price": 88171.9, "amount": 0.005, "side": "buy", "timestamp": 1765756587108}, {"id": "3012904055", "price": 88172.0, "amount": 0.004, "side": "buy", "timestamp": 1765756587108}, {"id": "3012904056", "price": 88172.1, "amount": 0.003, "side": "buy", "timestamp": 1765756587108}, {"id": "3012904057", "price": 88172.7, "amount": 0.002, "side": "buy", "timestamp": 1765756587108}, {"id": "3012904058", "price": 88172.8, "amount": 0.003, "side": "buy", "timestamp": 1765756587108}, {"id": "3012904059", "price": 88172.9, "amount": 0.002, "side": "buy", "timestamp": 1765756587108}, {"id": "3012904060", "price": 88173.0, "amount": 0.016, "side": "buy", "timestamp": 1765756587108}, {"id": "3012904061", "price": 88173.1, "amount": 0.002, "side": "buy", "timestamp": 1765756587108}, {"id": "3012904062", "price": 88173.3, "amount": 0.002, "side": "buy", "timestamp": 1765756587108}, {"id": "3012904063", "price": 88173.4, "amount": 0.003, "side": "buy", "timestamp": 1765756587108}, {"id": "3012904064", "price": 88173.5, "amount": 0.005, "side": "buy", "timestamp": 1765756587108}, {"id": "3012904065", "price": 88173.9, "amount": 0.004, "side": "buy", "timestamp": 1765756587108}, {"id": "3012904066", "price": 88174.0, "amount": 0.002, "side": "buy", "timestamp": 1765756587108}, {"id": "3012904067", "price": 88174.1, "amount": 0.015, "side": "buy", "timestamp": 1765756587108}, {"id": "3012904068", "price": 88174.2, "amount": 0.002, "side": "buy", "timestamp": 1765756587108}, {"id": "3012904069", "price": 88174.3, "amount": 0.002, "side": "buy", "timestamp": 1765756587108}, {"id": "3012904070", "price": 88174.4, "amount": 0.007, "side": "buy", "timestamp": 1765756587108}, {"id": "3012904071", "price": 88174.6, "amount": 0.003, "side": "buy", "timestamp": 1765756587108}, {"id": "3012904072", "price": 88174.8, "amount": 0.013, "side": "buy", "timestamp": 1765756587108}, {"id": "3012904073", "price": 88174.9, "amount": 0.002, "side": "buy", "timestamp": 1765756587108}, {"id": "3012904074", "price": 88175.0, "amount": 0.228, "side": "buy", "timestamp": 1765756587108}, {"id": "3012904075", "price": 88175.1, "amount": 0.011, "side": "buy", "timestamp": 1765756587108}, {"id": "3012904076", "price": 88175.2, "amount": 0.028, "side": "buy", "timestamp": 1765756587108}, {"id": "3012904077", "price": 88175.4, "amount": 0.002, "side": "buy", "timestamp": 1765756587108}, {"id": "3012904078", "price": 88175.6, "amount": 0.003, "side": "buy", "timestamp": 1765756587108}, {"id": "3012904079", "price": 88175.7, "amount": 0.034, "side": "buy", "timestamp": 1765756587108}, {"id": "3012904080", "price": 88175.8, "amount": 0.002, "side": "buy", "timestamp": 1765756587108}, {"id": "3012904081", "price": 88176.0, "amount": 0.137, "side": "buy", "timestamp": 1765756587108}, {"id": "3012904082", "price": 88175.9, "amount": 0.222, "side": "sell", "timestamp": 1765756587350}, {"id": "3012904083", "price": 88175.8, "amount": 0.002, "side": "sell", "timestamp": 1765756587350}, {"id": "3012904084", "price": 88174.3, "amount": 0.003, "side": "sell", "timestamp": 1765756587350}, {"id": "3012904085", "price": 88173.8, "amount": 0.006, "side": "sell", "timestamp": 1765756587350}, {"id": "3012904086", "price": 88173.3, "amount": 0.003, "side": "sell", "timestamp": 1765756587350}, {"id": "3012904087", "price": 88173.0, "amount": 0.005, "side": "sell", "timestamp": 1765756587350}, {"id": "3012904088", "price": 88172.8, "amount": 0.005, "side": "sell", "timestamp": 1765756587350}, {"id": "3012904089", "price": 88172.5, "amount": 0.005, "side": "sell", "timestamp": 1765756587350}, {"id": "3012904090", "price": 88172.3, "amount": 0.003, "side": "sell", "timestamp": 1765756587350}, {"id": "3012904091", "price": 88172.1, "amount": 0.022, "side": "sell", "timestamp": 1765756587350}, {"id": "3012904092", "price": 88172.0, "amount": 0.002, "side": "sell", "timestamp": 1765756587350}, {"id": "3012904093", "price": 88171.7, "amount": 0.003, "side": "sell", "timestamp": 1765756587350}, {"id": "3012904094", "price": 88171.6, "amount": 0.175, "side": "sell", "timestamp": 1765756587350}, {"id": "3012904095", "price": 88171.5, "amount": 0.004, "side": "buy", "timestamp": 1765756588522}, {"id": "3012904096", "price": 88171.4, "amount": 0.156, "side": "sell", "timestamp": 1765756589185}, {"id": "3012904097", "price": 88171.5, "amount": 0.002, "side": "buy", "timestamp": 1765756589201}, {"id": "3012904098", "price": 88171.4, "amount": 0.002, "side": "sell", "timestamp": 1765756589288}, {"id": "3012904099", "price": 88171.5, "amount": 0.001, "side": "buy", "timestamp": 1765756589397}, {"id": "3012904100", "price": 88171.5, "amount": 0.004, "side": "buy", "timestamp": 1765756590281}, {"id": "3012904101", "price": 88171.4, "amount": 0.011, "side": "sell", "timestamp": 1765756590503}, {"id": "3012904102", "price": 88171.5, "amount": 0.063, "side": "buy", "timestamp": 1765756590570}, {"id": "3012904103", "price": 88171.4, "amount": 0.003, "side": "sell", "timestamp": 1765756590724}, {"id": "3012905712", "price": 88103.4, "amount": 0.013, "side": "buy", "timestamp": 1765756645075}, {"id": "3012905713", "price": 88103.6, "amount": 0.246, "side": "buy", "timestamp": 1765756645123}, {"id": "3012905714", "price": 88103.7, "amount": 0.007, "side": "buy", "timestamp": 1765756645208}, {"id": "3012905715", "price": 88103.8, "amount": 0.002, "side": "buy", "timestamp": 1765756645208}, {"id": "3012905716", "price": 88104.0, "amount": 0.002, "side": "buy", "timestamp": 1765756645208}, {"id": "3012905717", "price": 88104.3, "amount": 0.002, "side": "buy", "timestamp": 1765756645208}, {"id": "3012905718", "price": 88104.5, "amount": 0.003, "side": "buy", "timestamp": 1765756645208}, {"id": "3012905719", "price": 88104.6, "amount": 0.003, "side": "buy", "timestamp": 1765756645208}, {"id": "3012905720", "price": 88104.8, "amount": 0.002, "side": "buy", "timestamp": 1765756645208}, {"id": "3012905721", "price": 88105.0, "amount": 0.026, "side": "buy", "timestamp": 1765756645208}, {"id": "3012905722", "price": 88105.1, "amount": 0.003, "side": "buy", "timestamp": 1765756645208}, {"id": "3012905723", "price": 88105.3, "amount": 0.002, "side": "buy", "timestamp": 1765756645208}, {"id": "3012905724", "price": 88105.4, "amount": 0.003, "side": "buy", "timestamp": 1765756645208}, {"id": "3012905725", "price": 88105.6, "amount": 0.006, "side": "buy", "timestamp": 1765756645209}, {"id": "3012905726", "price": 88106.1, "amount": 0.002, "side": "buy", "timestamp": 1765756645209}, {"id": "3012905727", "price": 88106.3, "amount": 0.009, "side": "buy", "timestamp": 1765756645209}, {"id": "3012905728", "price": 88106.4, "amount": 0.003, "side": "buy", "timestamp": 1765756645209}, {"id": "3012905729", "price": 88106.7, "amount": 0.002, "side": "buy", "timestamp": 1765756645209}, {"id": "3012905730", "price": 88106.8, "amount": 0.003, "side": "buy", "timestamp": 1765756645209}, {"id": "3012905731", "price": 88107.1, "amount": 0.002, "side": "buy", "timestamp": 1765756645209}, {"id": "3012905732", "price": 88107.2, "amount": 0.003, "side": "buy", "timestamp": 1765756645209}, {"id": "3012905733", "price": 88107.3, "amount": 0.003, "side": "buy", "timestamp": 1765756645210}, {"id": "3012905734", "price": 88107.4, "amount": 0.002, "side": "buy", "timestamp": 1765756645210}, {"id": "3012905735", "price": 88107.5, "amount": 0.002, "side": "buy", "timestamp": 1765756645210}, {"id": "3012905736", "price": 88107.6, "amount": 0.013, "side": "buy", "timestamp": 1765756645210}, {"id": "3012905737", "price": 88107.7, "amount": 0.006, "side": "buy", "timestamp": 1765756645210}, {"id": "3012905738", "price": 88107.8, "amount": 0.097, "side": "buy", "timestamp": 1765756645210}, {"id": "3012905739", "price": 88107.9, "amount": 0.002, "side": "buy", "timestamp": 1765756645258}, {"id": "3012905740", "price": 88108.3, "amount": 0.003, "side": "buy", "timestamp": 1765756645258}, {"id": "3012905741", "price": 88109.1, "amount": 0.003, "side": "buy", "timestamp": 1765756645258}, {"id": "3012905742", "price": 88109.3, "amount": 0.002, "side": "buy", "timestamp": 1765756645258}, {"id": "3012905743", "price": 88109.5, "amount": 0.04, "side": "buy", "timestamp": 1765756645264}, {"id": "3012905744", "price": 88109.6, "amount": 0.005, "side": "buy", "timestamp": 1765756645292}, {"id": "3012905745", "price": 88110.0, "amount": 0.007, "side": "buy", "timestamp": 1765756645292}, {"id": "3012905746", "price": 88110.1, "amount": 0.006, "side": "buy", "timestamp": 1765756645292}, {"id": "3012905747", "price": 88110.4, "amount": 0.002, "side": "buy", "timestamp": 1765756645292}, {"id": "3012905748", "price": 88110.6, "amount": 0.003, "side": "buy", "timestamp": 1765756645292}, {"id": "3012905749", "price": 88111.1, "amount": 0.021, "side": "buy", "timestamp": 1765756645376}, {"id": "3012905750", "price": 88111.2, "amount": 0.002, "side": "buy", "timestamp": 1765756645378}, {"id": "3012905751", "price": 88111.6, "amount": 0.003, "side": "buy", "timestamp": 1765756645378}, {"id": "3012905752", "price": 88111.9, "amount": 0.002, "side": "buy", "timestamp": 1765756645378}, {"id": "3012905753", "price": 88112.1, "amount": 0.005, "side": "buy", "timestamp": 1765756645378}, {"id": "3012905754", "price": 88112.5, "amount": 0.002, "side": "buy", "timestamp": 1765756645378}, {"id": "3012905755", "price": 88112.6, "amount": 0.003, "side": "buy", "timestamp": 1765756645378}, {"id": "3012905756", "price": 88112.8, "amount": 0.002, "side": "buy", "timestamp": 1765756645378}, {"id": "3012905757", "price": 88113.1, "amount": 0.007, "side": "buy", "timestamp": 1765756645382}, {"id": "3012905758", "price": 88113.1, "amount": 0.023, "side": "buy", "timestamp": 1765756645650}, {"id": "3012905759", "price": 88113.0, "amount": 0.022, "side": "sell", "timestamp": 1765756645692}, {"id": "3012905760", "price": 88113.1, "amount": 0.003, "side": "buy", "timestamp": 1765756645799}, {"id": "3012905761", "price": 88113.0, "amount": 0.03, "side": "sell", "timestamp": 1765756646046}, {"id": "3012906633", "price": 88088.8, "amount": 0.002, "side": "buy", "timestamp": 1765756695485}, {"id": "3012906634", "price": 88089.1, "amount": 0.002, "side": "buy", "timestamp": 1765756695485}, {"id": "3012906635", "price": 88089.3, "amount": 0.006, "side": "buy", "timestamp": 1765756695485}, {"id": "3012906636", "price": 88089.4, "amount": 0.002, "side": "buy", "timestamp": 1765756695485}, {"id": "3012906637", "price": 88089.8, "amount": 0.003, "side": "buy", "timestamp": 1765756695485}, {"id": "3012906638", "price": 88090.0, "amount": 0.002, "side": "buy", "timestamp": 1765756695485}, {"id": "3012906639", "price": 88090.1, "amount": 0.003, "side": "buy", "timestamp": 1765756695485}, {"id": "3012906640", "price": 88090.2, "amount": 0.002, "side": "buy", "timestamp": 1765756695485}, {"id": "3012906641", "price": 88090.3, "amount": 0.006, "side": "buy", "timestamp": 1765756695485}, {"id": "3012906642", "price": 88090.4, "amount": 0.002, "side": "buy", "timestamp": 1765756695485}, {"id": "3012906643", "price": 88090.5, "amount": 0.002, "side": "buy", "timestamp": 1765756695485}, {"id": "3012906644", "price": 88090.6, "amount": 0.002, "side": "buy", "timestamp": 1765756695485}, {"id": "3012906645", "price": 88090.8, "amount": 0.003, "side": "buy", "timestamp": 1765756695485}, {"id": "3012906646", "price": 88090.9, "amount": 0.003, "side": "buy", "timestamp": 1765756695485}, {"id": "3012906647", "price": 88091.0, "amount": 0.058, "side": "buy", "timestamp": 1765756695485}, {"id": "3012906648", "price": 88091.2, "amount": 0.002, "side": "buy", "timestamp": 1765756695485}, {"id": "3012906649", "price": 88091.3, "amount": 0.047, "side": "buy", "timestamp": 1765756695485}, {"id": "3012906650", "price": 88091.4, "amount": 0.003, "side": "buy", "timestamp": 1765756695485}, {"id": "3012906651", "price": 88091.7, "amount": 0.002, "side": "buy", "timestamp": 1765756695485}, {"id": "3012906652", "price": 88091.8, "amount": 0.003, "side": "buy", "timestamp": 1765756695485}, {"id": "3012906653", "price": 88091.9, "amount": 0.276, "side": "buy", "timestamp": 1765756695485}, {"id": "3012906654", "price": 88092.0, "amount": 0.009, "side": "buy", "timestamp": 1765756695582}, {"id": "3012906655", "price": 88092.3, "amount": 0.002, "side": "buy", "timestamp": 1765756695582}, {"id": "3012906656", "price": 88092.5, "amount": 0.003, "side": "buy", "timestamp": 1765756695582}, {"id": "3012906657", "price": 88092.9, "amount": 0.059, "side": "buy", "timestamp": 1765756695587}, {"id": "3012906658", "price": 88093.0, "amount": 0.022, "side": "buy", "timestamp": 1765756695590}, {"id": "3012906659", "price": 88093.5, "amount": 0.017, "side": "buy", "timestamp": 1765756695594}, {"id": "3012906660", "price": 88093.5, "amount": 0.534, "side": "buy", "timestamp": 1765756695836}, {"id": "3012906661", "price": 88093.6, "amount": 0.005, "side": "buy", "timestamp": 1765756695843}, {"id": "3012906662", "price": 88093.9, "amount": 0.003, "side": "buy", "timestamp": 1765756695843}, {"id": "3012906663", "price": 88094.4, "amount": 0.003, "side": "buy", "timestamp": 1765756695843}, {"id": "3012906664", "price": 88094.5, "amount": 0.002, "side": "buy", "timestamp": 1765756695843}, {"id": "3012906665", "price": 88094.8, "amount": 0.009, "side": "buy", "timestamp": 1765756695855}, {"id": "3012906666", "price": 88094.8, "amount": 0.135, "side": "buy", "timestamp": 1765756696019}, {"id": "3012906667", "price": 88094.7, "amount": 0.013, "side": "sell", "timestamp": 1765756696179}, {"id": "3012906668", "price": 88094.8, "amount": 0.059, "side": "buy", "timestamp": 1765756697336}, {"id": "3012906669", "price": 88094.8, "amount": 0.005, "side": "buy", "timestamp": 1765756697535}, {"id": "3012906670", "price": 88094.7, "amount": 0.019, "side": "sell", "timestamp": 1765756697972}, {"id": "3012906671", "price": 88094.7, "amount": 0.005, "side": "sell", "timestamp": 1765756698179}, {"id": "3012906672", "price": 88094.7, "amount": 0.02, "side": "sell", "timestamp": 1765756698499}, {"id": "3012906673", "price": 88094.8, "amount": 0.051, "side": "buy", "timestamp": 1765756699348}, {"id": "3012906674", "price": 88094.8, "amount": 0.012, "side": "buy", "timestamp": 1765756699587}, {"id": "3012906675", "price": 88094.8, "amount": 0.002, "side": "buy", "timestamp": 1765756699878}, {"id": "3012906676", "price": 88094.7, "amount": 0.009, "side": "sell", "timestamp": 1765756700038}, {"id": "3012906677", "price": 88094.7, "amount": 0.014, "side": "sell", "timestamp": 1765756700183}, {"id": "3012906678", "price": 88094.8, "amount": 0.002, "side": "buy", "timestamp": 1765756700335}, {"id": "3012906679", "price": 88094.7, "amount": 0.006, "side": "sell", "timestamp": 1765756700450}, {"id": "3012906680", "price": 88094.8, "amount": 0.004, "side": "buy", "timestamp": 1765756700564}, {"id": "3012906681", "price": 88094.7, "amount": 0.002, "side": "sell", "timestamp": 1765756700637}, {"id": "3012906682", "price": 88094.7, "amount": 0.061, "side": "sell", "timestamp": 1765756700757}, {"id": "3012907152", "price": 88103.8, "amount": 0.003, "side": "buy", "timestamp": 1765756751848}, {"id": "3012907153", "price": 88103.9, "amount": 0.003, "side": "buy", "timestamp": 1765756751848}, {"id": "3012907154", "price": 88104.0, "amount": 0.006, "side": "buy", "timestamp": 1765756751849}, {"id": "3012907155", "price": 88104.1, "amount": 0.003, "side": "buy", "timestamp": 1765756751849}, {"id": "3012907156", "price": 88104.3, "amount": 0.005, "side": "buy", "timestamp": 1765756751849}, {"id": "3012907157", "price": 88104.4, "amount": 0.003, "side": "buy", "timestamp": 1765756751849}, {"id": "3012907158", "price": 88104.6, "amount": 0.031, "side": "buy", "timestamp": 1765756751849}, {"id": "3012907159", "price": 88104.8, "amount": 0.002, "side": "buy", "timestamp": 1765756751863}, {"id": "3012907160", "price": 88104.9, "amount": 0.004, "side": "buy", "timestamp": 1765756751863}, {"id": "3012907161", "price": 88105.0, "amount": 0.035, "side": "buy", "timestamp": 1765756751871}, {"id": "3012907162", "price": 88105.2, "amount": 0.006, "side": "buy", "timestamp": 1765756751910}, {"id": "3012907163", "price": 88105.3, "amount": 0.002, "side": "buy", "timestamp": 1765756751910}, {"id": "3012907164", "price": 88105.5, "amount": 0.022, "side": "buy", "timestamp": 1765756751910}, {"id": "3012907165", "price": 88105.6, "amount": 0.002, "side": "buy", "timestamp": 1765756751910}, {"id": "3012907166", "price": 88105.7, "amount": 0.006, "side": "buy", "timestamp": 1765756751910}, {"id": "3012907167", "price": 88106.0, "amount": 0.002, "side": "sell", "timestamp": 1765756751936}, {"id": "3012907168", "price": 88106.1, "amount": 0.002, "side": "buy", "timestamp": 1765756751938}, {"id": "3012907169", "price": 88106.2, "amount": 0.003, "side": "buy", "timestamp": 1765756751938}, {"id": "3012907170", "price": 88106.3, "amount": 0.003, "side": "buy", "timestamp": 1765756751938}, {"id": "3012907171", "price": 88106.8, "amount": 0.003, "side": "buy", "timestamp": 1765756751947}, {"id": "3012907172", "price": 88107.3, "amount": 0.003, "side": "buy", "timestamp": 1765756751947}, {"id": "3012907173", "price": 88107.6, "amount": 0.002, "side": "buy", "timestamp": 1765756751947}, {"id": "3012907174", "price": 88107.8, "amount": 0.003, "side": "buy", "timestamp": 1765756751947}, {"id": "3012907175", "price": 88108.0, "amount": 0.023, "side": "sell", "timestamp": 1765756751979}, {"id": "3012907176", "price": 88108.3, "amount": 0.021, "side": "buy", "timestamp": 1765756751983}, {"id": "3012907177", "price": 88108.2, "amount": 1.014, "side": "sell", "timestamp": 1765756752133}, {"id": "3012907178", "price": 88108.1, "amount": 0.013, "side": "sell", "timestamp": 1765756752136}, {"id": "3012907179", "price": 88107.6, "amount": 0.002, "side": "sell", "timestamp": 1765756752138}, {"id": "3012907180", "price": 88106.0, "amount": 0.36, "side": "sell", "timestamp": 1765756752142}, {"id": "3012907181", "price": 88105.9, "amount": 0.002, "side": "sell", "timestamp": 1765756752143}, {"id": "3012907182", "price": 88105.1, "amount": 0.003, "side": "sell", "timestamp": 1765756752146}, {"id": "3012907183", "price": 88104.8, "amount": 0.002, "side": "sell", "timestamp": 1765756752146}, {"id": "3012907184", "price": 88104.3, "amount": 0.003, "side": "sell", "timestamp": 1765756752150}, {"id": "3012907185", "price": 88104.2, "amount": 0.863, "side": "sell", "timestamp": 1765756752153}, {"id": "3012907186", "price": 88104.2, "amount": 0.002, "side": "sell", "timestamp": 1765756752311}, {"id": "3012907187", "price": 88104.3, "amount": 0.002, "side": "buy", "timestamp": 1765756752335}, {"id": "3012907188", "price": 88104.3, "amount": 0.105, "side": "buy", "timestamp": 1765756753014}, {"id": "3012907189", "price": 88104.3, "amount": 0.002, "side": "buy", "timestamp": 1765756753202}, {"id": "3012907190", "price": 88104.3, "amount": 0.019, "side": "buy", "timestamp": 1765756753387}, {"id": "3012907191", "price": 88104.2, "amount": 0.011, "side": "sell", "timestamp": 1765756753725}, {"id": "3012907192", "price": 88104.3, "amount": 0.142, "side": "buy", "timestamp": 1765756753953}, {"id": "3012907193", "price": 88104.3, "amount": 0.014, "side": "buy", "timestamp": 1765756754098}, {"id": "3012907194", "price": 88104.3, "amount": 0.015, "side": "buy", "timestamp": 1765756754273}, {"id": "3012907195", "price": 88104.3, "amount": 0.122, "side": "buy", "timestamp": 1765756754523}, {"id": "3012907196", "price": 88104.2, "amount": 0.076, "side": "sell", "timestamp": 1765756754857}