[{"id": "2999749679", "price": 89511.7, "amount": 0.004, "side": "buy", "timestamp": 1764999852603}, {"id": "2999749680", "price": 89511.6, "amount": 0.01, "side": "sell", "timestamp": 1764999853715}, {"id": "2999749681", "price": 89511.7, "amount": 0.001, "side": "buy", "timestamp": 1764999854145}, {"id": "2999749682", "price": 89511.6, "amount": 0.056, "side": "sell", "timestamp": 1764999854997}, {"id": "2999749683", "price": 89511.7, "amount": 0.002, "side": "buy", "timestamp": 1764999855043}, {"id": "2999749684", "price": 89511.6, "amount": 0.002, "side": "sell", "timestamp": 1764999855459}, {"id": "2999749685", "price": 89511.7, "amount": 0.001, "side": "buy", "timestamp": 1764999856125}, {"id": "2999749686", "price": 89511.7, "amount": 0.002, "side": "buy", "timestamp": 1764999857054}, {"id": "2999749687", "price": 89511.6, "amount": 0.017, "side": "sell", "timestamp": 1764999857995}, {"id": "2999749688", "price": 89511.7, "amount": 0.002, "side": "buy", "timestamp": 1764999858070}, {"id": "2999749689", "price": 89511.6, "amount": 0.002, "side": "sell", "timestamp": 1764999858469}, {"id": "2999749690", "price": 89511.7, "amount": 0.004, "side": "buy", "timestamp": 1764999858775}, {"id": "2999749691", "price": 89511.6, "amount": 0.037, "side": "sell", "timestamp": 1764999859115}, {"id": "2999749692", "price": 89511.7, "amount": 0.002, "side": "buy", "timestamp": 1764999859803}, {"id": "2999749693", "price": 89511.6, "amount": 0.001, "side": "sell", "timestamp": 1764999860010}, {"id": "2999749694", "price": 89511.6, "amount": 0.009, "side": "sell", "timestamp": 1764999860292}, {"id": "2999749695", "price": 89511.7, "amount": 0.011, "side": "buy", "timestamp": 1764999860738}, {"id": "2999749696", "price": 89511.7, "amount": 0.002, "side": "buy", "timestamp": 1764999861083}, {"id": "2999749697", "price": 89511.7, "amount": 0.219, "side": "buy", "timestamp": 1764999861201}, {"id": "2999749698", "price": 89511.6, "amount": 0.002, "side": "sell", "timestamp": 1764999861512}, {"id": "2999749699", "price": 89511.7, "amount": 0.028, "side": "buy", "timestamp": 1764999861669}, {"id": "2999749700", "price": 89511.7, "amount": 0.001, "side": "buy", "timestamp": 1764999862227}, {"id": "2999749701", "price": 89511.7, "amount": 0.012, "side": "buy", "timestamp": 1764999863128}, {"id": "2999749702", "price": 89511.7, "amount": 0.002, "side": "buy", "timestamp": 1764999864096}, {"id": "2999749703", "price": 89511.6, "amount": 0.002, "side": "sell", "timestamp": 1764999864533}, {"id": "2999749704", "price": 89511.6, "amount": 0.003, "side": "sell", "timestamp": 1764999866029}, {"id": "2999749705", "price": 89511.6, "amount": 0.45, "side": "sell", "timestamp": 1764999866384}, {"id": "2999749706", "price": 89511.6, "amount": 0.002, "side": "sell", "timestamp": 1764999866485}, {"id": "2999749707", "price": 89511.6, "amount": 0.005, "side": "sell", "timestamp": 1764999866694}, {"id": "2999749708", "price": 89511.7, "amount": 0.002, "side": "buy", "timestamp": 1764999867122}, {"id": "2999749709", "price": 89511.6, "amount": 0.131, "side": "sell", "timestamp": 1764999867136}, {"id": "2999749710", "price": 89511.6, "amount": 0.002, "side": "sell", "timestamp": 1764999867544}, {"id": "2999749711", "price": 89511.7, "amount": 0.032, "side": "buy", "timestamp": 1764999867631}, {"id": "2999749712", "price": 89511.6, "amount": 0.004, "side": "sell", "timestamp": 1764999869246}, {"id": "2999749713", "price": 89511.7, "amount": 0.002, "side": "buy", "timestamp": 1764999870025}, {"id": "2999749714", "price": 89511.7, "amount": 0.002, "side": "buy", "timestamp": 1764999870147}, {"id": "2999749715", "price": 89511.6, "amount": 0.002, "side": "sell", "timestamp": 1764999870166}, {"id": "2999749716", "price": 89511.6, "amount": 0.004, "side": "sell", "timestamp": 1764999870654}, {"id": "2999749717", "price": 89511.6, "amount": 0.037, "side": "sell", "timestamp": 1764999871768}, {"id": "2999749718", "price": 89511.7, "amount": 0.013, "side": "buy", "timestamp": 1764999872145}, {"id": "2999749719", "price": 89511.6, "amount": 0.017, "side": "sell", "timestamp": 1764999872949}, {"id": "2999749720", "price": 89511.7, "amount": 0.002, "side": "buy", "timestamp": 1764999873173}, {"id": "2999749721", "price": 89511.6, "amount": 0.019, "side": "sell", "timestamp": 1764999873326}, {"id": "2999749722", "price": 89511.7, "amount": 0.002, "side": "buy", "timestamp": 1764999873654}, {"id": "2999749723", "price": 89511.6, "amount": 0.002, "side": "sell", "timestamp": 1764999873670}, {"id": "2999749724", "price": 89511.6, "amount": 0.004, "side": "sell", "timestamp": 1764999873833}, {"id": "2999749725", "price": 89511.6, "amount": 0.01, "side": "sell", "timestamp": 1764999874220}, {"id": "2999749726", "price": 89511.7, "amount": 0.002, "side": "buy", "timestamp": 1764999876189}, {"id": "2999749727", "price": 89511.6, "amount": 0.002, "side": "sell", "timestamp": 1764999876690}, {"id": "2999749728", "price": 89511.6, "amount": 0.028, "side": "sell", "timestamp": 1764999878931}, {"id": "2999750092", "price": 89500.6, "amount": 0.002, "side": "sell", "timestamp": 1764999922806}, {"id": "2999750093", "price": 89500.6, "amount": 0.1, "side": "sell", "timestamp": 1764999924008}, {"id": "2999750094", "price": 89500.7, "amount": 0.002, "side": "buy", "timestamp": 1764999924133}, {"id": "2999750095", "price": 89500.6, "amount": 1.423, "side": "sell", "timestamp": 1764999924254}, {"id": "2999750096", "price": 89500.5, "amount": 0.014, "side": "sell", "timestamp": 1764999924254}, {"id": "2999750097", "price": 89500.4, "amount": 0.002, "side": "sell", "timestamp": 1764999924254}, {"id": "2999750098", "price": 89500.1, "amount": 0.567, "side": "sell", "timestamp": 1764999924254}, {"id": "2999750099", "price": 89500.0, "amount": 0.111, "side": "sell", "timestamp": 1764999924292}, {"id": "2999750100", "price": 89499.8, "amount": 0.003, "side": "sell", "timestamp": 1764999924292}, {"id": "2999750101", "price": 89499.6, "amount": 0.002, "side": "sell", "timestamp": 1764999924293}, {"id": "2999750102", "price": 89499.3, "amount": 0.011, "side": "sell", "timestamp": 1764999924294}, {"id": "2999750103", "price": 89498.8, "amount": 0.038, "side": "sell", "timestamp": 1764999924364}, {"id": "2999750104", "price": 89498.9, "amount": 0.027, "side": "buy", "timestamp": 1764999924404}, {"id": "2999750105", "price": 89498.8, "amount": 0.834, "side": "sell", "timestamp": 1764999924519}, {"id": "2999750106", "price": 89498.7, "amount": 0.006, "side": "sell", "timestamp": 1764999924522}, {"id": "2999750107", "price": 89498.6, "amount": 0.003, "side": "sell", "timestamp": 1764999924524}, {"id": "2999750108", "price": 89498.5, "amount": 0.017, "side": "sell", "timestamp": 1764999924524}, {"id": "2999750109", "price": 89498.1, "amount": 0.003, "side": "sell", "timestamp": 1764999924527}, {"id": "2999750110", "price": 89498.0, "amount": 0.014, "side": "sell", "timestamp": 1764999924530}, {"id": "2999750111", "price": 89497.8, "amount": 0.021, "side": "sell", "timestamp": 1764999924533}, {"id": "2999750112", "price": 89497.5, "amount": 0.017, "side": "sell", "timestamp": 1764999924536}, {"id": "2999750113", "price": 89497.3, "amount": 0.003, "side": "sell", "timestamp": 1764999924536}, {"id": "2999750114", "price": 89497.0, "amount": 0.029, "side": "sell", "timestamp": 1764999924540}, {"id": "2999750115", "price": 89496.9, "amount": 0.002, "side": "sell", "timestamp": 1764999924542}, {"id": "2999750116", "price": 89496.8, "amount": 0.003, "side": "sell", "timestamp": 1764999924542}, {"id": "2999750117", "price": 89496.7, "amount": 0.002, "side": "sell", "timestamp": 1764999924542}, {"id": "2999750118", "price": 89496.6, "amount": 0.004, "side": "sell", "timestamp": 1764999924542}, {"id": "2999750119", "price": 89496.4, "amount": 0.02, "side": "sell", "timestamp": 1764999924547}, {"id": "2999750120", "price": 89496.3, "amount": 0.003, "side": "sell", "timestamp": 1764999924549}, {"id": "2999750121", "price": 89496.0, "amount": 0.021, "side": "sell", "timestamp": 1764999924550}, {"id": "2999750122", "price": 89495.6, "amount": 0.003, "side": "sell", "timestamp": 1764999924553}, {"id": "2999750123", "price": 89495.5, "amount": 0.005, "side": "sell", "timestamp": 1764999924553}, {"id": "2999750124", "price": 89495.4, "amount": 0.02, "side": "sell", "timestamp": 1764999924569}, {"id": "2999750125", "price": 89495.3, "amount": 0.036, "side": "sell", "timestamp": 1764999924572}, {"id": "2999750126", "price": 89495.1, "amount": 0.036, "side": "sell", "timestamp": 1764999924578}, {"id": "2999750127", "price": 89495.1, "amount": 0.002, "side": "buy", "timestamp": 1764999924783}, {"id": "2999750128", "price": 89495.1, "amount": 0.002, "side": "buy", "timestamp": 1764999925028}, {"id": "2999750129", "price": 89495.0, "amount": 0.002, "side": "sell", "timestamp": 1764999925108}, {"id": "2999750130", "price": 89495.1, "amount": 0.002, "side": "buy", "timestamp": 1764999925859}, {"id": "2999750131", "price": 89495.0, "amount": 0.01, "side": "sell", "timestamp": 1764999925953}, {"id": "2999750132", "price": 89495.0, "amount": 0.114, "side": "sell", "timestamp": 1764999927371}, {"id": "2999750133", "price": 89495.0, "amount": 0.022, "side": "sell", "timestamp": 1764999927618}, {"id": "2999750134", "price": 89495.1, "amount": 0.002, "side": "buy", "timestamp": 1764999927719}, {"id": "2999750135", "price": 89495.1, "amount": 0.002, "side": "buy", "timestamp": 1764999927866}, {"id": "2999750136", "price": 89495.0, "amount": 0.281, "side": "sell", "timestamp": 1764999927892}, {"id": "2999750137", "price": 89495.0, "amount": 0.002, "side": "sell", "timestamp": 1764999928160}, {"id": "2999750138", "price": 89495.1, "amount": 0.011, "side": "buy", "timestamp": 1764999928912}, {"id": "2999750139", "price": 89495.1, "amount": 0.004, "side": "buy", "timestamp": 1764999929332}, {"id": "2999750140", "price": 89495.1, "amount": 0.002, "side": "buy", "timestamp": 1764999930295}, {"id": "2999750141", "price": 89495.0, "amount": 0.002, "side": "sell", "timestamp": 1764999930431}, {"id": "2999750433", "price": 89504.1, "amount": 0.002, "side": "buy", "timestamp": 1764999970256}, {"id": "2999750434", "price": 89504.0, "amount": 0.052, "side": "sell", "timestamp": 1764999970374}, {"id": "2999750435", "price": 89504.0, "amount": 0.002, "side": "sell", "timestamp": 1764999970498}, {"id": "2999750436", "price": 89504.1, "amount": 0.005, "side": "buy", "timestamp": 1764999970893}, {"id": "2999750437", "price": 89504.0, "amount": 0.028, "side": "sell", "timestamp": 1764999971164}, {"id": "2999750438", "price": 89504.0, "amount": 0.023, "side": "sell", "timestamp": 1764999971267}, {"id": "2999750439", "price": 89504.0, "amount": 0.156, "side": "sell", "timestamp": 1764999971944}, {"id": "2999750440", "price": 89504.1, "amount": 0.002, "side": "buy", "timestamp": 1764999973281}, {"id": "2999750441", "price": 89504.0, "amount": 0.273, "side": "sell", "timestamp": 1764999973515}, {"id": "2999750442", "price": 89504.1, "amount": 0.001, "side": "buy", "timestamp": 1764999974129}, {"id": "2999750443", "price": 89504.0, "amount": 0.01, "side": "sell", "timestamp": 1764999975759}, {"id": "2999750444", "price": 89504.1, "amount": 0.057, "side": "buy", "timestamp": 1764999976011}, {"id": "2999750445", "price": 89504.1, "amount": 0.002, "side": "buy", "timestamp": 1764999976296}, {"id": "2999750446", "price": 89504.0, "amount": 0.002, "side": "sell", "timestamp": 1764999976535}, {"id": "2999750447", "price": 89504.0, "amount": 0.003, "side": "sell", "timestamp": 1764999977402}, {"id": "2999750448", "price": 89504.1, "amount": 0.027, "side": "buy", "timestamp": 1764999977632}, {"id": "2999750449", "price": 89504.1, "amount": 0.002, "side": "buy", "timestamp": 1764999978134}, {"id": "2999750450", "price": 89504.1, "amount": 0.002, "side": "buy", "timestamp": 1764999978573}, {"id": "2999750451", "price": 89504.1, "amount": 0.002, "side": "buy", "timestamp": 1764999979313}, {"id": "2999750452", "price": 89504.0, "amount": 0.002, "side": "sell", "timestamp": 1764999979562}, {"id": "2999750453", "price": 89504.0, "amount": 0.006, "side": "sell", "timestamp": 1764999980237}, {"id": "2999750454", "price": 89504.1, "amount": 0.002, "side": "buy", "timestamp": 1764999980351}, {"id": "2999750455", "price": 89504.0, "amount": 0.002, "side": "sell", "timestamp": 1764999981127}, {"id": "2999750456", "price": 89504.0, "amount": 1.65, "side": "sell", "timestamp": 1764999981892}, {"id": "2999750457", "price": 89504.0, "amount": 0.249, "side": "sell", "timestamp": 1764999982300}, {"id": "2999750458", "price": 89504.1, "amount": 0.002, "side": "buy", "timestamp": 1764999982327}, {"id": "2999750459", "price": 89504.0, "amount": 0.289, "side": "sell", "timestamp": 1764999982357}, {"id": "2999750460", "price": 89503.9, "amount": 0.002, "side": "sell", "timestamp": 1764999982357}, {"id": "2999750461", "price": 89503.6, "amount": 0.002, "side": "sell", "timestamp": 1764999982357}, {"id": "2999750462", "price": 89502.3, "amount": 0.011, "side": "sell", "timestamp": 1764999982361}, {"id": "2999750463", "price": 89502.2, "amount": 0.004, "side": "sell", "timestamp": 1764999982361}, {"id": "2999750464", "price": 89502.0, "amount": 0.003, "side": "sell", "timestamp": 1764999982361}, {"id": "2999750465", "price": 89501.6, "amount": 0.003, "side": "sell", "timestamp": 1764999982368}, {"id": "2999750466", "price": 89501.2, "amount": 0.005, "side": "sell", "timestamp": 1764999982380}, {"id": "2999750467", "price": 89501.1, "amount": 0.003, "side": "sell", "timestamp": 1764999982380}, {"id": "2999750468", "price": 89500.9, "amount": 0.002, "side": "sell", "timestamp": 1764999982380}, {"id": "2999750469", "price": 89500.6, "amount": 0.003, "side": "sell", "timestamp": 1764999982380}, {"id": "2999750470", "price": 89500.5, "amount": 0.002, "side": "sell", "timestamp": 1764999982380}, {"id": "2999750471", "price": 89500.4, "amount": 0.002, "side": "sell", "timestamp": 1764999982380}, {"id": "2999750472", "price": 89500.1, "amount": 0.003, "side": "sell", "timestamp": 1764999982380}, {"id": "2999750473", "price": 89500.0, "amount": 0.042, "side": "sell", "timestamp": 1764999982391}, {"id": "2999750474", "price": 89499.6, "amount": 0.006, "side": "sell", "timestamp": 1764999982394}, {"id": "2999750475", "price": 89499.3, "amount": 0.003, "side": "sell", "timestamp": 1764999982394}, {"id": "2999750476", "price": 89499.1, "amount": 0.043, "side": "sell", "timestamp": 1764999982422}, {"id": "2999750477", "price": 89499.0, "amount": 0.002, "side": "sell", "timestamp": 1764999982478}, {"id": "2999750478", "price": 89498.8, "amount": 0.003, "side": "sell", "timestamp": 1764999982479}, {"id": "2999750479", "price": 89498.7, "amount": 0.002, "side": "sell", "timestamp": 1764999982479}, {"id": "2999750480", "price": 89498.6, "amount": 0.003, "side": "sell", "timestamp": 1764999982479}, {"id": "2999750481", "price": 89498.3, "amount": 0.002, "side": "sell", "timestamp": 1764999982479}, {"id": "2999750482", "price": 89498.1, "amount": 0.003, "side": "sell", "timestamp": 1764999982479}, {"id": "2999750615", "price": 89503.9, "amount": 0.006, "side": "buy", "timestamp": 1765000027707}, {"id": "2999750616", "price": 89504.1, "amount": 0.013, "side": "buy", "timestamp": 1765000027707}, {"id": "2999750617", "price": 89504.4, "amount": 0.003, "side": "buy", "timestamp": 1765000027725}, {"id": "2999750618", "price": 89504.4, "amount": 0.143, "side": "sell", "timestamp": 1765000027741}, {"id": "2999750619", "price": 89504.5, "amount": 0.009, "side": "buy", "timestamp": 1765000027799}, {"id": "2999750620", "price": 89504.6, "amount": 0.002, "side": "buy", "timestamp": 1765000027799}, {"id": "2999750621", "price": 89504.8, "amount": 0.005, "side": "buy", "timestamp": 1765000027799}, {"id": "2999750622", "price": 89505.0, "amount": 0.004, "side": "buy", "timestamp": 1765000027799}, {"id": "2999750623", "price": 89505.1, "amount": 0.006, "side": "buy", "timestamp": 1765000027799}, {"id": "2999750624", "price": 89505.3, "amount": 0.002, "side": "buy", "timestamp": 1765000027799}, {"id": "2999750625", "price": 89505.6, "amount": 0.003, "side": "buy", "timestamp": 1765000027799}, {"id": "2999750626", "price": 89505.7, "amount": 0.009, "side": "buy", "timestamp": 1765000027799}, {"id": "2999750627", "price": 89506.1, "amount": 0.003, "side": "buy", "timestamp": 1765000027799}, {"id": "2999750628", "price": 89506.2, "amount": 0.002, "side": "buy", "timestamp": 1765000027799}, {"id": "2999750629", "price": 89506.3, "amount": 0.008, "side": "buy", "timestamp": 1765000027799}, {"id": "2999750630", "price": 89506.4, "amount": 0.002, "side": "buy", "timestamp": 1765000027799}, {"id": "2999750631", "price": 89506.6, "amount": 0.019, "side": "buy", "timestamp": 1765000027802}, {"id": "2999750632", "price": 89506.8, "amount": 0.002, "side": "sell", "timestamp": 1765000027991}, {"id": "2999750633", "price": 89506.9, "amount": 1.117, "side": "buy", "timestamp": 1765000028230}, {"id": "2999750634", "price": 89507.0, "amount": 0.004, "side": "buy", "timestamp": 1765000028234}, {"id": "2999750635", "price": 89507.1, "amount": 0.003, "side": "buy", "timestamp": 1765000028234}, {"id": "2999750636", "price": 89507.5, "amount": 0.012, "side": "buy", "timestamp": 1765000028234}, {"id": "2999750637", "price": 89507.6, "amount": 0.003, "side": "buy", "timestamp": 1765000028234}, {"id": "2999750638", "price": 89507.7, "amount": 0.002, "side": "buy", "timestamp": 1765000028234}, {"id": "2999750639", "price": 89507.8, "amount": 0.059, "side": "sell", "timestamp": 1765000028584}, {"id": "2999750640", "price": 89507.8, "amount": 0.059, "side": "sell", "timestamp": 1765000028950}, {"id": "2999750641", "price": 89507.8, "amount": 0.059, "side": "sell", "timestamp": 1765000029187}, {"id": "2999750642", "price": 89507.8, "amount": 0.059, "side": "sell", "timestamp": 1765000029474}, {"id": "2999750643", "price": 89507.9, "amount": 0.002, "side": "buy", "timestamp": 1765000029849}, {"id": "2999750644", "price": 89507.9, "amount": 0.002, "side": "buy", "timestamp": 1765000030073}, {"id": "2999750645", "price": 89507.8, "amount": 0.033, "side": "sell", "timestamp": 1765000030229}, {"id": "2999750646", "price": 89507.8, "amount": 0.033, "side": "sell", "timestamp": 1765000030574}, {"id": "2999750647", "price": 89507.9, "amount": 0.002, "side": "buy", "timestamp": 1765000030858}, {"id": "2999750648", "price": 89507.8, "amount": 0.002, "side": "sell", "timestamp": 1765000031002}, {"id": "2999750649", "price": 89507.8, "amount": 0.002, "side": "sell", "timestamp": 1765000031668}, {"id": "2999750650", "price": 89507.8, "amount": 0.026, "side": "sell", "timestamp": 1765000032000}, {"id": "2999750651", "price": 89507.8, "amount": 0.026, "side": "sell", "timestamp": 1765000032674}, {"id": "2999750652", "price": 89507.8, "amount": 0.012, "side": "sell", "timestamp": 1765000033027}, {"id": "2999750653", "price": 89507.9, "amount": 0.124, "side": "buy", "timestamp": 1765000033114}, {"id": "2999750654", "price": 89507.9, "amount": 0.005, "side": "buy", "timestamp": 1765000033356}, {"id": "2999750655", "price": 89508.0, "amount": 0.002, "side": "buy", "timestamp": 1765000033358}, {"id": "2999750656", "price": 89508.1, "amount": 0.005, "side": "buy", "timestamp": 1765000033358}, {"id": "2999750657", "price": 89508.4, "amount": 0.014, "side": "buy", "timestamp": 1765000033358}, {"id": "2999750658", "price": 89508.6, "amount": 0.003, "side": "buy", "timestamp": 1765000033358}, {"id": "2999750659", "price": 89508.8, "amount": 0.008, "side": "buy", "timestamp": 1765000033363}, {"id": "2999750660", "price": 89509.1, "amount": 0.005, "side": "buy", "timestamp": 1765000033365}, {"id": "2999750661", "price": 89509.2, "amount": 0.004, "side": "buy", "timestamp": 1765000033365}, {"id": "2999750662", "price": 89509.2, "amount": 0.023, "side": "sell", "timestamp": 1765000033430}, {"id": "2999750663", "price": 89509.3, "amount": 0.002, "side": "buy", "timestamp": 1765000033886}, {"id": "2999750664", "price": 89509.2, "amount": 0.02, "side": "sell", "timestamp": 1765000034026}, {"id": "2999750943", "price": 89526.6, "amount": 0.005, "side": "buy", "timestamp": 1765000067732}, {"id": "2999750944", "price": 89526.6, "amount": 0.107, "side": "buy", "timestamp": 1765000068237}, {"id": "2999750945", "price": 89526.5, "amount": 0.032, "side": "sell", "timestamp": 1765000068722}, {"id": "2999750946", "price": 89526.5, "amount": 0.007, "side": "sell", "timestamp": 1765000070213}, {"id": "2999750947", "price": 89526.6, "amount": 0.002, "side": "buy", "timestamp": 1765000070291}, {"id": "2999750948", "price": 89526.5, "amount": 0.002, "side": "sell", "timestamp": 1765000070352}, {"id": "2999750949", "price": 89526.6, "amount": 0.002, "side": "buy", "timestamp": 1765000070402}, {"id": "2999750950", "price": 89526.5, "amount": 0.005, "side": "sell", "timestamp": 1765000071803}, {"id": "2999750951", "price": 89526.6, "amount": 0.002, "side": "buy", "timestamp": 1765000073304}, {"id": "2999750952", "price": 89526.5, "amount": 0.002, "side": "sell", "timestamp": 1765000073363}, {"id": "2999750953", "price": 89526.5, "amount": 0.002, "side": "sell", "timestamp": 1765000073467}, {"id": "2999750954", "price": 89526.6, "amount": 0.003, "side": "buy", "timestamp": 1765000073495}, {"id": "2999750955", "price": 89526.6, "amount": 1.755, "side": "buy", "timestamp": 1765000074964}, {"id": "2999750956", "price": 89526.6, "amount": 0.194, "side": "buy", "timestamp": 1765000075308}, {"id": "2999750957", "price": 89526.6, "amount": 0.039, "side": "buy", "timestamp": 1765000075638}, {"id": "2999750958", "price": 89526.5, "amount": 0.004, "side": "sell", "timestamp": 1765000075840}, {"id": "2999750959", "price": 89526.6, "amount": 0.015, "side": "buy", "timestamp": 1765000075917}, {"id": "2999750960", "price": 89526.6, "amount": 0.002, "side": "buy", "timestamp": 1765000076315}, {"id": "2999750961", "price": 89526.5, "amount": 0.002, "side": "sell", "timestamp": 1765000076372}, {"id": "2999750962", "price": 89526.6, "amount": 0.111, "side": "buy", "timestamp": 1765000076484}, {"id": "2999750963", "price": 89526.6, "amount": 0.052, "side": "buy", "timestamp": 1765000076749}, {"id": "2999750964", "price": 89526.7, "amount": 0.005, "side": "buy", "timestamp": 1765000076755}, {"id": "2999750965", "price": 89526.8, "amount": 0.004, "side": "buy", "timestamp": 1765000076755}, {"id": "2999750966", "price": 89527.0, "amount": 0.003, "side": "buy", "timestamp": 1765000076755}, {"id": "2999750967", "price": 89527.1, "amount": 0.007, "side": "buy", "timestamp": 1765000077274}, {"id": "2999750968", "price": 89527.0, "amount": 0.005, "side": "sell", "timestamp": 1765000078005}, {"id": "2999750969", "price": 89527.1, "amount": 0.017, "side": "buy", "timestamp": 1765000078069}, {"id": "2999750970", "price": 89527.1, "amount": 0.003, "side": "buy", "timestamp": 1765000079045}, {"id": "2999750971", "price": 89527.1, "amount": 0.002, "side": "buy", "timestamp": 1765000079330}, {"id": "2999750972", "price": 89527.0, "amount": 0.002, "side": "sell", "timestamp": 1765000079406}, {"id": "2999750973", "price": 89527.1, "amount": 0.008, "side": "buy", "timestamp": 1765000080271}, {"id": "2999750974", "price": 89527.0, "amount": 0.002, "side": "sell", "timestamp": 1765000080468}, {"id": "2999750975", "price": 89527.1, "amount": 0.005, "side": "buy", "timestamp": 1765000080961}, {"id": "2999750976", "price": 89527.0, "amount": 0.1, "side": "sell", "timestamp": 1765000081083}, {"id": "2999750977", "price": 89527.0, "amount": 0.053, "side": "sell", "timestamp": 1765000081189}, {"id": "2999750978", "price": 89527.1, "amount": 0.498, "side": "buy", "timestamp": 1765000081791}, {"id": "2999750979", "price": 89527.1, "amount": 0.002, "side": "buy", "timestamp": 1765000082344}, {"id": "2999750980", "price": 89527.0, "amount": 0.002, "side": "sell", "timestamp": 1765000082419}, {"id": "2999750981", "price": 89527.1, "amount": 0.046, "side": "buy", "timestamp": 1765000083577}, {"id": "2999750982", "price": 89527.1, "amount": 0.003, "side": "buy", "timestamp": 1765000084132}, {"id": "2999750983", "price": 89527.1, "amount": 0.002, "side": "buy", "timestamp": 1765000084493}, {"id": "2999750984", "price": 89527.1, "amount": 1.377, "side": "buy", "timestamp": 1765000084630}, {"id": "2999750985", "price": 89527.2, "amount": 0.112, "side": "buy", "timestamp": 1765000084630}, {"id": "2999750986", "price": 89527.3, "amount": 0.011, "side": "buy", "timestamp": 1765000084630}, {"id": "2999750987", "price": 89527.5, "amount": 0.016, "side": "buy", "timestamp": 1765000084630}, {"id": "2999750988", "price": 89527.6, "amount": 0.045, "side": "buy", "timestamp": 1765000084630}, {"id": "2999750989", "price": 89528.0, "amount": 0.004, "side": "buy", "timestamp": 1765000084630}, {"id": "2999750990", "price": 89528.4, "amount": 0.028, "side": "buy", "timestamp": 1765000084633}, {"id": "2999750991", "price": 89528.4, "amount": 0.002, "side": "buy", "timestamp": 1765000085373}, {"id": "2999750992", "price": 89528.3, "amount": 0.002, "side": "sell", "timestamp": 1765000085430}, {"id": "2999751255", "price": 89532.5, "amount": 0.019, "side": "buy", "timestamp": 1765000124178}, {"id": "2999751256", "price": 89532.9, "amount": 0.013, "side": "buy", "timestamp": 1765000124182}, {"id": "2999751257", "price": 89533.0, "amount": 0.002, "side": "buy", "timestamp": 1765000124182}, {"id": "2999751258", "price": 89533.3, "amount": 0.014, "side": "buy", "timestamp": 1765000124187}, {"id": "2999751259", "price": 89533.4, "amount": 0.023, "side": "buy", "timestamp": 1765000124189}, {"id": "2999751260", "price": 89533.5, "amount": 0.002, "side": "buy", "timestamp": 1765000124195}, {"id": "2999751261", "price": 89533.9, "amount": 0.003, "side": "buy", "timestamp": 1765000124195}, {"id": "2999751262", "price": 89534.3, "amount": 0.004, "side": "buy", "timestamp": 1765000124195}, {"id": "2999751263", "price": 89534.4, "amount": 0.003, "side": "buy", "timestamp": 1765000124195}, {"id": "2999751264", "price": 89534.6, "amount": 0.002, "side": "buy", "timestamp": 1765000124717}, {"id": "2999751265", "price": 89534.5, "amount": 0.002, "side": "sell", "timestamp": 1765000124752}, {"id": "2999751266", "price": 89534.6, "amount": 0.05, "side": "buy", "timestamp": 1765000124765}, {"id": "2999751267", "price": 89534.6, "amount": 0.009, "side": "buy", "timestamp": 1765000125009}, {"id": "2999751268", "price": 89534.7, "amount": 0.009, "side": "buy", "timestamp": 1765000125009}, {"id": "2999751269", "price": 89534.8, "amount": 0.002, "side": "buy", "timestamp": 1765000125009}, {"id": "2999751270", "price": 89535.0, "amount": 0.003, "side": "buy", "timestamp": 1765000125012}, {"id": "2999751271", "price": 89535.2, "amount": 0.002, "side": "buy", "timestamp": 1765000125012}, {"id": "2999751272", "price": 89535.4, "amount": 0.009, "side": "buy", "timestamp": 1765000125013}, {"id": "2999751273", "price": 89535.5, "amount": 0.003, "side": "buy", "timestamp": 1765000125013}, {"id": "2999751274", "price": 89535.6, "amount": 0.002, "side": "buy", "timestamp": 1765000125013}, {"id": "2999751275", "price": 89535.8, "amount": 0.1, "side": "sell", "timestamp": 1765000125017}, {"id": "2999751276", "price": 89535.9, "amount": 0.013, "side": "buy", "timestamp": 1765000125019}, {"id": "2999751277", "price": 89536.0, "amount": 0.016, "side": "sell", "timestamp": 1765000125226}, {"id": "2999751278", "price": 89536.0, "amount": 0.01, "side": "sell", "timestamp": 1765000125382}, {"id": "2999751279", "price": 89536.0, "amount": 0.111, "side": "sell", "timestamp": 1765000125492}, {"id": "2999751280", "price": 89536.1, "amount": 0.007, "side": "buy", "timestamp": 1765000125961}, {"id": "2999751281", "price": 89536.1, "amount": 0.009, "side": "buy", "timestamp": 1765000127278}, {"id": "2999751282", "price": 89536.1, "amount": 0.002, "side": "buy", "timestamp": 1765000127740}, {"id": "2999751283", "price": 89536.0, "amount": 0.002, "side": "sell", "timestamp": 1765000127779}, {"id": "2999751284", "price": 89536.1, "amount": 0.032, "side": "buy", "timestamp": 1765000127963}, {"id": "2999751285", "price": 89536.1, "amount": 0.01, "side": "buy", "timestamp": 1765000128065}, {"id": "2999751286", "price": 89536.1, "amount": 0.002, "side": "buy", "timestamp": 1765000128703}, {"id": "2999751287", "price": 89536.0, "amount": 0.002, "side": "sell", "timestamp": 1765000129997}, {"id": "2999751288", "price": 89536.1, "amount": 0.241, "side": "buy", "timestamp": 1765000130082}, {"id": "2999751289", "price": 89536.1, "amount": 0.006, "side": "buy", "timestamp": 1765000130557}, {"id": "2999751290", "price": 89536.1, "amount": 0.002, "side": "buy", "timestamp": 1765000130758}, {"id": "2999751291", "price": 89536.0, "amount": 0.002, "side": "sell", "timestamp": 1765000130789}, {"id": "2999751292", "price": 89536.1, "amount": 0.011, "side": "buy", "timestamp": 1765000130892}, {"id": "2999751293", "price": 89536.0, "amount": 0.115, "side": "sell", "timestamp": 1765000130957}, {"id": "2999751294", "price": 89536.0, "amount": 0.002, "side": "sell", "timestamp": 1765000132250}, {"id": "2999751295", "price": 89536.0, "amount": 0.05, "side": "sell", "timestamp": 1765000133014}, {"id": "2999751296", "price": 89536.1, "amount": 0.002, "side": "buy", "timestamp": 1765000133781}, {"id": "2999751297", "price": 89536.0, "amount": 0.002, "side": "sell", "timestamp": 1765000133802}, {"id": "2999751298", "price": 89536.1, "amount": 0.002, "side": "buy", "timestamp": 1765000134369}, {"id": "2999751299", "price": 89536.1, "amount": 0.003, "side": "buy", "timestamp": 1765000134754}, {"id": "2999751300", "price": 89536.0, "amount": 0.002, "side": "sell", "timestamp": 1765000135304}, {"id": "2999751301", "price": 89536.1, "amount": 0.025, "side": "buy", "timestamp": 1765000135444}, {"id": "2999751302", "price": 89536.1, "amount": 0.011, "side": "buy", "timestamp": 1765000135664}, {"id": "2999751303", "price": 89536.0, "amount": 0.002, "side": "sell", "timestamp": 1765000136139}, {"id": "2999751304", "price": 89536.1, "amount": 0.002, "side": "buy", "timestamp": 1765000136809}, {"id": "2999751569", "price": 89529.2, "amount": 0.002, "side": "buy", "timestamp": 1765000183650}, {"id": "2999751570", "price": 89529.3, "amount": 0.002, "side": "buy", "timestamp": 1765000183650}, {"id": "2999751571", "price": 89529.6, "amount": 0.003, "side": "buy", "timestamp": 1765000183650}, {"id": "2999751572", "price": 89530.0, "amount": 0.003, "side": "buy", "timestamp": 1765000183650}, {"id": "2999751573", "price": 89530.1, "amount": 0.003, "side": "buy", "timestamp": 1765000183650}, {"id": "2999751574", "price": 89530.5, "amount": 0.002, "side": "buy", "timestamp": 1765000183650}, {"id": "2999751575", "price": 89530.7, "amount": 0.003, "side": "buy", "timestamp": 1765000183651}, {"id": "2999751576", "price": 89530.8, "amount": 0.003, "side": "buy", "timestamp": 1765000183651}, {"id": "2999751577", "price": 89531.1, "amount": 0.002, "side": "buy", "timestamp": 1765000183651}, {"id": "2999751578", "price": 89531.2, "amount": 0.002, "side": "buy", "timestamp": 1765000183651}, {"id": "2999751579", "price": 89531.3, "amount": 0.003, "side": "buy", "timestamp": 1765000183651}, {"id": "2999751580", "price": 89531.4, "amount": 0.002, "side": "buy", "timestamp": 1765000183651}, {"id": "2999751581", "price": 89531.5, "amount": 0.003, "side": "buy", "timestamp": 1765000183651}, {"id": "2999751582", "price": 89531.8, "amount": 0.003, "side": "buy", "timestamp": 1765000183651}, {"id": "2999751583", "price": 89532.0, "amount": 0.004, "side": "buy", "timestamp": 1765000183652}, {"id": "2999751584", "price": 89532.1, "amount": 0.003, "side": "buy", "timestamp": 1765000183652}, {"id": "2999751585", "price": 89532.3, "amount": 0.002, "side": "buy", "timestamp": 1765000183652}, {"id": "2999751586", "price": 89532.4, "amount": 0.002, "side": "buy", "timestamp": 1765000183652}, {"id": "2999751587", "price": 89532.5, "amount": 0.049, "side": "buy", "timestamp": 1765000183652}, {"id": "2999751588", "price": 89532.6, "amount": 0.006, "side": "buy", "timestamp": 1765000183652}, {"id": "2999751589", "price": 89532.8, "amount": 0.002, "side": "buy", "timestamp": 1765000183652}, {"id": "2999751590", "price": 89533.1, "amount": 0.003, "side": "buy", "timestamp": 1765000183652}, {"id": "2999751591", "price": 89533.2, "amount": 0.003, "side": "buy", "timestamp": 1765000183652}, {"id": "2999751592", "price": 89533.3, "amount": 0.002, "side": "buy", "timestamp": 1765000183652}, {"id": "2999751593", "price": 89533.5, "amount": 0.002, "side": "buy", "timestamp": 1765000183652}, {"id": "2999751594", "price": 89533.6, "amount": 0.005, "side": "buy", "timestamp": 1765000183652}, {"id": "2999751595", "price": 89533.8, "amount": 0.003, "side": "buy", "timestamp": 1765000183652}, {"id": "2999751596", "price": 89534.0, "amount": 0.003, "side": "buy", "timestamp": 1765000183652}, {"id": "2999751597", "price": 89534.2, "amount": 0.035, "side": "buy", "timestamp": 1765000183653}, {"id": "2999751598", "price": 89534.3, "amount": 0.002, "side": "buy", "timestamp": 1765000183654}, {"id": "2999751599", "price": 89534.5, "amount": 0.003, "side": "buy", "timestamp": 1765000183654}, {"id": "2999751600", "price": 89534.6, "amount": 0.005, "side": "buy", "timestamp": 1765000183654}, {"id": "2999751601", "price": 89534.7, "amount": 0.005, "side": "buy", "timestamp": 1765000183654}, {"id": "2999751602", "price": 89535.0, "amount": 0.005, "side": "buy", "timestamp": 1765000183654}, {"id": "2999751603", "price": 89535.1, "amount": 0.003, "side": "buy", "timestamp": 1765000183654}, {"id": "2999751604", "price": 89535.2, "amount": 0.004, "side": "buy", "timestamp": 1765000183654}, {"id": "2999751605", "price": 89535.5, "amount": 0.07, "side": "buy", "timestamp": 1765000183654}, {"id": "2999751606", "price": 89535.6, "amount": 0.02, "side": "buy", "timestamp": 1765000183654}, {"id": "2999751607", "price": 89535.7, "amount": 0.008, "side": "buy", "timestamp": 1765000183654}, {"id": "2999751608", "price": 89535.9, "amount": 0.003, "side": "buy", "timestamp": 1765000183654}, {"id": "2999751609", "price": 89536.0, "amount": 0.005, "side": "buy", "timestamp": 1765000183664}, {"id": "2999751610", "price": 89536.1, "amount": 0.01, "side": "buy", "timestamp": 1765000183664}, {"id": "2999751611", "price": 89536.2, "amount": 0.013, "side": "buy", "timestamp": 1765000183664}, {"id": "2999751612", "price": 89536.5, "amount": 0.025, "side": "buy", "timestamp": 1765000183688}, {"id": "2999751613", "price": 89536.5, "amount": 0.04, "side": "buy", "timestamp": 1765000184829}, {"id": "2999751614", "price": 89536.4, "amount": 0.002, "side": "sell", "timestamp": 1765000185218}, {"id": "2999751615", "price": 89536.5, "amount": 0.002, "side": "buy", "timestamp": 1765000185264}, {"id": "2999751616", "price": 89536.4, "amount": 0.011, "side": "sell", "timestamp": 1765000185624}, {"id": "2999751617", "price": 89536.5, "amount": 0.019, "side": "buy", "timestamp": 1765000187682}, {"id": "2999751618", "price": 89536.5, "amount": 0.158, "side": "buy", "timestamp": 1765000187915}, {"id": "2999751858", "price": 89519.5, "amount": 0.003, "side": "sell", "timestamp": 1765000232278}, {"id": "2999751859", "price": 89519.3, "amount": 0.002, "side": "sell", "timestamp": 1765000232278}, {"id": "2999751860", "price": 89519.3, "amount": 0.061, "side": "buy", "timestamp": 1765000232328}, {"id": "2999751861", "price": 89519.3, "amount": 0.003, "side": "buy", "timestamp": 1765000232589}, {"id": "2999751862", "price": 89519.3, "amount": 0.018, "side": "buy", "timestamp": 1765000232805}, {"id": "2999751863", "price": 89519.3, "amount": 0.003, "side": "buy", "timestamp": 1765000232979}, {"id": "2999751864", "price": 89519.3, "amount": 0.01, "side": "buy", "timestamp": 1765000233247}, {"id": "2999751865", "price": 89519.3, "amount": 0.1, "side": "buy", "timestamp": 1765000233353}, {"id": "2999751866", "price": 89519.2, "amount": 0.002, "side": "sell", "timestamp": 1765000233701}, {"id": "2999751867", "price": 89519.3, "amount": 0.002, "side": "buy", "timestamp": 1765000233737}, {"id": "2999751868", "price": 89519.2, "amount": 0.004, "side": "sell", "timestamp": 1765000233838}, {"id": "2999751869", "price": 89519.3, "amount": 0.02, "side": "buy", "timestamp": 1765000234195}, {"id": "2999751870", "price": 89519.3, "amount": 0.05, "side": "buy", "timestamp": 1765000235460}, {"id": "2999751871", "price": 89519.2, "amount": 0.002, "side": "sell", "timestamp": 1765000236727}, {"id": "2999751872", "price": 89519.3, "amount": 0.002, "side": "buy", "timestamp": 1765000236750}, {"id": "2999751873", "price": 89519.2, "amount": 0.028, "side": "sell", "timestamp": 1765000236967}, {"id": "2999751874", "price": 89519.2, "amount": 0.023, "side": "sell", "timestamp": 1765000237229}, {"id": "2999751875", "price": 89519.1, "amount": 0.002, "side": "sell", "timestamp": 1765000237231}, {"id": "2999751876", "price": 89518.9, "amount": 0.003, "side": "sell", "timestamp": 1765000237231}, {"id": "2999751877", "price": 89518.5, "amount": 0.008, "side": "sell", "timestamp": 1765000238129}, {"id": "2999751878", "price": 89518.4, "amount": 0.002, "side": "sell", "timestamp": 1765000238132}, {"id": "2999751879", "price": 89518.3, "amount": 0.016, "side": "sell", "timestamp": 1765000238132}, {"id": "2999751880", "price": 89518.2, "amount": 0.003, "side": "sell", "timestamp": 1765000238132}, {"id": "2999751881", "price": 89518.0, "amount": 0.011, "side": "sell", "timestamp": 1765000238136}, {"id": "2999751882", "price": 89517.5, "amount": 0.006, "side": "sell", "timestamp": 1765000238139}, {"id": "2999751883", "price": 89517.4, "amount": 0.004, "side": "sell", "timestamp": 1765000238139}, {"id": "2999751884", "price": 89517.1, "amount": 0.003, "side": "sell", "timestamp": 1765000238139}, {"id": "2999751885", "price": 89517.0, "amount": 0.003, "side": "sell", "timestamp": 1765000238139}, {"id": "2999751886", "price": 89516.9, "amount": 0.003, "side": "sell", "timestamp": 1765000238139}, {"id": "2999751887", "price": 89516.7, "amount": 0.002, "side": "sell", "timestamp": 1765000238139}, {"id": "2999751888", "price": 89516.5, "amount": 0.002, "side": "sell", "timestamp": 1765000238139}, {"id": "2999751889", "price": 89516.4, "amount": 0.005, "side": "sell", "timestamp": 1765000238139}, {"id": "2999751890", "price": 89515.9, "amount": 0.004, "side": "sell", "timestamp": 1765000238142}, {"id": "2999751891", "price": 89515.8, "amount": 0.005, "side": "sell", "timestamp": 1765000238142}, {"id": "2999751892", "price": 89515.6, "amount": 0.002, "side": "sell", "timestamp": 1765000238142}, {"id": "2999751893", "price": 89515.3, "amount": 0.011, "side": "sell", "timestamp": 1765000238146}, {"id": "2999751894", "price": 89515.0, "amount": 0.065, "side": "sell", "timestamp": 1765000238527}, {"id": "2999751895", "price": 89514.9, "amount": 0.005, "side": "sell", "timestamp": 1765000238527}, {"id": "2999751896", "price": 89514.8, "amount": 0.003, "side": "sell", "timestamp": 1765000238527}, {"id": "2999751897", "price": 89514.4, "amount": 0.007, "side": "sell", "timestamp": 1765000238531}, {"id": "2999751898", "price": 89514.1, "amount": 0.003, "side": "sell", "timestamp": 1765000238531}, {"id": "2999751899", "price": 89514.0, "amount": 0.002, "side": "sell", "timestamp": 1765000238531}, {"id": "2999751900", "price": 89513.9, "amount": 0.002, "side": "sell", "timestamp": 1765000238531}, {"id": "2999751901", "price": 89513.8, "amount": 0.003, "side": "sell", "timestamp": 1765000238531}, {"id": "2999751902", "price": 89513.6, "amount": 0.002, "side": "sell", "timestamp": 1765000238531}, {"id": "2999751903", "price": 89513.4, "amount": 0.002, "side": "sell", "timestamp": 1765000238531}, {"id": "2999751904", "price": 89513.3, "amount": 0.052, "side": "sell", "timestamp": 1765000238985}, {"id": "2999751905", "price": 89513.3, "amount": 0.002, "side": "sell", "timestamp": 1765000239741}, {"id": "2999751906", "price": 89513.4, "amount": 0.002, "side": "buy", "timestamp": 1765000239772}, {"id": "2999751907", "price": 89513.4, "amount": 0.038, "side": "buy", "timestamp": 1765000240289}, {"id": "2999752319", "price": 89556.3, "amount": 0.007, "side": "buy", "timestamp": 1765000284665}, {"id": "2999752320", "price": 89556.4, "amount": 0.389, "side": "buy", "timestamp": 1765000284665}, {"id": "2999752321", "price": 89556.5, "amount": 0.002, "side": "buy", "timestamp": 1765000284665}, {"id": "2999752322", "price": 89556.6, "amount": 0.002, "side": "buy", "timestamp": 1765000284665}, {"id": "2999752323", "price": 89556.8, "amount": 0.016, "side": "buy", "timestamp": 1765000284665}, {"id": "2999752324", "price": 89556.9, "amount": 0.01, "side": "buy", "timestamp": 1765000284665}, {"id": "2999752325", "price": 89557.0, "amount": 0.077, "side": "buy", "timestamp": 1765000284665}, {"id": "2999752326", "price": 89557.3, "amount": 0.005, "side": "buy", "timestamp": 1765000284665}, {"id": "2999752327", "price": 89557.4, "amount": 0.005, "side": "buy", "timestamp": 1765000284665}, {"id": "2999752328", "price": 89557.5, "amount": 0.002, "side": "buy", "timestamp": 1765000284665}, {"id": "2999752329", "price": 89557.6, "amount": 0.01, "side": "buy", "timestamp": 1765000284665}, {"id": "2999752330", "price": 89557.7, "amount": 0.031, "side": "buy", "timestamp": 1765000284665}, {"id": "2999752331", "price": 89557.8, "amount": 0.003, "side": "buy", "timestamp": 1765000284665}, {"id": "2999752332", "price": 89557.9, "amount": 0.003, "side": "buy", "timestamp": 1765000284665}, {"id": "2999752333", "price": 89558.0, "amount": 0.072, "side": "buy", "timestamp": 1765000284665}, {"id": "2999752334", "price": 89558.1, "amount": 0.002, "side": "buy", "timestamp": 1765000284665}, {"id": "2999752335", "price": 89558.2, "amount": 0.003, "side": "buy", "timestamp": 1765000284665}, {"id": "2999752336", "price": 89558.3, "amount": 0.364, "side": "buy", "timestamp": 1765000284665}, {"id": "2999752337", "price": 89558.4, "amount": 0.608, "side": "buy", "timestamp": 1765000284665}, {"id": "2999752338", "price": 89558.5, "amount": 0.066, "side": "buy", "timestamp": 1765000284665}, {"id": "2999752339", "price": 89558.6, "amount": 0.729, "side": "buy", "timestamp": 1765000284665}, {"id": "2999752340", "price": 89558.7, "amount": 0.122, "side": "buy", "timestamp": 1765000284665}, {"id": "2999752341", "price": 89558.8, "amount": 0.647, "side": "buy", "timestamp": 1765000284665}, {"id": "2999752342", "price": 89558.2, "amount": 0.008, "side": "buy", "timestamp": 1765000284670}, {"id": "2999752343", "price": 89558.1, "amount": 0.002, "side": "sell", "timestamp": 1765000284709}, {"id": "2999752344", "price": 89558.1, "amount": 0.013, "side": "sell", "timestamp": 1765000285043}, {"id": "2999752345", "price": 89558.2, "amount": 0.002, "side": "buy", "timestamp": 1765000285168}, {"id": "2999752346", "price": 89558.2, "amount": 0.008, "side": "buy", "timestamp": 1765000285529}, {"id": "2999752347", "price": 89558.1, "amount": 0.082, "side": "sell", "timestamp": 1765000286031}, {"id": "2999752348", "price": 89558.2, "amount": 0.007, "side": "buy", "timestamp": 1765000286206}, {"id": "2999752349", "price": 89558.2, "amount": 0.004, "side": "buy", "timestamp": 1765000286326}, {"id": "2999752350", "price": 89558.2, "amount": 0.119, "side": "buy", "timestamp": 1765000287245}, {"id": "2999752351", "price": 89558.2, "amount": 0.022, "side": "buy", "timestamp": 1765000287632}, {"id": "2999752352", "price": 89558.1, "amount": 0.002, "side": "sell", "timestamp": 1765000288131}, {"id": "2999752353", "price": 89558.2, "amount": 0.002, "side": "buy", "timestamp": 1765000288181}, {"id": "2999752354", "price": 89558.2, "amount": 0.002, "side": "buy", "timestamp": 1765000289444}, {"id": "2999752355", "price": 89558.1, "amount": 0.055, "side": "sell", "timestamp": 1765000289466}, {"id": "2999752356", "price": 89558.1, "amount": 0.002, "side": "sell", "timestamp": 1765000289644}, {"id": "2999752357", "price": 89558.2, "amount": 0.007, "side": "buy", "timestamp": 1765000289919}, {"id": "2999752358", "price": 89558.1, "amount": 0.002, "side": "sell", "timestamp": 1765000290042}, {"id": "2999752359", "price": 89558.2, "amount": 0.234, "side": "buy", "timestamp": 1765000290085}, {"id": "2999752360", "price": 89558.2, "amount": 0.002, "side": "buy", "timestamp": 1765000290193}, {"id": "2999752361", "price": 89558.2, "amount": 0.002, "side": "buy", "timestamp": 1765000290337}, {"id": "2999752362", "price": 89558.1, "amount": 0.002, "side": "sell", "timestamp": 1765000290491}, {"id": "2999752363", "price": 89558.2, "amount": 0.036, "side": "buy", "timestamp": 1765000290622}, {"id": "2999752364", "price": 89558.1, "amount": 0.002, "side": "sell", "timestamp": 1765000291143}, {"id": "2999752365", "price": 89558.2, "amount": 0.002, "side": "buy", "timestamp": 1765000291204}, {"id": "2999752366", "price": 89558.1, "amount": 0.015, "side": "sell", "timestamp": 1765000291208}, {"id": "2999752367", "price": 89558.2, "amount": 0.002, "side": "buy", "timestamp": 1765000291497}, {"id": "2999752368", "price": 89558.2, "amount": 0.03, "side": "buy", "timestamp": 1765000291871}, {"id": "2999752563", "price": 89540.0, "amount": 0.005, "side": "sell", "timestamp": 1765000331312}, {"id": "2999752564", "price": 89540.1, "amount": 0.011, "side": "buy", "timestamp": 1765000332266}, {"id": "2999752565", "price": 89540.0, "amount": 0.019, "side": "sell", "timestamp": 1765000332405}, {"id": "2999752566", "price": 89540.0, "amount": 0.02, "side": "sell", "timestamp": 1765000332661}, {"id": "2999752567", "price": 89540.0, "amount": 0.021, "side": "sell", "timestamp": 1765000333111}, {"id": "2999752568", "price": 89540.0, "amount": 0.002, "side": "sell", "timestamp": 1765000333433}, {"id": "2999752569", "price": 89540.1, "amount": 0.002, "side": "buy", "timestamp": 1765000333455}, {"id": "2999752570", "price": 89540.1, "amount": 0.035, "side": "buy", "timestamp": 1765000334143}, {"id": "2999752571", "price": 89540.1, "amount": 0.001, "side": "buy", "timestamp": 1765000336141}, {"id": "2999752572", "price": 89540.0, "amount": 0.002, "side": "sell", "timestamp": 1765000336444}, {"id": "2999752573", "price": 89540.1, "amount": 0.002, "side": "buy", "timestamp": 1765000336472}, {"id": "2999752574", "price": 89540.0, "amount": 0.096, "side": "sell", "timestamp": 1765000337736}, {"id": "2999752575", "price": 89539.9, "amount": 0.002, "side": "sell", "timestamp": 1765000337736}, {"id": "2999752576", "price": 89539.7, "amount": 0.003, "side": "sell", "timestamp": 1765000337743}, {"id": "2999752577", "price": 89539.6, "amount": 0.003, "side": "sell", "timestamp": 1765000337743}, {"id": "2999752578", "price": 89539.2, "amount": 0.003, "side": "sell", "timestamp": 1765000337743}, {"id": "2999752579", "price": 89539.1, "amount": 0.003, "side": "sell", "timestamp": 1765000337743}, {"id": "2999752580", "price": 89538.9, "amount": 0.002, "side": "sell", "timestamp": 1765000337743}, {"id": "2999752581", "price": 89538.6, "amount": 0.006, "side": "sell", "timestamp": 1765000337743}, {"id": "2999752582", "price": 89538.1, "amount": 0.003, "side": "sell", "timestamp": 1765000337746}, {"id": "2999752583", "price": 89538.0, "amount": 0.084, "side": "sell", "timestamp": 1765000337749}, {"id": "2999752584", "price": 89537.9, "amount": 0.042, "side": "sell", "timestamp": 1765000337755}, {"id": "2999752585", "price": 89537.8, "amount": 0.041, "side": "sell", "timestamp": 1765000337818}, {"id": "2999752586", "price": 89537.5, "amount": 0.003, "side": "sell", "timestamp": 1765000337821}, {"id": "2999752587", "price": 89537.4, "amount": 0.002, "side": "sell", "timestamp": 1765000337821}, {"id": "2999752588", "price": 89537.1, "amount": 0.004, "side": "sell", "timestamp": 1765000337821}, {"id": "2999752589", "price": 89537.0, "amount": 0.005, "side": "sell", "timestamp": 1765000337821}, {"id": "2999752590", "price": 89536.9, "amount": 0.003, "side": "sell", "timestamp": 1765000337821}, {"id": "2999752591", "price": 89536.5, "amount": 0.003, "side": "sell", "timestamp": 1765000337821}, {"id": "2999752592", "price": 89536.2, "amount": 0.002, "side": "sell", "timestamp": 1765000337821}, {"id": "2999752593", "price": 89536.1, "amount": 0.041, "side": "sell", "timestamp": 1765000337826}, {"id": "2999752594", "price": 89536.0, "amount": 0.005, "side": "sell", "timestamp": 1765000337828}, {"id": "2999752595", "price": 89535.9, "amount": 0.003, "side": "sell", "timestamp": 1765000337828}, {"id": "2999752596", "price": 89535.6, "amount": 0.004, "side": "sell", "timestamp": 1765000337828}, {"id": "2999752597", "price": 89535.4, "amount": 0.003, "side": "sell", "timestamp": 1765000337828}, {"id": "2999752598", "price": 89535.3, "amount": 0.002, "side": "sell", "timestamp": 1765000337828}, {"id": "2999752599", "price": 89535.1, "amount": 0.013, "side": "sell", "timestamp": 1765000337828}, {"id": "2999752600", "price": 89535.0, "amount": 0.204, "side": "sell", "timestamp": 1765000337892}, {"id": "2999752601", "price": 89535.1, "amount": 0.002, "side": "buy", "timestamp": 1765000338140}, {"id": "2999752602", "price": 89535.1, "amount": 0.033, "side": "buy", "timestamp": 1765000338940}, {"id": "2999752603", "price": 89535.0, "amount": 0.017, "side": "sell", "timestamp": 1765000339103}, {"id": "2999752604", "price": 89535.0, "amount": 0.02, "side": "sell", "timestamp": 1765000339207}, {"id": "2999752605", "price": 89535.0, "amount": 0.002, "side": "sell", "timestamp": 1765000339459}, {"id": "2999752606", "price": 89535.1, "amount": 0.002, "side": "buy", "timestamp": 1765000339484}, {"id": "2999752607", "price": 89535.1, "amount": 0.002, "side": "buy", "timestamp": 1765000339933}, {"id": "2999752608", "price": 89535.0, "amount": 0.098, "side": "sell", "timestamp": 1765000341555}, {"id": "2999752609", "price": 89535.0, "amount": 0.004, "side": "sell", "timestamp": 1765000341888}, {"id": "2999752610", "price": 89535.0, "amount": 0.002, "side": "sell", "timestamp": 1765000342484}, {"id": "2999752611", "price": 89535.1, "amount": 0.006, "side": "buy", "timestamp": 1765000342506}, {"id": "2999752612", "price": 89535.0, "amount": 0.126, "side": "sell", "timestamp": 1765000343455}, {"id": "2999753008", "price": 89561.7, "amount": 0.004, "side": "sell", "timestamp": 1765000387586}, {"id": "2999753009", "price": 89561.6, "amount": 0.005, "side": "sell", "timestamp": 1765000387586}, {"id": "2999753010", "price": 89561.2, "amount": 0.002, "side": "sell", "timestamp": 1765000387586}, {"id": "2999753011", "price": 89561.1, "amount": 0.006, "side": "sell", "timestamp": 1765000387586}, {"id": "2999753012", "price": 89560.9, "amount": 0.123, "side": "buy", "timestamp": 1765000387600}, {"id": "2999753013", "price": 89560.8, "amount": 0.058, "side": "sell", "timestamp": 1765000387607}, {"id": "2999753014", "price": 89560.7, "amount": 0.002, "side": "sell", "timestamp": 1765000387619}, {"id": "2999753015", "price": 89560.6, "amount": 0.003, "side": "sell", "timestamp": 1765000387619}, {"id": "2999753016", "price": 89560.3, "amount": 0.004, "side": "sell", "timestamp": 1765000387621}, {"id": "2999753017", "price": 89560.0, "amount": 0.003, "side": "sell", "timestamp": 1765000387621}, {"id": "2999753018", "price": 89559.5, "amount": 0.019, "side": "sell", "timestamp": 1765000387629}, {"id": "2999753019", "price": 89559.4, "amount": 0.002, "side": "sell", "timestamp": 1765000387635}, {"id": "2999753020", "price": 89559.1, "amount": 0.003, "side": "sell", "timestamp": 1765000387635}, {"id": "2999753021", "price": 89559.0, "amount": 0.006, "side": "sell", "timestamp": 1765000387635}, {"id": "2999753022", "price": 89558.9, "amount": 0.019, "side": "sell", "timestamp": 1765000387654}, {"id": "2999753023", "price": 89558.8, "amount": 0.002, "side": "sell", "timestamp": 1765000387654}, {"id": "2999753024", "price": 89558.5, "amount": 0.001, "side": "sell", "timestamp": 1765000387655}, {"id": "2999753025", "price": 89558.4, "amount": 0.003, "side": "sell", "timestamp": 1765000387658}, {"id": "2999753026", "price": 89558.1, "amount": 0.002, "side": "sell", "timestamp": 1765000387658}, {"id": "2999753027", "price": 89557.6, "amount": 0.006, "side": "sell", "timestamp": 1765000387658}, {"id": "2999753028", "price": 89557.5, "amount": 0.003, "side": "sell", "timestamp": 1765000387658}, {"id": "2999753029", "price": 89557.0, "amount": 0.003, "side": "sell", "timestamp": 1765000387658}, {"id": "2999753030", "price": 89556.9, "amount": 0.003, "side": "sell", "timestamp": 1765000387658}, {"id": "2999753031", "price": 89556.6, "amount": 0.003, "side": "sell", "timestamp": 1765000387662}, {"id": "2999753032", "price": 89556.4, "amount": 0.003, "side": "sell", "timestamp": 1765000387666}, {"id": "2999753033", "price": 89556.3, "amount": 0.002, "side": "sell", "timestamp": 1765000387666}, {"id": "2999753034", "price": 89556.2, "amount": 0.003, "side": "sell", "timestamp": 1765000387666}, {"id": "2999753035", "price": 89555.9, "amount": 0.003, "side": "sell", "timestamp": 1765000387666}, {"id": "2999753036", "price": 89555.8, "amount": 0.002, "side": "sell", "timestamp": 1765000387666}, {"id": "2999753037", "price": 89555.5, "amount": 0.019, "side": "sell", "timestamp": 1765000387671}, {"id": "2999753038", "price": 89555.4, "amount": 0.009, "side": "sell", "timestamp": 1765000387674}, {"id": "2999753039", "price": 89554.9, "amount": 0.007, "side": "sell", "timestamp": 1765000387674}, {"id": "2999753040", "price": 89554.6, "amount": 0.002, "side": "sell", "timestamp": 1765000387757}, {"id": "2999753041", "price": 89554.7, "amount": 0.002, "side": "buy", "timestamp": 1765000388087}, {"id": "2999753042", "price": 89554.6, "amount": 0.002, "side": "sell", "timestamp": 1765000388104}, {"id": "2999753043", "price": 89554.7, "amount": 0.029, "side": "buy", "timestamp": 1765000388646}, {"id": "2999753044", "price": 89554.7, "amount": 0.04, "side": "buy", "timestamp": 1765000389089}, {"id": "2999753045", "price": 89554.6, "amount": 0.002, "side": "sell", "timestamp": 1765000389886}, {"id": "2999753046", "price": 89554.6, "amount": 0.37, "side": "sell", "timestamp": 1765000390568}, {"id": "2999753047", "price": 89554.6, "amount": 0.099, "side": "sell", "timestamp": 1765000390948}, {"id": "2999753048", "price": 89554.7, "amount": 0.1, "side": "buy", "timestamp": 1765000390957}, {"id": "2999753049", "price": 89554.6, "amount": 0.002, "side": "sell", "timestamp": 1765000391118}, {"id": "2999753050", "price": 89554.7, "amount": 0.002, "side": "buy", "timestamp": 1765000391176}, {"id": "2999753051", "price": 89554.7, "amount": 0.003, "side": "buy", "timestamp": 1765000391504}, {"id": "2999753052", "price": 89554.6, "amount": 0.042, "side": "sell", "timestamp": 1765000392349}, {"id": "2999753053", "price": 89554.6, "amount": 0.093, "side": "sell", "timestamp": 1765000392890}, {"id": "2999753054", "price": 89554.7, "amount": 0.005, "side": "buy", "timestamp": 1765000393817}, {"id": "2999753055", "price": 89554.6, "amount": 0.002, "side": "sell", "timestamp": 1765000394144}, {"id": "2999753056", "price": 89554.7, "amount": 0.002, "side": "buy", "timestamp": 1765000394188}, {"id": "2999753057", "price": 89554.7, "amount": 0.004, "side": "buy", "timestamp": 1765000394350}, {"id": "2999753287", "price": 89558.0, "amount": 0.006, "side": "sell", "timestamp": 1765000445428}, {"id": "2999753288", "price": 89557.6, "amount": 0.002, "side": "sell", "timestamp": 1765000445428}, {"id": "2999753289", "price": 89557.4, "amount": 0.002, "side": "sell", "timestamp": 1765000445428}, {"id": "2999753290", "price": 89557.3, "amount": 0.006, "side": "sell", "timestamp": 1765000445428}, {"id": "2999753291", "price": 89557.1, "amount": 0.002, "side": "sell", "timestamp": 1765000445428}, {"id": "2999753292", "price": 89556.9, "amount": 0.003, "side": "sell", "timestamp": 1765000445428}, {"id": "2999753293", "price": 89556.7, "amount": 0.002, "side": "sell", "timestamp": 1765000445428}, {"id": "2999753294", "price": 89556.4, "amount": 0.009, "side": "sell", "timestamp": 1765000445428}, {"id": "2999753295", "price": 89556.3, "amount": 0.002, "side": "sell", "timestamp": 1765000445428}, {"id": "2999753296", "price": 89556.2, "amount": 0.002, "side": "sell", "timestamp": 1765000445428}, {"id": "2999753297", "price": 89556.0, "amount": 0.002, "side": "sell", "timestamp": 1765000445428}, {"id": "2999753298", "price": 89555.9, "amount": 0.003, "side": "sell", "timestamp": 1765000445428}, {"id": "2999753299", "price": 89555.6, "amount": 0.006, "side": "sell", "timestamp": 1765000445428}, {"id": "2999753300", "price": 89555.5, "amount": 0.014, "side": "sell", "timestamp": 1765000445428}, {"id": "2999753301", "price": 89555.4, "amount": 0.142, "side": "sell", "timestamp": 1765000445428}, {"id": "2999753302", "price": 89555.3, "amount": 0.002, "side": "sell", "timestamp": 1765000445428}, {"id": "2999753303", "price": 89555.2, "amount": 0.004, "side": "sell", "timestamp": 1765000445434}, {"id": "2999753304", "price": 89555.1, "amount": 0.008, "side": "sell", "timestamp": 1765000445434}, {"id": "2999753305", "price": 89555.0, "amount": 0.015, "side": "sell", "timestamp": 1765000445442}, {"id": "2999753306", "price": 89554.9, "amount": 0.011, "side": "sell", "timestamp": 1765000445452}, {"id": "2999753307", "price": 89554.7, "amount": 0.013, "side": "sell", "timestamp": 1765000445460}, {"id": "2999753308", "price": 89554.6, "amount": 0.003, "side": "sell", "timestamp": 1765000445460}, {"id": "2999753309", "price": 89554.4, "amount": 0.003, "side": "sell", "timestamp": 1765000445460}, {"id": "2999753310", "price": 89554.3, "amount": 0.006, "side": "sell", "timestamp": 1765000445463}, {"id": "2999753311", "price": 89554.1, "amount": 0.014, "side": "sell", "timestamp": 1765000445463}, {"id": "2999753312", "price": 89554.0, "amount": 0.002, "side": "sell", "timestamp": 1765000445463}, {"id": "2999753313", "price": 89553.9, "amount": 0.003, "side": "sell", "timestamp": 1765000445463}, {"id": "2999753314", "price": 89553.8, "amount": 0.003, "side": "sell", "timestamp": 1765000445463}, {"id": "2999753315", "price": 89553.6, "amount": 0.002, "side": "sell", "timestamp": 1765000445463}, {"id": "2999753316", "price": 89553.4, "amount": 0.002, "side": "sell", "timestamp": 1765000445463}, {"id": "2999753317", "price": 89553.2, "amount": 0.007, "side": "sell", "timestamp": 1765000445463}, {"id": "2999753318", "price": 89553.1, "amount": 0.004, "side": "sell", "timestamp": 1765000445463}, {"id": "2999753319", "price": 89552.8, "amount": 0.036, "side": "sell", "timestamp": 1765000445463}, {"id": "2999753320", "price": 89552.7, "amount": 0.003, "side": "sell", "timestamp": 1765000445463}, {"id": "2999753321", "price": 89552.2, "amount": 0.006, "side": "sell", "timestamp": 1765000445463}, {"id": "2999753322", "price": 89552.0, "amount": 0.008, "side": "sell", "timestamp": 1765000445463}, {"id": "2999753323", "price": 89551.9, "amount": 0.033, "side": "sell", "timestamp": 1765000445463}, {"id": "2999753324", "price": 89551.4, "amount": 0.004, "side": "sell", "timestamp": 1765000445463}, {"id": "2999753325", "price": 89551.2, "amount": 0.008, "side": "sell", "timestamp": 1765000445463}, {"id": "2999753326", "price": 89550.9, "amount": 0.008, "side": "sell", "timestamp": 1765000445463}, {"id": "2999753327", "price": 89550.7, "amount": 0.005, "side": "sell", "timestamp": 1765000445463}, {"id": "2999753328", "price": 89550.5, "amount": 0.004, "side": "sell", "timestamp": 1765000445463}, {"id": "2999753329", "price": 89550.4, "amount": 0.005, "side": "sell", "timestamp": 1765000445463}, {"id": "2999753330", "price": 89550.2, "amount": 0.007, "side": "sell", "timestamp": 1765000445463}, {"id": "2999753331", "price": 89550.0, "amount": 0.002, "side": "sell", "timestamp": 1765000445584}, {"id": "2999753332", "price": 89550.1, "amount": 0.002, "side": "buy", "timestamp": 1765000445621}, {"id": "2999753333", "price": 89550.1, "amount": 0.005, "side": "buy", "timestamp": 1765000445892}, {"id": "2999753334", "price": 89550.1, "amount": 0.142, "side": "buy", "timestamp": 1765000446146}, {"id": "2999753335", "price": 89550.2, "amount": 0.002, "side": "buy", "timestamp": 1765000446243}, {"id": "2999753336", "price": 89551.2, "amount": 0.003, "side": "buy", "timestamp": 1765000446243}, {"id": "2999753524", "price": 89561.2, "amount": 0.004, "side": "sell", "timestamp": 1765000479374}, {"id": "2999753525", "price": 89561.1, "amount": 0.005, "side": "sell", "timestamp": 1765000479374}, {"id": "2999753526", "price": 89561.0, "amount": 0.32, "side": "sell", "timestamp": 1765000479374}, {"id": "2999753527", "price": 89561.1, "amount": 0.004, "side": "buy", "timestamp": 1765000479805}, {"id": "2999753528", "price": 89561.1, "amount": 0.011, "side": "buy", "timestamp": 1765000480892}, {"id": "2999753529", "price": 89561.0, "amount": 0.01, "side": "sell", "timestamp": 1765000481054}, {"id": "2999753530", "price": 89561.1, "amount": 0.022, "side": "buy", "timestamp": 1765000481220}, {"id": "2999753531", "price": 89561.0, "amount": 0.002, "side": "sell", "timestamp": 1765000481852}, {"id": "2999753532", "price": 89561.1, "amount": 0.002, "side": "buy", "timestamp": 1765000482090}, {"id": "2999753533", "price": 89561.0, "amount": 0.002, "side": "sell", "timestamp": 1765000482482}, {"id": "2999753534", "price": 89561.1, "amount": 0.002, "side": "buy", "timestamp": 1765000483567}, {"id": "2999753535", "price": 89561.1, "amount": 0.002, "side": "buy", "timestamp": 1765000483938}, {"id": "2999753536", "price": 89561.0, "amount": 0.015, "side": "sell", "timestamp": 1765000483997}, {"id": "2999753537", "price": 89561.1, "amount": 0.001, "side": "buy", "timestamp": 1765000484154}, {"id": "2999753538", "price": 89561.0, "amount": 0.008, "side": "sell", "timestamp": 1765000484378}, {"id": "2999753539", "price": 89561.0, "amount": 0.006, "side": "sell", "timestamp": 1765000484685}, {"id": "2999753540", "price": 89561.0, "amount": 0.002, "side": "sell", "timestamp": 1765000484874}, {"id": "2999753541", "price": 89561.1, "amount": 0.002, "side": "buy", "timestamp": 1765000485117}, {"id": "2999753542", "price": 89561.1, "amount": 0.005, "side": "buy", "timestamp": 1765000486992}, {"id": "2999753543", "price": 89561.1, "amount": 0.004, "side": "buy", "timestamp": 1765000487447}, {"id": "2999753544", "price": 89561.1, "amount": 0.025, "side": "buy", "timestamp": 1765000487572}, {"id": "2999753545", "price": 89561.0, "amount": 0.002, "side": "sell", "timestamp": 1765000487894}, {"id": "2999753546", "price": 89561.1, "amount": 0.043, "side": "buy", "timestamp": 1765000487975}, {"id": "2999753547", "price": 89561.1, "amount": 0.202, "side": "buy", "timestamp": 1765000488104}, {"id": "2999753548", "price": 89561.1, "amount": 0.002, "side": "buy", "timestamp": 1765000489467}, {"id": "2999753549", "price": 89561.0, "amount": 0.002, "side": "sell", "timestamp": 1765000490917}, {"id": "2999753550", "price": 89561.1, "amount": 0.002, "side": "buy", "timestamp": 1765000491156}, {"id": "2999753551", "price": 89561.0, "amount": 0.034, "side": "sell", "timestamp": 1765000493476}, {"id": "2999753552", "price": 89561.0, "amount": 0.002, "side": "sell", "timestamp": 1765000493940}, {"id": "2999753553", "price": 89561.1, "amount": 0.002, "side": "buy", "timestamp": 1765000494185}, {"id": "2999753554", "price": 89561.0, "amount": 0.051, "side": "sell", "timestamp": 1765000496872}, {"id": "2999753555", "price": 89561.0, "amount": 0.002, "side": "sell", "timestamp": 1765000497209}, {"id": "2999753556", "price": 89561.1, "amount": 0.002, "side": "buy", "timestamp": 1765000497211}, {"id": "2999753557", "price": 89561.1, "amount": 0.003, "side": "buy", "timestamp": 1765000497383}, {"id": "2999753558", "price": 89561.1, "amount": 0.153, "side": "buy", "timestamp": 1765000498511}, {"id": "2999753559", "price": 89561.2, "amount": 0.006, "side": "buy", "timestamp": 1765000498514}, {"id": "2999753560", "price": 89561.4, "amount": 0.002, "side": "buy", "timestamp": 1765000498514}, {"id": "2999753561", "price": 89561.7, "amount": 0.018, "side": "buy", "timestamp": 1765000498519}, {"id": "2999753562", "price": 89562.1, "amount": 0.006, "side": "buy", "timestamp": 1765000498522}, {"id": "2999753563", "price": 89562.2, "amount": 0.006, "side": "buy", "timestamp": 1765000498522}, {"id": "2999753564", "price": 89562.6, "amount": 0.006, "side": "buy", "timestamp": 1765000498525}, {"id": "2999753565", "price": 89562.9, "amount": 0.036, "side": "buy", "timestamp": 1765000498529}, {"id": "2999753566", "price": 89563.1, "amount": 0.006, "side": "buy", "timestamp": 1765000498532}, {"id": "2999753567", "price": 89563.6, "amount": 0.003, "side": "buy", "timestamp": 1765000498532}, {"id": "2999753568", "price": 89563.9, "amount": 0.003, "side": "buy", "timestamp": 1765000498532}, {"id": "2999753569", "price": 89564.1, "amount": 0.002, "side": "buy", "timestamp": 1765000498532}, {"id": "2999753570", "price": 89564.2, "amount": 0.002, "side": "buy", "timestamp": 1765000498532}, {"id": "2999753571", "price": 89564.5, "amount": 0.003, "side": "buy", "timestamp": 1765000498532}, {"id": "2999753572", "price": 89565.0, "amount": 0.014, "side": "buy", "timestamp": 1765000498535}, {"id": "2999753573", "price": 89565.1, "amount": 0.021, "side": "buy", "timestamp": 1765000498538}, {"id": "2999754000", "price": 89587.2, "amount": 0.049, "side": "buy", "timestamp": 1765000544530}, {"id": "2999754001", "price": 89587.3, "amount": 0.002, "side": "buy", "timestamp": 1765000544530}, {"id": "2999754002", "price": 89587.4, "amount": 0.005, "side": "buy", "timestamp": 1765000544530}, {"id": "2999754003", "price": 89587.5, "amount": 0.003, "side": "buy", "timestamp": 1765000544530}, {"id": "2999754004", "price": 89587.9, "amount": 0.008, "side": "buy", "timestamp": 1765000544530}, {"id": "2999754005", "price": 89588.1, "amount": 0.003, "side": "buy", "timestamp": 1765000544530}, {"id": "2999754006", "price": 89588.3, "amount": 0.003, "side": "buy", "timestamp": 1765000544530}, {"id": "2999754007", "price": 89588.4, "amount": 0.004, "side": "buy", "timestamp": 1765000544530}, {"id": "2999754008", "price": 89588.6, "amount": 0.002, "side": "buy", "timestamp": 1765000544530}, {"id": "2999754009", "price": 89588.7, "amount": 0.006, "side": "buy", "timestamp": 1765000544530}, {"id": "2999754010", "price": 89588.8, "amount": 0.003, "side": "buy", "timestamp": 1765000544530}, {"id": "2999754011", "price": 89589.3, "amount": 0.046, "side": "buy", "timestamp": 1765000544530}, {"id": "2999754012", "price": 89589.5, "amount": 0.002, "side": "buy", "timestamp": 1765000544530}, {"id": "2999754013", "price": 89589.6, "amount": 0.002, "side": "buy", "timestamp": 1765000544530}, {"id": "2999754014", "price": 89589.8, "amount": 0.003, "side": "buy", "timestamp": 1765000544530}, {"id": "2999754015", "price": 89589.9, "amount": 0.003, "side": "buy", "timestamp": 1765000544530}, {"id": "2999754016", "price": 89590.0, "amount": 0.014, "side": "buy", "timestamp": 1765000544530}, {"id": "2999754017", "price": 89590.3, "amount": 0.005, "side": "buy", "timestamp": 1765000544530}, {"id": "2999754018", "price": 89590.4, "amount": 0.008, "side": "buy", "timestamp": 1765000544530}, {"id": "2999754019", "price": 89590.7, "amount": 0.012, "side": "buy", "timestamp": 1765000545244}, {"id": "2999754020", "price": 89590.6, "amount": 0.005, "side": "sell", "timestamp": 1765000545276}, {"id": "2999754021", "price": 89590.7, "amount": 0.008, "side": "buy", "timestamp": 1765000545357}, {"id": "2999754022", "price": 89590.7, "amount": 0.002, "side": "buy", "timestamp": 1765000545633}, {"id": "2999754023", "price": 89590.7, "amount": 0.003, "side": "buy", "timestamp": 1765000545761}, {"id": "2999754024", "price": 89590.7, "amount": 0.006, "side": "buy", "timestamp": 1765000546436}, {"id": "2999754025", "price": 89590.6, "amount": 0.022, "side": "sell", "timestamp": 1765000546874}, {"id": "2999754026", "price": 89590.6, "amount": 0.007, "side": "sell", "timestamp": 1765000547189}, {"id": "2999754027", "price": 89590.7, "amount": 0.012, "side": "buy", "timestamp": 1765000547312}, {"id": "2999754028", "price": 89590.6, "amount": 0.002, "side": "sell", "timestamp": 1765000548299}, {"id": "2999754029", "price": 89590.7, "amount": 3.349, "side": "buy", "timestamp": 1765000548439}, {"id": "2999754030", "price": 89590.7, "amount": 0.002, "side": "buy", "timestamp": 1765000548658}, {"id": "2999754031", "price": 89590.7, "amount": 0.709, "side": "buy", "timestamp": 1765000549028}, {"id": "2999754032", "price": 89590.7, "amount": 0.003, "side": "buy", "timestamp": 1765000549181}, {"id": "2999754033", "price": 89590.7, "amount": 0.128, "side": "buy", "timestamp": 1765000549492}, {"id": "2999754034", "price": 89590.6, "amount": 0.016, "side": "sell", "timestamp": 1765000549528}, {"id": "2999754035", "price": 89590.7, "amount": 1.338, "side": "buy", "timestamp": 1765000549619}, {"id": "2999754036", "price": 89590.8, "amount": 0.007, "side": "buy", "timestamp": 1765000549619}, {"id": "2999754037", "price": 89590.9, "amount": 0.102, "side": "buy", "timestamp": 1765000549619}, {"id": "2999754038", "price": 89591.2, "amount": 0.004, "side": "buy", "timestamp": 1765000549619}, {"id": "2999754039", "price": 89591.3, "amount": 0.003, "side": "buy", "timestamp": 1765000549619}, {"id": "2999754040", "price": 89591.4, "amount": 0.004, "side": "buy", "timestamp": 1765000549619}, {"id": "2999754041", "price": 89591.8, "amount": 0.031, "side": "buy", "timestamp": 1765000549619}, {"id": "2999754042", "price": 89591.9, "amount": 0.003, "side": "buy", "timestamp": 1765000549619}, {"id": "2999754043", "price": 89592.0, "amount": 0.003, "side": "buy", "timestamp": 1765000549619}, {"id": "2999754044", "price": 89592.3, "amount": 0.024, "side": "buy", "timestamp": 1765000549619}, {"id": "2999754045", "price": 89592.3, "amount": 0.002, "side": "buy", "timestamp": 1765000549906}, {"id": "2999754046", "price": 89592.3, "amount": 0.017, "side": "buy", "timestamp": 1765000550058}, {"id": "2999754047", "price": 89592.3, "amount": 0.002, "side": "buy", "timestamp": 1765000550343}, {"id": "2999754048", "price": 89592.3, "amount": 0.014, "side": "buy", "timestamp": 1765000550629}, {"id": "2999754049", "price": 89592.3, "amount": 0.002, "side": "buy", "timestamp": 1765000550798}, {"id": "2999754349", "price": 89584.1, "amount": 0.002, "side": "sell", "timestamp": 1765000591312}, {"id": "2999754350", "price": 89584.0, "amount": 0.002, "side": "sell", "timestamp": 1765000591312}, {"id": "2999754351", "price": 89583.9, "amount": 0.003, "side": "sell", "timestamp": 1765000591312}, {"id": "2999754352", "price": 89583.8, "amount": 0.003, "side": "sell", "timestamp": 1765000591312}, {"id": "2999754353", "price": 89583.7, "amount": 0.003, "side": "sell", "timestamp": 1765000591312}, {"id": "2999754354", "price": 89583.6, "amount": 0.003, "side": "sell", "timestamp": 1765000591312}, {"id": "2999754355", "price": 89583.5, "amount": 0.003, "side": "sell", "timestamp": 1765000591315}, {"id": "2999754356", "price": 89583.3, "amount": 0.014, "side": "sell", "timestamp": 1765000591450}, {"id": "2999754357", "price": 89583.2, "amount": 0.016, "side": "sell", "timestamp": 1765000591509}, {"id": "2999754358", "price": 89583.1, "amount": 0.008, "side": "sell", "timestamp": 1765000591514}, {"id": "2999754359", "price": 89582.7, "amount": 0.003, "side": "sell", "timestamp": 1765000591514}, {"id": "2999754360", "price": 89582.6, "amount": 0.005, "side": "sell", "timestamp": 1765000591514}, {"id": "2999754361", "price": 89582.1, "amount": 0.003, "side": "sell", "timestamp": 1765000591514}, {"id": "2999754362", "price": 89581.2, "amount": 0.006, "side": "sell", "timestamp": 1765000591517}, {"id": "2999754363", "price": 89580.7, "amount": 0.003, "side": "sell", "timestamp": 1765000591522}, {"id": "2999754364", "price": 89580.6, "amount": 0.013, "side": "sell", "timestamp": 1765000591524}, {"id": "2999754365", "price": 89580.2, "amount": 0.003, "side": "sell", "timestamp": 1765000591532}, {"id": "2999754366", "price": 89580.0, "amount": 0.02, "side": "sell", "timestamp": 1765000592013}, {"id": "2999754367", "price": 89580.1, "amount": 0.015, "side": "buy", "timestamp": 1765000592137}, {"id": "2999754368", "price": 89580.0, "amount": 0.261, "side": "sell", "timestamp": 1765000592892}, {"id": "2999754369", "price": 89580.0, "amount": 0.02, "side": "sell", "timestamp": 1765000593060}, {"id": "2999754370", "price": 89580.1, "amount": 0.028, "side": "buy", "timestamp": 1765000593094}, {"id": "2999754371", "price": 89580.0, "amount": 0.249, "side": "sell", "timestamp": 1765000593501}, {"id": "2999754372", "price": 89579.9, "amount": 0.006, "side": "sell", "timestamp": 1765000593501}, {"id": "2999754373", "price": 89579.7, "amount": 0.003, "side": "sell", "timestamp": 1765000593501}, {"id": "2999754374", "price": 89579.6, "amount": 0.002, "side": "sell", "timestamp": 1765000593501}, {"id": "2999754375", "price": 89579.0, "amount": 0.005, "side": "sell", "timestamp": 1765000593501}, {"id": "2999754376", "price": 89578.9, "amount": 0.002, "side": "sell", "timestamp": 1765000593501}, {"id": "2999754377", "price": 89578.6, "amount": 0.054, "side": "sell", "timestamp": 1765000593671}, {"id": "2999754378", "price": 89578.7, "amount": 0.002, "side": "buy", "timestamp": 1765000593784}, {"id": "2999754379", "price": 89578.7, "amount": 0.002, "side": "buy", "timestamp": 1765000593935}, {"id": "2999754380", "price": 89578.7, "amount": 0.008, "side": "buy", "timestamp": 1765000594699}, {"id": "2999754381", "price": 89578.6, "amount": 0.02, "side": "sell", "timestamp": 1765000595053}, {"id": "2999754382", "price": 89578.6, "amount": 0.02, "side": "sell", "timestamp": 1765000595546}, {"id": "2999754383", "price": 89578.7, "amount": 0.055, "side": "buy", "timestamp": 1765000595624}, {"id": "2999754384", "price": 89578.6, "amount": 0.02, "side": "sell", "timestamp": 1765000596016}, {"id": "2999754385", "price": 89578.6, "amount": 0.111, "side": "sell", "timestamp": 1765000596387}, {"id": "2999754386", "price": 89578.6, "amount": 0.002, "side": "sell", "timestamp": 1765000596695}, {"id": "2999754387", "price": 89578.7, "amount": 0.002, "side": "buy", "timestamp": 1765000596963}, {"id": "2999754388", "price": 89578.7, "amount": 0.007, "side": "buy", "timestamp": 1765000598690}, {"id": "2999754389", "price": 89578.6, "amount": 0.002, "side": "sell", "timestamp": 1765000599707}, {"id": "2999754390", "price": 89578.7, "amount": 0.002, "side": "buy", "timestamp": 1765000599989}, {"id": "2999754391", "price": 89578.6, "amount": 0.02, "side": "sell", "timestamp": 1765000600053}, {"id": "2999754392", "price": 89578.6, "amount": 0.002, "side": "sell", "timestamp": 1765000600301}, {"id": "2999754393", "price": 89578.6, "amount": 0.058, "side": "sell", "timestamp": 1765000600545}, {"id": "2999754394", "price": 89578.7, "amount": 0.026, "side": "buy", "timestamp": 1765000600721}, {"id": "2999754395", "price": 89578.6, "amount": 0.037, "side": "sell", "timestamp": 1765000601021}, {"id": "2999754396", "price": 89578.7, "amount": 0.002, "side": "buy", "timestamp": 1765000601414}, {"id": "2999754397", "price": 89578.6, "amount": 0.02, "side": "sell", "timestamp": 1765000601554}, {"id": "2999754398", "price": 89578.6, "amount": 0.02, "side": "sell", "timestamp": 1765000602055}, {"id": "2999754658", "price": 89560.0, "amount": 0.035, "side": "sell", "timestamp": 1765000635561}, {"id": "2999754659", "price": 89559.8, "amount": 0.01, "side": "sell", "timestamp": 1765000635561}, {"id": "2999754660", "price": 89559.7, "amount": 0.319, "side": "sell", "timestamp": 1765000635561}, {"id": "2999754661", "price": 89559.6, "amount": 0.009, "side": "sell", "timestamp": 1765000635561}, {"id": "2999754662", "price": 89559.5, "amount": 0.004, "side": "sell", "timestamp": 1765000635561}, {"id": "2999754663", "price": 89559.3, "amount": 0.327, "side": "sell", "timestamp": 1765000635561}, {"id": "2999754664", "price": 89559.2, "amount": 0.732, "side": "sell", "timestamp": 1765000635561}, {"id": "2999754665", "price": 89559.1, "amount": 0.734, "side": "sell", "timestamp": 1765000635561}, {"id": "2999754666", "price": 89559.0, "amount": 1.023, "side": "sell", "timestamp": 1765000635561}, {"id": "2999754667", "price": 89561.5, "amount": 0.075, "side": "sell", "timestamp": 1765000635581}, {"id": "2999754668", "price": 89561.6, "amount": 0.053, "side": "buy", "timestamp": 1765000635885}, {"id": "2999754669", "price": 89561.5, "amount": 0.002, "side": "sell", "timestamp": 1765000635999}, {"id": "2999754670", "price": 89561.6, "amount": 0.002, "side": "buy", "timestamp": 1765000636275}, {"id": "2999754671", "price": 89561.5, "amount": 0.001, "side": "sell", "timestamp": 1765000636339}, {"id": "2999754672", "price": 89561.6, "amount": 0.031, "side": "buy", "timestamp": 1765000637568}, {"id": "2999754673", "price": 89561.5, "amount": 0.024, "side": "sell", "timestamp": 1765000638777}, {"id": "2999754674", "price": 89561.5, "amount": 0.002, "side": "sell", "timestamp": 1765000639012}, {"id": "2999754675", "price": 89561.6, "amount": 0.002, "side": "buy", "timestamp": 1765000639301}, {"id": "2999754676", "price": 89561.5, "amount": 0.028, "side": "sell", "timestamp": 1765000640777}, {"id": "2999754677", "price": 89561.5, "amount": 0.001, "side": "sell", "timestamp": 1765000641466}, {"id": "2999754678", "price": 89561.5, "amount": 0.002, "side": "sell", "timestamp": 1765000642022}, {"id": "2999754679", "price": 89561.5, "amount": 0.008, "side": "sell", "timestamp": 1765000642317}, {"id": "2999754680", "price": 89561.6, "amount": 0.002, "side": "buy", "timestamp": 1765000642331}, {"id": "2999754681", "price": 89561.5, "amount": 0.03, "side": "sell", "timestamp": 1765000643026}, {"id": "2999754682", "price": 89561.6, "amount": 0.017, "side": "buy", "timestamp": 1765000644689}, {"id": "2999754683", "price": 89561.5, "amount": 0.013, "side": "sell", "timestamp": 1765000645016}, {"id": "2999754684", "price": 89561.6, "amount": 0.002, "side": "buy", "timestamp": 1765000645358}, {"id": "2999754685", "price": 89561.5, "amount": 0.001, "side": "sell", "timestamp": 1765000645390}, {"id": "2999754686", "price": 89561.6, "amount": 0.005, "side": "buy", "timestamp": 1765000646223}, {"id": "2999754687", "price": 89561.5, "amount": 0.003, "side": "sell", "timestamp": 1765000646295}, {"id": "2999754688", "price": 89561.5, "amount": 0.167, "side": "sell", "timestamp": 1765000647192}, {"id": "2999754689", "price": 89561.6, "amount": 0.002, "side": "buy", "timestamp": 1765000647541}, {"id": "2999754690", "price": 89561.5, "amount": 0.002, "side": "sell", "timestamp": 1765000648071}, {"id": "2999754691", "price": 89561.6, "amount": 0.002, "side": "buy", "timestamp": 1765000648396}, {"id": "2999754692", "price": 89561.6, "amount": 0.297, "side": "buy", "timestamp": 1765000648680}, {"id": "2999754693", "price": 89561.6, "amount": 0.004, "side": "buy", "timestamp": 1765000649426}, {"id": "2999754694", "price": 89561.6, "amount": 0.006, "side": "buy", "timestamp": 1765000649937}, {"id": "2999754695", "price": 89561.5, "amount": 0.051, "side": "sell", "timestamp": 1765000649990}, {"id": "2999754696", "price": 89561.6, "amount": 0.002, "side": "buy", "timestamp": 1765000650101}, {"id": "2999754697", "price": 89561.5, "amount": 0.001, "side": "sell", "timestamp": 1765000650460}, {"id": "2999754698", "price": 89561.6, "amount": 0.002, "side": "buy", "timestamp": 1765000650474}, {"id": "2999754699", "price": 89561.5, "amount": 0.002, "side": "sell", "timestamp": 1765000650616}, {"id": "2999754700", "price": 89561.6, "amount": 0.008, "side": "buy", "timestamp": 1765000650912}, {"id": "2999754701", "price": 89561.6, "amount": 0.162, "side": "buy", "timestamp": 1765000651071}, {"id": "2999754702", "price": 89561.5, "amount": 0.002, "side": "sell", "timestamp": 1765000651096}, {"id": "2999754703", "price": 89561.6, "amount": 0.002, "side": "buy", "timestamp": 1765000651412}, {"id": "2999754704", "price": 89561.6, "amount": 0.312, "side": "buy", "timestamp": 1765000652210}, {"id": "2999754705", "price": 89561.6, "amount": 0.022, "side": "buy", "timestamp": 1765000653992}, {"id": "2999754706", "price": 89561.5, "amount": 0.002, "side": "sell", "timestamp": 1765000654120}, {"id": "2999754707", "price": 89561.6, "amount": 0.002, "side": "buy", "timestamp": 1765000654431}, {"id": "2999754798", "price": 89564.9, "amount": 0.014, "side": "sell", "timestamp": 1765000690121}, {"id": "2999754799", "price": 89564.7, "amount": 0.003, "side": "sell", "timestamp": 1765000690121}, {"id": "2999754800", "price": 89564.4, "amount": 0.008, "side": "sell", "timestamp": 1765000690124}, {"id": "2999754801", "price": 89564.3, "amount": 0.041, "side": "sell", "timestamp": 1765000690127}, {"id": "2999754802", "price": 89564.2, "amount": 0.003, "side": "sell", "timestamp": 1765000690131}, {"id": "2999754803", "price": 89563.6, "amount": 0.003, "side": "sell", "timestamp": 1765000690131}, {"id": "2999754804", "price": 89563.1, "amount": 0.045, "side": "sell", "timestamp": 1765000690134}, {"id": "2999754805", "price": 89563.1, "amount": 0.005, "side": "sell", "timestamp": 1765000690293}, {"id": "2999754806", "price": 89563.1, "amount": 0.002, "side": "sell", "timestamp": 1765000690456}, {"id": "2999754807", "price": 89563.2, "amount": 0.002, "side": "buy", "timestamp": 1765000690707}, {"id": "2999754808", "price": 89563.2, "amount": 0.025, "side": "buy", "timestamp": 1765000691030}, {"id": "2999754809", "price": 89563.1, "amount": 0.011, "side": "sell", "timestamp": 1765000691920}, {"id": "2999754810", "price": 89563.1, "amount": 0.002, "side": "sell", "timestamp": 1765000692292}, {"id": "2999754811", "price": 89563.2, "amount": 0.019, "side": "buy", "timestamp": 1765000692988}, {"id": "2999754812", "price": 89563.2, "amount": 0.3, "side": "buy", "timestamp": 1765000693263}, {"id": "2999754813", "price": 89563.1, "amount": 0.004, "side": "sell", "timestamp": 1765000693303}, {"id": "2999754814", "price": 89563.1, "amount": 0.002, "side": "sell", "timestamp": 1765000693481}, {"id": "2999754815", "price": 89563.2, "amount": 0.068, "side": "buy", "timestamp": 1765000693522}, {"id": "2999754816", "price": 89563.2, "amount": 0.002, "side": "buy", "timestamp": 1765000693727}, {"id": "2999754817", "price": 89563.2, "amount": 0.002, "side": "buy", "timestamp": 1765000694136}, {"id": "2999754818", "price": 89563.1, "amount": 0.002, "side": "sell", "timestamp": 1765000695059}, {"id": "2999754819", "price": 89563.1, "amount": 0.035, "side": "sell", "timestamp": 1765000695890}, {"id": "2999754820", "price": 89563.2, "amount": 0.001, "side": "buy", "timestamp": 1765000696130}, {"id": "2999754821", "price": 89563.1, "amount": 0.045, "side": "sell", "timestamp": 1765000696192}, {"id": "2999754822", "price": 89563.1, "amount": 0.002, "side": "sell", "timestamp": 1765000696507}, {"id": "2999754823", "price": 89563.2, "amount": 0.076, "side": "buy", "timestamp": 1765000696536}, {"id": "2999754824", "price": 89563.2, "amount": 0.092, "side": "buy", "timestamp": 1765000696682}, {"id": "2999754825", "price": 89563.2, "amount": 0.038, "side": "buy", "timestamp": 1765000696893}, {"id": "2999754826", "price": 89563.1, "amount": 0.117, "side": "sell", "timestamp": 1765000696947}, {"id": "2999754827", "price": 89563.2, "amount": 0.002, "side": "buy", "timestamp": 1765000697143}, {"id": "2999754828", "price": 89563.1, "amount": 0.089, "side": "sell", "timestamp": 1765000697356}, {"id": "2999754829", "price": 89563.1, "amount": 0.014, "side": "sell", "timestamp": 1765000698028}, {"id": "2999754830", "price": 89563.2, "amount": 0.003, "side": "buy", "timestamp": 1765000698140}, {"id": "2999754831", "price": 89563.2, "amount": 0.012, "side": "buy", "timestamp": 1765000698584}, {"id": "2999754832", "price": 89563.2, "amount": 0.002, "side": "buy", "timestamp": 1765000699327}, {"id": "2999754833", "price": 89563.1, "amount": 0.002, "side": "sell", "timestamp": 1765000699518}, {"id": "2999754834", "price": 89563.1, "amount": 0.023, "side": "sell", "timestamp": 1765000699725}, {"id": "2999754835", "price": 89563.2, "amount": 0.002, "side": "buy", "timestamp": 1765000699780}, {"id": "2999754836", "price": 89563.2, "amount": 0.005, "side": "buy", "timestamp": 1765000700339}, {"id": "2999754837", "price": 89563.1, "amount": 0.015, "side": "sell", "timestamp": 1765000700406}, {"id": "2999754838", "price": 89563.1, "amount": 0.017, "side": "sell", "timestamp": 1765000701274}, {"id": "2999754839", "price": 89563.1, "amount": 0.002, "side": "sell", "timestamp": 1765000702528}, {"id": "2999754840", "price": 89563.2, "amount": 0.002, "side": "buy", "timestamp": 1765000702804}, {"id": "2999754841", "price": 89563.1, "amount": 0.676, "side": "sell", "timestamp": 1765000703700}, {"id": "2999754842", "price": 89563.1, "amount": 0.011, "side": "sell", "timestamp": 1765000704194}, {"id": "2999754843", "price": 89563.2, "amount": 0.008, "side": "buy", "timestamp": 1765000704336}, {"id": "2999754844", "price": 89563.1, "amount": 0.011, "side": "sell", "timestamp": 1765000704361}, {"id": "2999754845", "price": 89563.1, "amount": 0.004, "side": "sell", "timestamp": 1765000704766}, {"id": "2999754846", "price": 89563.2, "amount": 0.017, "side": "buy", "timestamp": 1765000705356}, {"id": "2999754847", "price": 89563.1, "amount": 0.002, "side": "sell", "timestamp": 1765000705554}, {"id": "2999754932", "price": 89561.6, "amount": 0.008, "side": "sell", "timestamp": 1765000744737}, {"id": "2999754933", "price": 89561.5, "amount": 0.01, "side": "sell", "timestamp": 1765000744737}, {"id": "2999754934", "price": 89561.3, "amount": 0.011, "side": "sell", "timestamp": 1765000744740}, {"id": "2999754935", "price": 89561.2, "amount": 0.002, "side": "sell", "timestamp": 1765000744740}, {"id": "2999754936", "price": 89561.1, "amount": 0.019, "side": "sell", "timestamp": 1765000744740}, {"id": "2999754937", "price": 89561.0, "amount": 0.006, "side": "sell", "timestamp": 1765000744744}, {"id": "2999754938", "price": 89560.5, "amount": 0.003, "side": "sell", "timestamp": 1765000744746}, {"id": "2999754939", "price": 89560.4, "amount": 0.007, "side": "sell", "timestamp": 1765000744747}, {"id": "2999754940", "price": 89560.3, "amount": 0.075, "side": "sell", "timestamp": 1765000744749}, {"id": "2999754941", "price": 89560.2, "amount": 0.002, "side": "sell", "timestamp": 1765000744760}, {"id": "2999754942", "price": 89560.1, "amount": 0.007, "side": "sell", "timestamp": 1765000744823}, {"id": "2999754943", "price": 89560.2, "amount": 0.084, "side": "buy", "timestamp": 1765000745049}, {"id": "2999754944", "price": 89560.2, "amount": 0.002, "side": "buy", "timestamp": 1765000745185}, {"id": "2999754945", "price": 89560.2, "amount": 0.091, "side": "buy", "timestamp": 1765000745432}, {"id": "2999754946", "price": 89560.2, "amount": 0.003, "side": "buy", "timestamp": 1765000745637}, {"id": "2999754947", "price": 89560.2, "amount": 0.013, "side": "buy", "timestamp": 1765000745788}, {"id": "2999754948", "price": 89560.2, "amount": 0.008, "side": "buy", "timestamp": 1765000745892}, {"id": "2999754949", "price": 89560.1, "amount": 0.002, "side": "sell", "timestamp": 1765000747950}, {"id": "2999754950", "price": 89560.2, "amount": 0.037, "side": "buy", "timestamp": 1765000747963}, {"id": "2999754951", "price": 89560.2, "amount": 0.002, "side": "buy", "timestamp": 1765000748212}, {"id": "2999754952", "price": 89560.2, "amount": 0.057, "side": "buy", "timestamp": 1765000749105}, {"id": "2999754953", "price": 89560.1, "amount": 0.011, "side": "sell", "timestamp": 1765000749323}, {"id": "2999754954", "price": 89560.2, "amount": 0.007, "side": "buy", "timestamp": 1765000749601}, {"id": "2999754955", "price": 89560.2, "amount": 0.005, "side": "buy", "timestamp": 1765000749859}, {"id": "2999754956", "price": 89560.1, "amount": 0.002, "side": "sell", "timestamp": 1765000750959}, {"id": "2999754957", "price": 89560.2, "amount": 0.002, "side": "buy", "timestamp": 1765000751237}, {"id": "2999754958", "price": 89560.1, "amount": 0.036, "side": "sell", "timestamp": 1765000752611}, {"id": "2999754959", "price": 89560.1, "amount": 0.194, "side": "sell", "timestamp": 1765000752997}, {"id": "2999754960", "price": 89560.0, "amount": 0.022, "side": "sell", "timestamp": 1765000752997}, {"id": "2999754961", "price": 89559.5, "amount": 0.003, "side": "sell", "timestamp": 1765000752997}, {"id": "2999754962", "price": 89559.4, "amount": 0.004, "side": "sell", "timestamp": 1765000752997}, {"id": "2999754963", "price": 89559.0, "amount": 0.144, "side": "sell", "timestamp": 1765000752997}, {"id": "2999754964", "price": 89559.0, "amount": 0.009, "side": "sell", "timestamp": 1765000753126}, {"id": "2999754965", "price": 89558.9, "amount": 0.002, "side": "sell", "timestamp": 1765000753129}, {"id": "2999754966", "price": 89558.8, "amount": 0.005, "side": "sell", "timestamp": 1765000753129}, {"id": "2999754967", "price": 89558.6, "amount": 0.003, "side": "sell", "timestamp": 1765000753129}, {"id": "2999754968", "price": 89558.5, "amount": 0.002, "side": "sell", "timestamp": 1765000753129}, {"id": "2999754969", "price": 89558.1, "amount": 0.009, "side": "sell", "timestamp": 1765000753130}, {"id": "2999754970", "price": 89557.7, "amount": 0.066, "side": "buy", "timestamp": 1765000753131}, {"id": "2999754971", "price": 89557.6, "amount": 0.011, "side": "sell", "timestamp": 1765000753193}, {"id": "2999754972", "price": 89557.5, "amount": 0.017, "side": "sell", "timestamp": 1765000753199}, {"id": "2999754973", "price": 89557.3, "amount": 0.019, "side": "sell", "timestamp": 1765000753204}, {"id": "2999754974", "price": 89557.2, "amount": 0.003, "side": "sell", "timestamp": 1765000753209}, {"id": "2999754975", "price": 89557.1, "amount": 0.003, "side": "sell", "timestamp": 1765000753209}, {"id": "2999754976", "price": 89556.9, "amount": 0.002, "side": "sell", "timestamp": 1765000753209}, {"id": "2999754977", "price": 89556.6, "amount": 0.008, "side": "sell", "timestamp": 1765000753302}, {"id": "2999754978", "price": 89556.6, "amount": 0.002, "side": "sell", "timestamp": 1765000753970}, {"id": "2999754979", "price": 89556.7, "amount": 0.002, "side": "buy", "timestamp": 1765000754264}, {"id": "2999754980", "price": 89556.6, "amount": 0.002, "side": "sell", "timestamp": 1765000755701}, {"id": "2999754981", "price": 89556.6, "amount": 0.006, "side": "sell", "timestamp": 1765000756042}, {"id": "2999755243", "price": 89531.1, "amount": 0.006, "side": "sell", "timestamp": 1765000807197}, {"id": "2999755244", "price": 89531.0, "amount": 0.003, "side": "sell", "timestamp": 1765000807197}, {"id": "2999755245", "price": 89530.9, "amount": 0.094, "side": "sell", "timestamp": 1765000807208}, {"id": "2999755246", "price": 89530.8, "amount": 0.033, "side": "sell", "timestamp": 1765000807218}, {"id": "2999755247", "price": 89530.7, "amount": 0.035, "side": "sell", "timestamp": 1765000807218}, {"id": "2999755248", "price": 89530.6, "amount": 0.011, "side": "sell", "timestamp": 1765000807239}, {"id": "2999755249", "price": 89530.5, "amount": 0.004, "side": "sell", "timestamp": 1765000807243}, {"id": "2999755250", "price": 89530.3, "amount": 0.017, "side": "sell", "timestamp": 1765000807243}, {"id": "2999755251", "price": 89530.2, "amount": 0.003, "side": "sell", "timestamp": 1765000807258}, {"id": "2999755252", "price": 89530.1, "amount": 0.014, "side": "sell", "timestamp": 1765000807258}, {"id": "2999755253", "price": 89530.0, "amount": 0.033, "side": "sell", "timestamp": 1765000807258}, {"id": "2999755254", "price": 89529.6, "amount": 0.003, "side": "sell", "timestamp": 1765000807283}, {"id": "2999755255", "price": 89529.6, "amount": 0.017, "side": "buy", "timestamp": 1765000807289}, {"id": "2999755256", "price": 89529.5, "amount": 0.029, "side": "sell", "timestamp": 1765000807296}, {"id": "2999755257", "price": 89529.4, "amount": 0.032, "side": "sell", "timestamp": 1765000807297}, {"id": "2999755258", "price": 89529.3, "amount": 0.079, "side": "sell", "timestamp": 1765000807298}, {"id": "2999755259", "price": 89529.1, "amount": 0.006, "side": "sell", "timestamp": 1765000807299}, {"id": "2999755260", "price": 89528.8, "amount": 0.003, "side": "sell", "timestamp": 1765000807299}, {"id": "2999755261", "price": 89528.7, "amount": 0.003, "side": "sell", "timestamp": 1765000807299}, {"id": "2999755262", "price": 89528.6, "amount": 0.003, "side": "sell", "timestamp": 1765000807299}, {"id": "2999755263", "price": 89528.3, "amount": 0.002, "side": "sell", "timestamp": 1765000807299}, {"id": "2999755264", "price": 89528.1, "amount": 0.032, "side": "sell", "timestamp": 1765000807299}, {"id": "2999755265", "price": 89527.6, "amount": 0.003, "side": "sell", "timestamp": 1765000807300}, {"id": "2999755266", "price": 89527.5, "amount": 0.002, "side": "sell", "timestamp": 1765000807300}, {"id": "2999755267", "price": 89527.4, "amount": 0.003, "side": "sell", "timestamp": 1765000807300}, {"id": "2999755268", "price": 89527.1, "amount": 0.003, "side": "sell", "timestamp": 1765000807300}, {"id": "2999755269", "price": 89527.0, "amount": 0.009, "side": "sell", "timestamp": 1765000807300}, {"id": "2999755270", "price": 89526.9, "amount": 0.002, "side": "sell", "timestamp": 1765000807306}, {"id": "2999755271", "price": 89526.8, "amount": 0.032, "side": "sell", "timestamp": 1765000807306}, {"id": "2999755272", "price": 89526.7, "amount": 0.002, "side": "sell", "timestamp": 1765000807334}, {"id": "2999755273", "price": 89526.6, "amount": 0.008, "side": "sell", "timestamp": 1765000807341}, {"id": "2999755274", "price": 89526.5, "amount": 0.01, "side": "sell", "timestamp": 1765000807341}, {"id": "2999755275", "price": 89526.1, "amount": 0.003, "side": "sell", "timestamp": 1765000807341}, {"id": "2999755276", "price": 89525.7, "amount": 0.002, "side": "sell", "timestamp": 1765000807343}, {"id": "2999755277", "price": 89525.6, "amount": 0.003, "side": "sell", "timestamp": 1765000807343}, {"id": "2999755278", "price": 89525.5, "amount": 0.036, "side": "sell", "timestamp": 1765000807365}, {"id": "2999755279", "price": 89525.1, "amount": 0.003, "side": "sell", "timestamp": 1765000807373}, {"id": "2999755280", "price": 89525.0, "amount": 0.007, "side": "sell", "timestamp": 1765000807373}, {"id": "2999755281", "price": 89524.7, "amount": 0.003, "side": "sell", "timestamp": 1765000807373}, {"id": "2999755282", "price": 89524.6, "amount": 0.003, "side": "sell", "timestamp": 1765000807373}, {"id": "2999755283", "price": 89524.3, "amount": 0.037, "side": "sell", "timestamp": 1765000807379}, {"id": "2999755284", "price": 89524.3, "amount": 0.003, "side": "buy", "timestamp": 1765000807822}, {"id": "2999755285", "price": 89524.2, "amount": 0.254, "side": "sell", "timestamp": 1765000807825}, {"id": "2999755286", "price": 89524.3, "amount": 0.004, "side": "buy", "timestamp": 1765000808022}, {"id": "2999755287", "price": 89524.2, "amount": 0.025, "side": "sell", "timestamp": 1765000808076}, {"id": "2999755288", "price": 89524.1, "amount": 0.005, "side": "sell", "timestamp": 1765000808080}, {"id": "2999755289", "price": 89523.9, "amount": 0.002, "side": "sell", "timestamp": 1765000808080}, {"id": "2999755290", "price": 89523.8, "amount": 0.004, "side": "sell", "timestamp": 1765000808080}, {"id": "2999755291", "price": 89523.7, "amount": 0.003, "side": "sell", "timestamp": 1765000808084}, {"id": "2999755292", "price": 89523.6, "amount": 0.077, "side": "sell", "timestamp": 1765000808088}, {"id": "2999755455", "price": 89520.0, "amount": 0.142, "side": "sell", "timestamp": 1765000857839}, {"id": "2999755456", "price": 89519.6, "amount": 0.003, "side": "sell", "timestamp": 1765000857839}, {"id": "2999755457", "price": 89519.3, "amount": 0.013, "side": "sell", "timestamp": 1765000857839}, {"id": "2999755458", "price": 89519.2, "amount": 0.006, "side": "sell", "timestamp": 1765000857839}, {"id": "2999755459", "price": 89519.1, "amount": 0.064, "side": "sell", "timestamp": 1765000857839}, {"id": "2999755460", "price": 89519.0, "amount": 0.031, "side": "sell", "timestamp": 1765000857839}, {"id": "2999755461", "price": 89518.9, "amount": 0.004, "side": "sell", "timestamp": 1765000857839}, {"id": "2999755462", "price": 89518.6, "amount": 0.003, "side": "sell", "timestamp": 1765000857839}, {"id": "2999755463", "price": 89518.5, "amount": 0.002, "side": "sell", "timestamp": 1765000857839}, {"id": "2999755464", "price": 89518.4, "amount": 0.003, "side": "sell", "timestamp": 1765000857839}, {"id": "2999755465", "price": 89518.1, "amount": 0.003, "side": "sell", "timestamp": 1765000857839}, {"id": "2999755466", "price": 89518.0, "amount": 0.006, "side": "sell", "timestamp": 1765000857839}, {"id": "2999755467", "price": 89517.9, "amount": 0.003, "side": "sell", "timestamp": 1765000857839}, {"id": "2999755468", "price": 89517.7, "amount": 0.002, "side": "sell", "timestamp": 1765000857839}, {"id": "2999755469", "price": 89517.6, "amount": 0.003, "side": "sell", "timestamp": 1765000857839}, {"id": "2999755470", "price": 89517.3, "amount": 0.033, "side": "sell", "timestamp": 1765000857848}, {"id": "2999755471", "price": 89517.2, "amount": 0.012, "side": "sell", "timestamp": 1765000857848}, {"id": "2999755472", "price": 89517.1, "amount": 0.194, "side": "sell", "timestamp": 1765000857848}, {"id": "2999755473", "price": 89516.6, "amount": 0.003, "side": "sell", "timestamp": 1765000857860}, {"id": "2999755474", "price": 89516.5, "amount": 0.002, "side": "sell", "timestamp": 1765000857860}, {"id": "2999755475", "price": 89516.3, "amount": 0.003, "side": "sell", "timestamp": 1765000857860}, {"id": "2999755476", "price": 89516.2, "amount": 0.003, "side": "sell", "timestamp": 1765000857876}, {"id": "2999755477", "price": 89516.1, "amount": 0.003, "side": "sell", "timestamp": 1765000857876}, {"id": "2999755478", "price": 89515.9, "amount": 0.006, "side": "sell", "timestamp": 1765000857876}, {"id": "2999755479", "price": 89515.8, "amount": 0.002, "side": "sell", "timestamp": 1765000857876}, {"id": "2999755480", "price": 89515.6, "amount": 0.003, "side": "sell", "timestamp": 1765000857876}, {"id": "2999755481", "price": 89515.5, "amount": 0.032, "side": "sell", "timestamp": 1765000857876}, {"id": "2999755482", "price": 89515.3, "amount": 0.012, "side": "sell", "timestamp": 1765000857876}, {"id": "2999755483", "price": 89515.1, "amount": 0.005, "side": "sell", "timestamp": 1765000857876}, {"id": "2999755484", "price": 89514.7, "amount": 0.003, "side": "sell", "timestamp": 1765000857882}, {"id": "2999755485", "price": 89514.6, "amount": 0.003, "side": "sell", "timestamp": 1765000857882}, {"id": "2999755486", "price": 89514.2, "amount": 0.002, "side": "sell", "timestamp": 1765000857887}, {"id": "2999755487", "price": 89514.1, "amount": 0.003, "side": "sell", "timestamp": 1765000857887}, {"id": "2999755488", "price": 89514.0, "amount": 0.002, "side": "sell", "timestamp": 1765000857887}, {"id": "2999755489", "price": 89513.9, "amount": 0.005, "side": "sell", "timestamp": 1765000857889}, {"id": "2999755490", "price": 89513.8, "amount": 0.034, "side": "sell", "timestamp": 1765000857894}, {"id": "2999755491", "price": 89513.7, "amount": 0.004, "side": "sell", "timestamp": 1765000857897}, {"id": "2999755492", "price": 89513.6, "amount": 0.005, "side": "sell", "timestamp": 1765000857897}, {"id": "2999755493", "price": 89513.4, "amount": 0.011, "side": "sell", "timestamp": 1765000857901}, {"id": "2999755494", "price": 89513.3, "amount": 0.031, "side": "sell", "timestamp": 1765000857905}, {"id": "2999755495", "price": 89513.1, "amount": 0.008, "side": "sell", "timestamp": 1765000857906}, {"id": "2999755496", "price": 89513.0, "amount": 0.005, "side": "sell", "timestamp": 1765000857906}, {"id": "2999755497", "price": 89512.6, "amount": 0.003, "side": "sell", "timestamp": 1765000857907}, {"id": "2999755498", "price": 89512.5, "amount": 0.002, "side": "sell", "timestamp": 1765000857907}