[{"symbol": "SOLUSDT", "bids": [[132.74, 72.12], [132.73, 350.17], [132.72, 712.58], [132.71, 1221.48], [132.7, 1675.82], [132.69, 2208.2], [132.68, 1358.57], [132.67, 1832.3], [132.66, 2089.53], [132.65, 3421.97], [132.64, 1542.04], [132.63, 1976.56], [132.62, 872.74], [132.61, 1956.98], [132.6, 2537.05], [132.59, 905.91], [132.58, 1976.92], [132.57, 2309.35], [132.56, 2296.78], [132.55, 1004.86]], "asks": [[132.75, 1268.85], [132.76, 1542.77], [132.77, 1948.65], [132.78, 1534.94], [132.79, 1809.13], [132.8, 2078.43], [132.81, 1384.64], [132.82, 1814.46], [132.83, 4653.68], [132.84, 1124.47], [132.85, 1923.03], [132.86, 1716.95], [132.87, 1179.21], [132.88, 1136.7], [132.89, 1143.66], [132.9, 2887.64], [132.91, 2217.28], [132.92, 525.26], [132.93, 912.84], [132.94, 787.51]], "timestamp": "2025-12-14T08:49:33.334690+00:00"}, {"symbol": "SOLUSDT", "bids": [[132.74, 1504.03], [132.73, 1137.84], [132.72, 1397.91], [132.71, 1194.49], [132.7, 1553.63], [132.69, 3501.03], [132.68, 1534.94], [132.67, 1472.92], [132.66, 2790.66], [132.65, 1175.83], [132.64, 4233.69], [132.63, 1995.11], [132.62, 1397.96], [132.61, 1242.97], [132.6, 2837.03], [132.59, 1047.43], [132.58, 1878.16], [132.57, 2557.32], [132.56, 932.76], [132.55, 1085.86]], "asks": [[132.75, 500.59], [132.76, 591.56], [132.77, 1318.9], [132.78, 1441.15], [132.79, 1716.32], [132.8, 1839.23], [132.81, 1002.08], [132.82, 1164.8], [132.83, 2168.15], [132.84, 2791.32], [132.85, 1858.94], [132.86, 1484.75], [132.87, 1297.76], [132.88, 1242.41], [132.89, 1284.72], [132.9, 3860.34], [132.91, 953.2], [132.92, 2487.17], [132.93, 990.94], [132.94, 907.73]], "timestamp": "2025-12-14T08:50:26.247458+00:00"}, {"symbol": "SOLUSDT", "bids": [[132.82, 1585.37], [132.81, 932.16], [132.8, 769.31], [132.79, 1323.03], [132.78, 3174.18], [132.77, 1244.5], [132.76, 1773.36], [132.75, 1905.59], [132.74, 1747.19], [132.73, 1739.55], [132.72, 4658.01], [132.71, 1148.2], [132.7, 1395.61], [132.69, 1623.49], [132.68, 833.95], [132.67, 1047.51], [132.66, 2954.33], [132.65, 2057.38], [132.64, 1103.82], [132.63, 1732.97]], "asks": [[132.83, 551.18], [132.84, 658.53], [132.85, 1482.76], [132.86, 1794.54], [132.87, 1207.19], [132.88, 1189.56], [132.89, 1209.82], [132.9, 2724.42], [132.91, 926.13], [132.92, 1054.81], [132.93, 2672.76], [132.94, 1149.36], [132.95, 1848.55], [132.96, 976.44], [132.97, 1568.41], [132.98, 1506.94], [132.99, 1357.69], [133.0, 4528.04], [133.01, 813.86], [133.02, 836.57]], "timestamp": "2025-12-14T08:51:19.192193+00:00"}, {"symbol": "SOLUSDT", "bids": [[132.82, 1106.47], [132.81, 936.55], [132.8, 992.37], [132.79, 1447.56], [132.78, 2547.6], [132.77, 1405.64], [132.76, 1415.15], [132.75, 2348.96], [132.74, 1360.89], [132.73, 1484.32], [132.72, 4535.14], [132.71, 1011.51], [132.7, 1275.79], [132.69, 1664.63], [132.68, 783.05], [132.67, 1147.19], [132.66, 2757.97], [132.65, 2334.09], [132.64, 967.5], [132.63, 1701.94]], "asks": [[132.83, 370.59], [132.84, 2090.3], [132.85, 2010.89], [132.86, 2025.59], [132.87, 2495.02], [132.88, 1188.39], [132.89, 1367.39], [132.9, 2088.13], [132.91, 1296.78], [132.92, 1550.64], [132.93, 3688.68], [132.94, 1389.95], [132.95, 1732.39], [132.96, 779.21], [132.97, 1820.43], [132.98, 1801.29], [132.99, 1329.01], [133.0, 2570.68], [133.01, 755.16], [133.02, 481.98]], "timestamp": "2025-12-14T08:52:12.232546+00:00"}, {"symbol": "SOLUSDT", "bids": [[132.81, 1067.26], [132.8, 1395.6], [132.79, 1146.82], [132.78, 2196.65], [132.77, 1900.05], [132.76, 2198.24], [132.75, 2006.27], [132.74, 2005.14], [132.73, 1598.15], [132.72, 3833.71], [132.71, 952.49], [132.7, 1301.53], [132.69, 1857.77], [132.68, 668.9], [132.67, 1399.35], [132.66, 2971.15], [132.65, 2121.57], [132.64, 960.68], [132.63, 1784.5], [132.62, 746.61]], "asks": [[132.82, 453.8], [132.83, 238.75], [132.84, 1264.18], [132.85, 1380.35], [132.86, 1629.81], [132.87, 2380.87], [132.88, 1464.5], [132.89, 1514.52], [132.9, 2135.76], [132.91, 1503.75], [132.92, 3080.87], [132.93, 1006.39], [132.94, 1370.09], [132.95, 1693.34], [132.96, 1085.38], [132.97, 1600.69], [132.98, 1670.93], [132.99, 1360.13], [133.0, 2706.69], [133.01, 738.22]], "timestamp": "2025-12-14T08:53:05.161799+00:00"}, {"symbol": "SOLUSDT", "bids": [[132.84, 1049.16], [132.83, 1467.7], [132.82, 1141.83], [132.81, 2020.15], [132.8, 1413.49], [132.79, 1684.17], [132.78, 2788.34], [132.77, 1003.28], [132.76, 1579.1], [132.75, 2856.09], [132.74, 4227.44], [132.73, 1313.28], [132.72, 1807.74], [132.71, 763.05], [132.7, 1434.79], [132.69, 1723.42], [132.68, 822.18], [132.67, 1461.18], [132.66, 3824.87], [132.65, 628.63]], "asks": [[132.85, 688.81], [132.86, 725.69], [132.87, 785.16], [132.88, 1326.54], [132.89, 1496.05], [132.9, 2688.66], [132.91, 1111.34], [132.92, 1187.0], [132.93, 1247.69], [132.94, 3314.21], [132.95, 1890.97], [132.96, 919.32], [132.97, 1773.85], [132.98, 1617.36], [132.99, 1269.97], [133.0, 3349.95], [133.01, 857.29], [133.02, 520.87], [133.03, 784.47], [133.04, 1611.67]], "timestamp": "2025-12-14T08:53:58.816346+00:00"}, {"symbol": "SOLUSDT", "bids": [[132.87, 592.92], [132.86, 522.36], [132.85, 1682.71], [132.84, 1835.7], [132.83, 1411.56], [132.82, 1918.66], [132.81, 2072.38], [132.8, 1202.91], [132.79, 1616.11], [132.78, 3249.3], [132.77, 3153.94], [132.76, 1114.53], [132.75, 1533.81], [132.74, 2014.48], [132.73, 1376.23], [132.72, 1609.92], [132.71, 773.16], [132.7, 2361.22], [132.69, 3100.79], [132.68, 850.42]], "asks": [[132.88, 971.23], [132.89, 469.87], [132.9, 1137.81], [132.91, 1248.1], [132.92, 2485.55], [132.93, 1315.17], [132.94, 1469.68], [132.95, 1982.41], [132.96, 1237.14], [132.97, 3743.89], [132.98, 1821.5], [132.99, 1333.71], [133.0, 1890.12], [133.01, 754.9], [133.02, 2159.13], [133.03, 1052.67], [133.04, 1640.64], [133.05, 838.3], [133.06, 784.96], [133.07, 1410.18]], "timestamp": "2025-12-14T08:54:52.900092+00:00"}, {"symbol": "SOLUSDT", "bids": [[132.82, 172.94], [132.81, 622.46], [132.8, 1613.74], [132.79, 1129.47], [132.78, 2907.13], [132.77, 1033.72], [132.76, 1934.68], [132.75, 1742.13], [132.74, 1888.2], [132.73, 2186.82], [132.72, 3882.55], [132.71, 605.35], [132.7, 1180.65], [132.69, 1788.64], [132.68, 994.4], [132.67, 1497.48], [132.66, 4213.09], [132.65, 582.68], [132.64, 1069.69], [132.63, 1741.14]], "asks": [[132.83, 1130.05], [132.84, 1447.96], [132.85, 2333.28], [132.86, 2664.41], [132.87, 2717.21], [132.88, 1527.74], [132.89, 1849.67], [132.9, 1318.65], [132.91, 1275.5], [132.92, 2840.67], [132.93, 3565.28], [132.94, 1380.24], [132.95, 1942.89], [132.96, 1110.73], [132.97, 1252.05], [132.98, 1545.55], [132.99, 1609.61], [133.0, 2813.42], [133.01, 757.1], [133.02, 704.51]], "timestamp": "2025-12-14T08:55:45.524991+00:00"}, {"symbol": "SOLUSDT", "bids": [[132.82, 807.56], [132.81, 744.38], [132.8, 1053.09], [132.79, 1565.76], [132.78, 3125.77], [132.77, 1074.09], [132.76, 1605.89], [132.75, 2425.94], [132.74, 1110.31], [132.73, 2066.08], [132.72, 4010.51], [132.71, 1012.97], [132.7, 1148.44], [132.69, 1487.62], [132.68, 1049.57], [132.67, 1557.28], [132.66, 4303.95], [132.65, 548.87], [132.64, 954.57], [132.63, 1831.39]], "asks": [[132.83, 483.07], [132.84, 1290.0], [132.85, 2391.2], [132.86, 2900.24], [132.87, 2571.99], [132.88, 1588.03], [132.89, 1903.24], [132.9, 1404.66], [132.91, 1563.64], [132.92, 4759.51], [132.93, 919.84], [132.94, 1269.79], [132.95, 1928.91], [132.96, 763.15], [132.97, 1391.05], [132.98, 1472.31], [132.99, 1861.49], [133.0, 2787.31], [133.01, 740.01], [133.02, 504.51]], "timestamp": "2025-12-14T08:56:39.146775+00:00"}, {"symbol": "SOLUSDT", "bids": [[132.72, 224.59], [132.71, 357.77], [132.7, 808.01], [132.69, 1562.19], [132.68, 1713.21], [132.67, 1338.49], [132.66, 2052.73], [132.65, 1027.07], [132.64, 1382.4], [132.63, 1660.55], [132.62, 1020.57], [132.61, 3153.42], [132.6, 2543.77], [132.59, 624.35], [132.58, 952.14], [132.57, 1597.74], [132.56, 2699.93], [132.55, 2383.45], [132.54, 942.77], [132.53, 986.08]], "asks": [[132.73, 1098.52], [132.74, 1258.43], [132.75, 1873.7], [132.76, 2981.67], [132.77, 4108.97], [132.78, 3380.29], [132.79, 3067.73], [132.8, 3595.54], [132.81, 1707.58], [132.82, 1827.23], [132.83, 5735.22], [132.84, 1304.86], [132.85, 1349.33], [132.86, 2096.21], [132.87, 1122.29], [132.88, 1027.93], [132.89, 1539.48], [132.9, 1204.53], [132.91, 670.61], [132.92, 1810.08]], "timestamp": "2025-12-14T08:57:33.123877+00:00"}, {"symbol": "SOLUSDT", "bids": [[132.61, 433.06], [132.6, 742.29], [132.59, 392.19], [132.58, 1293.68], [132.57, 2085.58], [132.56, 1320.12], [132.55, 1234.78], [132.54, 1980.48], [132.53, 1810.71], [132.52, 4037.09], [132.51, 2682.41], [132.5, 4075.79], [132.49, 1598.87], [132.48, 885.63], [132.47, 850.24], [132.46, 1484.98], [132.45, 3482.95], [132.44, 1237.93], [132.43, 1917.85], [132.42, 1796.84]], "asks": [[132.62, 1224.83], [132.63, 526.41], [132.64, 1114.59], [132.65, 1598.18], [132.66, 2803.59], [132.67, 1146.74], [132.68, 2057.47], [132.69, 2625.81], [132.7, 1736.81], [132.71, 3673.32], [132.72, 592.2], [132.73, 1521.51], [132.74, 1331.96], [132.75, 886.44], [132.76, 1021.12], [132.77, 1786.33], [132.78, 913.63], [132.79, 2820.36], [132.8, 1486.58], [132.81, 979.43]], "timestamp": "2025-12-14T08:58:26.329260+00:00"}, {"symbol": "SOLUSDT", "bids": [[132.6, 980.62], [132.59, 607.89], [132.58, 795.31], [132.57, 897.29], [132.56, 1402.84], [132.55, 2311.51], [132.54, 1857.04], [132.53, 1706.5], [132.52, 1880.68], [132.51, 2927.14], [132.5, 7089.18], [132.49, 1489.39], [132.48, 1922.32], [132.47, 835.0], [132.46, 1143.53], [132.45, 2223.3], [132.44, 1355.44], [132.43, 3670.48], [132.42, 1701.29], [132.41, 1160.05]], "asks": [[132.61, 210.46], [132.62, 1324.09], [132.63, 2020.08], [132.64, 912.92], [132.65, 2057.0], [132.66, 1747.57], [132.67, 942.64], [132.68, 1360.84], [132.69, 2039.04], [132.7, 3405.47], [132.71, 1250.64], [132.72, 853.8], [132.73, 1362.15], [132.74, 1412.85], [132.75, 1278.41], [132.76, 1003.74], [132.77, 1864.22], [132.78, 1162.51], [132.79, 2948.84], [132.8, 1454.22]], "timestamp": "2025-12-14T08:59:19.113165+00:00"}, {"symbol": "SOLUSDT", "bids": [[132.58, 610.56], [132.57, 772.1], [132.56, 1162.74], [132.55, 1586.16], [132.54, 1954.9], [132.53, 1616.59], [132.52, 1428.77], [132.51, 2474.76], [132.5, 5130.91], [132.49, 4682.53], [132.48, 1951.59], [132.47, 787.28], [132.46, 1324.07], [132.45, 2253.43], [132.44, 1057.14], [132.43, 2412.47], [132.42, 3206.65], [132.41, 1102.7], [132.4, 3947.36], [132.39, 1234.29]], "asks": [[132.59, 581.44], [132.6, 992.74], [132.61, 1161.88], [132.62, 1235.91], [132.63, 2660.46], [132.64, 1621.67], [132.65, 1606.02], [132.66, 1814.17], [132.67, 1367.66], [132.68, 3312.33], [132.69, 1713.36], [132.7, 1411.81], [132.71, 1029.28], [132.72, 818.76], [132.73, 1501.72], [132.74, 1436.79], [132.75, 903.9], [132.76, 1204.19], [132.77, 1850.44], [132.78, 872.69]], "timestamp": "2025-12-14T09:00:12.374305+00:00"}, {"symbol": "SOLUSDT", "bids": [[132.65, 456.77], [132.64, 478.96], [132.63, 446.84], [132.62, 811.82], [132.61, 1252.71], [132.6, 2625.04], [132.59, 1210.95], [132.58, 1424.94], [132.57, 2432.86], [132.56, 4500.96], [132.55, 2487.27], [132.54, 2033.56], [132.53, 1036.98], [132.52, 1243.31], [132.51, 2705.0], [132.5, 4403.8], [132.49, 1319.87], [132.48, 2291.36], [132.47, 2574.28], [132.46, 1114.77]], "asks": [[132.66, 1167.06], [132.67, 989.31], [132.68, 1312.06], [132.69, 2026.38], [132.7, 1974.58], [132.71, 1083.11], [132.72, 1194.67], [132.73, 1639.31], [132.74, 1714.7], [132.75, 3185.91], [132.76, 1049.49], [132.77, 1659.54], [132.78, 734.03], [132.79, 1871.69], [132.8, 1600.75], [132.81, 1319.91], [132.82, 3185.68], [132.83, 3494.3], [132.84, 632.21], [132.85, 1370.85]], "timestamp": "2025-12-14T09:01:04.929666+00:00"}, {"symbol": "SOLUSDT", "bids": [[132.61, 878.27], [132.6, 606.79], [132.59, 529.24], [132.58, 1073.76], [132.57, 2220.03], [132.56, 1246.82], [132.55, 2275.81], [132.54, 1863.1], [132.53, 1497.95], [132.52, 4037.07], [132.51, 2741.56], [132.5, 4579.38], [132.49, 1685.28], [132.48, 1951.47], [132.47, 954.2], [132.46, 1159.18], [132.45, 2195.4], [132.44, 1190.61], [132.43, 2142.55], [132.42, 3662.55]], "asks": [[132.62, 570.23], [132.63, 598.12], [132.64, 1042.82], [132.65, 1735.92], [132.66, 1361.16], [132.67, 1171.81], [132.68, 1226.21], [132.69, 1619.17], [132.7, 1757.04], [132.71, 3105.0], [132.72, 630.88], [132.73, 1313.91], [132.74, 1565.74], [132.75, 1389.87], [132.76, 1204.82], [132.77, 1572.06], [132.78, 1165.5], [132.79, 1870.01], [132.8, 3043.0], [132.81, 1236.34]], "timestamp": "2025-12-14T09:01:58.236343+00:00"}, {"symbol": "SOLUSDT", "bids": [[132.64, 1769.53], [132.63, 639.32], [132.62, 1159.65], [132.61, 1048.21], [132.6, 1437.2], [132.59, 1413.75], [132.58, 1620.81], [132.57, 2707.81], [132.56, 1810.88], [132.55, 4725.7], [132.54, 1948.15], [132.53, 1152.14], [132.52, 1517.06], [132.51, 3302.25], [132.5, 4314.49], [132.49, 1086.37], [132.48, 1926.71], [132.47, 1590.33], [132.46, 1355.18], [132.45, 3771.85]], "asks": [[132.65, 644.82], [132.66, 272.4], [132.67, 1093.08], [132.68, 1107.92], [132.69, 2127.01], [132.7, 1122.11], [132.71, 1098.59], [132.72, 1023.44], [132.73, 1559.39], [132.74, 1871.8], [132.75, 3061.04], [132.76, 981.02], [132.77, 1651.8], [132.78, 984.93], [132.79, 2117.42], [132.8, 3449.16], [132.81, 1709.99], [132.82, 3001.07], [132.83, 1646.95], [132.84, 729.97]], "timestamp": "2025-12-14T09:02:52.138219+00:00"}, {"symbol": "SOLUSDT", "bids": [[132.6, 653.96], [132.59, 472.25], [132.58, 878.33], [132.57, 1088.62], [132.56, 1398.24], [132.55, 1683.45], [132.54, 2062.28], [132.53, 1273.87], [132.52, 1244.86], [132.51, 3258.99], [132.5, 7215.95], [132.49, 1630.14], [132.48, 2009.88], [132.47, 1418.89], [132.46, 1554.35], [132.45, 2406.82], [132.44, 2477.92], [132.43, 1437.23], [132.42, 1675.35], [132.41, 1069.41]], "asks": [[132.61, 779.81], [132.62, 1158.33], [132.63, 1839.52], [132.64, 1929.88], [132.65, 2253.57], [132.66, 1843.3], [132.67, 1174.29], [132.68, 1125.15], [132.69, 1747.7], [132.7, 1676.89], [132.71, 3063.33], [132.72, 835.49], [132.73, 1138.34], [132.74, 1438.57], [132.75, 1334.08], [132.76, 1108.56], [132.77, 2102.85], [132.78, 2267.05], [132.79, 1599.93], [132.8, 1362.14]], "timestamp": "2025-12-14T09:03:44.971593+00:00"}, {"symbol": "SOLUSDT", "bids": [[132.54, 33.93], [132.53, 363.12], [132.52, 759.25], [132.51, 1927.39], [132.5, 4237.85], [132.49, 927.73], [132.48, 2512.66], [132.47, 732.56], [132.46, 1565.41], [132.45, 2707.59], [132.44, 3219.7], [132.43, 1853.64], [132.42, 2038.13], [132.41, 1055.09], [132.4, 2766.28], [132.39, 4548.01], [132.38, 606.23], [132.37, 746.28], [132.36, 1961.48], [132.35, 773.02]], "asks": [[132.55, 1432.69], [132.56, 1144.6], [132.57, 1539.67], [132.58, 1371.64], [132.59, 2376.05], [132.6, 2617.26], [132.61, 1698.56], [132.62, 1366.72], [132.63, 2408.64], [132.64, 1542.71], [132.65, 3518.34], [132.66, 1897.14], [132.67, 1107.22], [132.68, 1078.5], [132.69, 2098.16], [132.7, 1700.63], [132.71, 1185.43], [132.72, 1978.99], [132.73, 956.53], [132.74, 1610.69]], "timestamp": "2025-12-14T09:04:38.196113+00:00"}, {"symbol": "SOLUSDT", "bids": [[132.58, 645.37], [132.57, 449.85], [132.56, 434.09], [132.55, 1888.98], [132.54, 1867.5], [132.53, 1135.42], [132.52, 1181.36], [132.51, 2583.14], [132.5, 4624.16], [132.49, 3562.96], [132.48, 2172.83], [132.47, 750.89], [132.46, 1805.13], [132.45, 3468.56], [132.44, 1227.39], [132.43, 2445.49], [132.42, 1623.18], [132.41, 660.46], [132.4, 2777.71], [132.39, 2270.75]], "asks": [[132.59, 650.14], [132.6, 2337.3], [132.61, 6793.42], [132.62, 690.83], [132.63, 1656.25], [132.64, 1489.76], [132.65, 1318.67], [132.66, 2325.87], [132.67, 1386.68], [132.68, 1782.32], [132.69, 4047.78], [132.7, 1597.76], [132.71, 1523.38], [132.72, 700.74], [132.73, 1170.46], [132.74, 1465.26], [132.75, 1343.27], [132.76, 1172.88], [132.77, 1400.46], [132.78, 1035.13]], "timestamp": "2025-12-14T09:05:31.189416+00:00"}, {"symbol": "SOLUSDT", "bids": [[132.58, 367.22], [132.57, 379.0], [132.56, 456.32], [132.55, 1977.98], [132.54, 1955.73], [132.53, 1082.27], [132.52, 1085.18], [132.51, 2587.57], [132.5, 4488.1], [132.49, 3457.61], [132.48, 2172.46], [132.47, 754.79], [132.46, 1627.27], [132.45, 2131.27], [132.44, 1124.32], [132.43, 4153.35], [132.42, 1620.92], [132.41, 655.94], [132.4, 2785.32], [132.39, 2279.66]], "asks": [[132.59, 754.31], [132.6, 2029.02], [132.61, 6761.63], [132.62, 720.84], [132.63, 1475.41], [132.64, 1374.24], [132.65, 1277.67], [132.66, 2311.12], [132.67, 1484.97], [132.68, 1867.86], [132.69, 4818.52], [132.7, 1593.24], [132.71, 1276.75], [132.72, 771.31], [132.73, 1345.21], [132.74, 1387.42], [132.75, 1227.53], [132.76, 1286.61], [132.77, 2908.3], [132.78, 761.57]], "timestamp": "2025-12-14T09:06:24.928014+00:00"}, {"symbol": "SOLUSDT", "bids": [[132.68, 601.41], [132.67, 466.21], [132.66, 1362.08], [132.65, 853.18], [132.64, 1240.2], [132.63, 2249.75], [132.62, 1346.71], [132.61, 1019.52], [132.6, 2097.7], [132.59, 3393.57], [132.58, 1308.71], [132.57, 2064.71], [132.56, 727.28], [132.55, 1088.17], [132.54, 1939.76], [132.53, 2486.06], [132.52, 1369.7], [132.51, 3005.41], [132.5, 4321.96], [132.49, 1239.06]], "asks": [[132.69, 653.41], [132.7, 1043.22], [132.71, 1366.09], [132.72, 1163.75], [132.73, 1982.35], [132.74, 1883.11], [132.75, 1485.54], [132.76, 1114.64], [132.77, 1878.93], [132.78, 3077.94], [132.79, 1359.86], [132.8, 1656.24], [132.81, 1311.96], [132.82, 2611.55], [132.83, 1688.07], [132.84, 733.39], [132.85, 833.81], [132.86, 1095.26], [132.87, 549.09], [132.88, 957.04]], "timestamp": "2025-12-14T09:07:18.055329+00:00"}, {"symbol": "SOLUSDT", "bids": [[132.68, 1427.9], [132.67, 1440.1], [132.66, 487.18], [132.65, 1331.91], [132.64, 772.71], [132.63, 2196.72], [132.62, 908.84], [132.61, 1094.82], [132.6, 2041.43], [132.59, 2873.77], [132.58, 1305.18], [132.57, 2071.64], [132.56, 760.01], [132.55, 1080.82], [132.54, 1711.3], [132.53, 780.32], [132.52, 1544.95], [132.51, 2984.65], [132.5, 5729.31], [132.49, 1194.96]], "asks": [[132.69, 492.75], [132.7, 900.07], [132.71, 1348.47], [132.72, 948.44], [132.73, 1822.19], [132.74, 1982.62], [132.75, 1582.4], [132.76, 1293.37], [132.77, 2133.49], [132.78, 3055.42], [132.79, 1368.05], [132.8, 1636.15], [132.81, 1021.75], [132.82, 1527.46], [132.83, 1592.97], [132.84, 936.34], [132.85, 2162.87], [132.86, 1108.53], [132.87, 766.09], [132.88, 863.44]], "timestamp": "2025-12-14T09:08:11.139406+00:00"}, {"symbol": "SOLUSDT", "bids": [[132.68, 190.46], [132.67, 489.27], [132.66, 728.74], [132.65, 1799.95], [132.64, 1439.72], [132.63, 2391.55], [132.62, 1129.0], [132.61, 1178.85], [132.6, 2226.99], [132.59, 3134.4], [132.58, 1477.77], [132.57, 2090.24], [132.56, 570.77], [132.55, 1277.91], [132.54, 1685.3], [132.53, 1107.99], [132.52, 3086.32], [132.51, 2983.89], [132.5, 4310.32], [132.49, 1116.79]], "asks": [[132.69, 818.46], [132.7, 1456.53], [132.71, 1847.46], [132.72, 878.13], [132.73, 2022.68], [132.74, 2145.99], [132.75, 1146.22], [132.76, 1240.4], [132.77, 1685.34], [132.78, 2935.3], [132.79, 1459.1], [132.8, 1751.98], [132.81, 1049.58], [132.82, 1113.57], [132.83, 1740.59], [132.84, 721.67], [132.85, 800.62], [132.86, 1348.04], [132.87, 2140.96], [132.88, 844.23]], "timestamp": "2025-12-14T09:09:04.190327+00:00"}, {"symbol": "SOLUSDT", "bids": [[132.69, 358.84], [132.68, 1227.05], [132.67, 569.39], [132.66, 869.5], [132.65, 1300.88], [132.64, 1048.78], [132.63, 2108.83], [132.62, 817.77], [132.61, 1432.1], [132.6, 4203.77], [132.59, 962.03], [132.58, 1296.3], [132.57, 1754.5], [132.56, 712.6], [132.55, 1850.4], [132.54, 3344.24], [132.53, 1469.86], [132.52, 1105.65], [132.51, 2428.59], [132.5, 4196.97]], "asks": [[132.7, 1216.51], [132.71, 1590.39], [132.72, 1181.37], [132.73, 1538.83], [132.74, 2060.55], [132.75, 1870.81], [132.76, 1213.89], [132.77, 1513.35], [132.78, 1407.8], [132.79, 3588.05], [132.8, 1805.83], [132.81, 1002.13], [132.82, 721.39], [132.83, 1739.72], [132.84, 932.35], [132.85, 801.87], [132.86, 1369.34], [132.87, 2500.99], [132.88, 1319.18], [132.89, 956.68]], "timestamp": "2025-12-14T09:09:57.309747+00:00"}, {"symbol": "SOLUSDT", "bids": [[132.65, 480.78], [132.64, 1459.87], [132.63, 682.87], [132.62, 956.24], [132.61, 1467.32], [132.6, 2057.28], [132.59, 1027.24], [132.58, 1210.59], [132.57, 2223.67], [132.56, 2874.24], [132.55, 1172.37], [132.54, 1559.8], [132.53, 1418.37], [132.52, 1079.12], [132.51, 2384.03], [132.5, 5848.7], [132.49, 1404.44], [132.48, 1607.0], [132.47, 1194.93], [132.46, 2055.06]], "asks": [[132.66, 753.19], [132.67, 1174.2], [132.68, 1949.9], [132.69, 2164.33], [132.7, 2382.95], [132.71, 2647.0], [132.72, 1796.8], [132.73, 1304.8], [132.74, 1681.04], [132.75, 1697.07], [132.76, 3454.57], [132.77, 1633.76], [132.78, 1012.1], [132.79, 1574.54], [132.8, 2700.67], [132.81, 1134.68], [132.82, 1566.4], [132.83, 2991.33], [132.84, 615.75], [132.85, 518.06]], "timestamp": "2025-12-14T09:10:50.558353+00:00"}, {"symbol": "SOLUSDT", "bids": [[132.62, 341.13], [132.61, 473.53], [132.6, 1249.91], [132.59, 657.65], [132.58, 1499.26], [132.57, 1887.58], [132.56, 1352.31], [132.55, 1173.37], [132.54, 2115.01], [132.53, 3870.63], [132.52, 1081.82], [132.51, 2424.17], [132.5, 3801.12], [132.49, 1213.26], [132.48, 2112.78], [132.47, 2796.35], [132.46, 1231.47], [132.45, 1801.92], [132.44, 1154.53], [132.43, 2413.81]], "asks": [[132.63, 1877.78], [132.64, 1318.16], [132.65, 1609.24], [132.66, 1353.87], [132.67, 1844.93], [132.68, 2893.86], [132.69, 1674.56], [132.7, 1823.82], [132.71, 2817.23], [132.72, 3746.87], [132.73, 1024.37], [132.74, 1815.22], [132.75, 1104.44], [132.76, 950.8], [132.77, 1603.03], [132.78, 935.28], [132.79, 1604.97], [132.8, 2204.94], [132.81, 1028.2], [132.82, 1222.15]], "timestamp": "2025-12-14T09:11:43.355127+00:00"}, {"symbol": "SOLUSDT", "bids": [[132.55, 608.73], [132.54, 690.87], [132.53, 790.74], [132.52, 1142.56], [132.51, 2313.99], [132.5, 4262.81], [132.49, 1263.27], [132.48, 2165.25], [132.47, 1174.06], [132.46, 3971.4], [132.45, 1994.35], [132.44, 986.07], [132.43, 1816.29], [132.42, 1821.41], [132.41, 1211.82], [132.4, 2821.69], [132.39, 1749.01], [132.38, 2535.59], [132.37, 686.1], [132.36, 1082.76]], "asks": [[132.56, 583.27], [132.57, 935.19], [132.58, 1360.52], [132.59, 1840.66], [132.6, 2061.6], [132.61, 1865.66], [132.62, 2035.35], [132.63, 1089.01], [132.64, 2032.67], [132.65, 4678.53], [132.66, 984.19], [132.67, 1093.35], [132.68, 1843.32], [132.69, 655.41], [132.7, 1470.44], [132.71, 1695.62], [132.72, 1469.22], [132.73, 2727.34], [132.74, 1719.08], [132.75, 429.13]], "timestamp": "2025-12-14T09:12:37.055764+00:00"}, {"symbol": "SOLUSDT", "bids": [[132.55, 1200.16], [132.54, 495.22], [132.53, 699.58], [132.52, 1521.98], [132.51, 2124.52], [132.5, 4176.96], [132.49, 1670.78], [132.48, 2088.82], [132.47, 1775.96], [132.46, 4258.3], [132.45, 2737.47], [132.44, 1932.4], [132.43, 1995.4], [132.42, 2299.0], [132.41, 1386.07], [132.4, 4160.81], [132.39, 1567.59], [132.38, 821.09], [132.37, 838.77], [132.36, 1909.01]], "asks": [[132.56, 497.63], [132.57, 651.13], [132.58, 1390.53], [132.59, 1894.52], [132.6, 2127.34], [132.61, 1541.07], [132.62, 1791.93], [132.63, 1004.92], [132.64, 1559.8], [132.65, 2194.38], [132.66, 3353.28], [132.67, 1172.09], [132.68, 1825.86], [132.69, 582.21], [132.7, 1757.57], [132.71, 1549.11], [132.72, 1310.31], [132.73, 1417.4], [132.74, 3352.9], [132.75, 1498.06]], "timestamp": "2025-12-14T09:13:30.098073+00:00"}, {"symbol": "SOLUSDT", "bids": [[132.51, 560.76], [132.5, 3462.53], [132.49, 1139.47], [132.48, 1896.46], [132.47, 1317.98], [132.46, 1687.0], [132.45, 2615.26], [132.44, 958.99], [132.43, 2135.0], [132.42, 2530.93], [132.41, 4498.56], [132.4, 2453.86], [132.39, 1565.91], [132.38, 2630.03], [132.37, 1080.05], [132.36, 2048.23], [132.35, 1430.99], [132.34, 818.51], [132.33, 921.25], [132.32, 1787.26]], "asks": [[132.52, 1665.63], [132.53, 874.01], [132.54, 1724.7], [132.55, 2006.59], [132.56, 3526.89], [132.57, 1168.67], [132.58, 1610.85], [132.59, 1725.09], [132.6, 1215.91], [132.61, 1786.89], [132.62, 3789.2], [132.63, 931.43], [132.64, 1300.22], [132.65, 2255.18], [132.66, 985.05], [132.67, 1315.51], [132.68, 1664.88], [132.69, 817.44], [132.7, 1630.65], [132.71, 1458.85]], "timestamp": "2025-12-14T09:14:23.201953+00:00"}, {"symbol": "SOLUSDT", "bids": [[132.5, 1038.82], [132.49, 1646.64], [132.48, 837.36], [132.47, 1597.84], [132.46, 1488.27], [132.45, 2673.14], [132.44, 2317.78], [132.43, 1397.54], [132.42, 1968.59], [132.41, 5006.93], [132.4, 2282.85], [132.39, 938.33], [132.38, 692.88], [132.37, 987.95], [132.36, 2110.58], [132.35, 918.51], [132.34, 1869.05], [132.33, 2763.06], [132.32, 1868.68], [132.31, 1766.24]], "asks": [[132.51, 54.11], [132.52, 141.96], [132.53, 1943.25], [132.54, 799.31], [132.55, 1431.98], [132.56, 2435.77], [132.57, 963.84], [132.58, 1524.8], [132.59, 1717.33], [132.6, 938.0], [132.61, 2074.08], [132.62, 3783.63], [132.63, 1080.04], [132.64, 1265.37], [132.65, 2075.85], [132.66, 1307.03], [132.67, 1471.15], [132.68, 1716.7], [132.69, 839.94], [132.7, 2824.63]], "timestamp": "2025-12-14T09:15:15.982998+00:00"}, {"symbol": "SOLUSDT", "bids": [[132.51, 1083.39], [132.5, 894.46], [132.49, 672.8], [132.48, 1253.87], [132.47, 1881.84], [132.46, 776.22], [132.45, 1296.15], [132.44, 1844.98], [132.43, 1005.48], [132.42, 1255.75], [132.41, 4108.11], [132.4, 2177.78], [132.39, 1170.1], [132.38, 1662.56], [132.37, 3052.26], [132.36, 2115.55], [132.35, 1036.72], [132.34, 1037.54], [132.33, 1605.38], [132.32, 1889.29]], "asks": [[132.52, 303.11], [132.53, 291.67], [132.54, 1144.23], [132.55, 1060.75], [132.56, 2483.46], [132.57, 1417.61], [132.58, 1475.64], [132.59, 2084.85], [132.6, 993.21], [132.61, 1740.86], [132.62, 3926.0], [132.63, 798.11], [132.64, 1260.76], [132.65, 2563.69], [132.66, 704.98], [132.67, 1443.09], [132.68, 1836.22], [132.69, 825.4], [132.7, 1409.05], [132.71, 1712.41]], "timestamp": "2025-12-14T09:16:09.127576+00:00"}, {"symbol": "SOLUSDT", "bids": [[132.51, 1053.69], [132.5, 967.95], [132.49, 618.35], [132.48, 1194.07], [132.47, 1952.5], [132.46, 875.11], [132.45, 1676.78], [132.44, 1912.97], [132.43, 973.89], [132.42, 1319.08], [132.41, 3699.07], [132.4, 1422.18], [132.39, 1203.96], [132.38, 1476.23], [132.37, 3457.36], [132.36, 2016.75], [132.35, 926.73], [132.34, 931.86], [132.33, 874.36], [132.32, 1634.13]], "asks": [[132.52, 216.46], [132.53, 649.82], [132.54, 669.63], [132.55, 1353.17], [132.56, 2773.31], [132.57, 1521.33], [132.58, 2046.8], [132.59, 2083.43], [132.6, 1036.66], [132.61, 1790.79], [132.62, 3838.9], [132.63, 860.89], [132.64, 1248.44], [132.65, 2475.65], [132.66, 820.96], [132.67, 1327.36], [132.68, 1837.58], [132.69, 852.72], [132.7, 1608.57], [132.71, 3220.68]], "timestamp": "2025-12-14T09:17:02.378202+00:00"}, {"symbol": "SOLUSDT", "bids": [[132.59, 858.26], [132.58, 770.11], [132.57, 826.63], [132.56, 1277.79], [132.55, 1963.96], [132.54, 1183.95], [132.53, 2324.9], [132.52, 1014.57], [132.51, 1512.65], [132.5, 4176.88], [132.49, 775.23], [132.48, 1137.34], [132.47, 1540.21], [132.46, 1317.07], [132.45, 1100.92], [132.44, 1676.85], [132.43, 1155.56], [132.42, 3313.56], [132.41, 1757.68], [132.4, 1792.2]], "asks": [[132.6, 362.77], [132.61, 797.41], [132.62, 1862.18], [132.63, 828.83], [132.64, 1803.25], [132.65, 3078.54], [132.66, 785.83], [132.67, 1380.88], [132.68, 1636.47], [132.69, 1235.18], [132.7, 3627.3], [132.71, 1863.73], [132.72, 1020.73], [132.73, 1031.57], [132.74, 951.53], [132.75, 1090.8], [132.76, 3000.6], [132.77, 2062.96], [132.78, 612.83], [132.79, 1703.95]], "timestamp": "2025-12-14T09:17:55.416225+00:00"}, {"symbol": "SOLUSDT", "bids": [[132.57, 496.46], [132.56, 503.87], [132.55, 1278.77], [132.54, 684.52], [132.53, 1727.14], [132.52, 1174.62], [132.51, 1160.35], [132.5, 2331.72], [132.49, 724.46], [132.48, 1493.79], [132.47, 3730.42], [132.46, 1400.02], [132.45, 1041.17], [132.44, 1777.59], [132.43, 1305.83], [132.42, 2990.86], [132.41, 1863.1], [132.4, 1803.66], [132.39, 1064.42], [132.38, 1122.09]], "asks": [[132.58, 1927.88], [132.59, 1009.48], [132.6, 1231.5], [132.61, 1636.8], [132.62, 2612.04], [132.63, 1074.93], [132.64, 1401.42], [132.65, 2302.69], [132.66, 991.42], [132.67, 3377.65], [132.68, 1702.18], [132.69, 695.23], [132.7, 1724.91], [132.71, 1722.79], [132.72, 1138.28], [132.73, 1005.67], [132.74, 868.51], [132.75, 1020.47], [132.76, 2985.91], [132.77, 1964.47]], "timestamp": "2025-12-14T09:18:48.096152+00:00"}, {"symbol": "SOLUSDT", "bids": [[132.57, 779.5], [132.56, 711.4], [132.55, 1218.25], [132.54, 888.23], [132.53, 1592.81], [132.52, 1197.16], [132.51, 1131.96], [132.5, 2445.01], [132.49, 860.37], [132.48, 1643.36], [132.47, 3564.76], [132.46, 1377.23], [132.45, 1026.04], [132.44, 1961.17], [132.43, 1534.0], [132.42, 2959.08], [132.41, 1880.1], [132.4, 1917.53], [132.39, 1080.24], [132.38, 1146.99]], "asks": [[132.58, 193.11], [132.59, 667.65], [132.6, 1324.64], [132.61, 1202.51], [132.62, 2779.12], [132.63, 1032.49], [132.64, 1490.22], [132.65, 2253.76], [132.66, 1407.74], [132.67, 3212.78], [132.68, 1602.05], [132.69, 1011.54], [132.7, 1435.2], [132.71, 1932.79], [132.72, 977.0], [132.73, 1244.86], [132.74, 951.97], [132.75, 2359.95], [132.76, 2757.98], [132.77, 495.21]], "timestamp": "2025-12-14T09:19:41.100478+00:00"}, {"symbol": "SOLUSDT", "bids": [[132.62, 1114.68], [132.61, 642.45], [132.6, 1447.27], [132.59, 1138.15], [132.58, 1758.43], [132.57, 1075.88], [132.56, 2042.39], [132.55, 1089.18], [132.54, 1511.27], [132.53, 4528.26], [132.52, 962.82], [132.51, 1079.62], [132.5, 2127.35], [132.49, 1248.93], [132.48, 1516.28], [132.47, 1667.91], [132.46, 1469.2], [132.45, 1083.25], [132.44, 1831.59], [132.43, 1398.69]], "asks": [[132.63, 727.74], [132.64, 928.02], [132.65, 2316.95], [132.66, 891.78], [132.67, 1444.51], [132.68, 2291.38], [132.69, 984.65], [132.7, 1277.1], [132.71, 2405.75], [132.72, 3050.92], [132.73, 1111.3], [132.74, 1163.71], [132.75, 2416.47], [132.76, 673.67], [132.77, 1470.0], [132.78, 681.58], [132.79, 1071.2], [132.8, 1580.9], [132.81, 847.42], [132.82, 795.55]], "timestamp": "2025-12-14T09:20:34.260823+00:00"}, {"symbol": "SOLUSDT", "bids": [[132.58, 498.09], [132.57, 215.13], [132.56, 591.5], [132.55, 1099.26], [132.54, 1691.15], [132.53, 2506.5], [132.52, 1041.46], [132.51, 906.83], [132.5, 2086.39], [132.49, 1564.82], [132.48, 3322.74], [132.47, 1696.05], [132.46, 1176.08], [132.45, 2499.13], [132.44, 1895.99], [132.43, 1277.14], [132.42, 1431.12], [132.41, 1969.74], [132.4, 1738.96], [132.39, 1230.11]], "asks": [[132.59, 1383.47], [132.6, 1481.14], [132.61, 1632.02], [132.62, 1990.65], [132.63, 1898.88], [132.64, 1677.83], [132.65, 2305.94], [132.66, 906.39], [132.67, 1751.17], [132.68, 4125.69], [132.69, 792.34], [132.7, 1459.12], [132.71, 2659.99], [132.72, 898.87], [132.73, 744.69], [132.74, 1045.28], [132.75, 548.31], [132.76, 788.4], [132.77, 1529.74], [132.78, 613.03]], "timestamp": "2025-12-14T09:21:27.353830+00:00"}, {"symbol": "SOLUSDT", "bids": [[132.55, 707.06], [132.54, 496.29], [132.53, 902.74], [132.52, 845.33], [132.51, 1366.27], [132.5, 2184.58], [132.49, 792.08], [132.48, 1304.56], [132.47, 2243.73], [132.46, 3556.22], [132.45, 1025.6], [132.44, 1928.86], [132.43, 2701.47], [132.42, 1437.2], [132.41, 1980.52], [132.4, 1866.7], [132.39, 1338.62], [132.38, 1005.57], [132.37, 3286.17], [132.36, 1999.91]], "asks": [[132.56, 414.46], [132.57, 892.51], [132.58, 1567.55], [132.59, 2370.07], [132.6, 2106.97], [132.61, 1174.08], [132.62, 2035.0], [132.63, 967.22], [132.64, 1822.19], [132.65, 4401.49], [132.66, 628.53], [132.67, 1331.2], [132.68, 1989.63], [132.69, 960.85], [132.7, 1612.83], [132.71, 2187.78], [132.72, 820.89], [132.73, 1163.1], [132.74, 894.15], [132.75, 524.23]], "timestamp": "2025-12-14T09:22:20.334708+00:00"}, {"symbol": "SOLUSDT", "bids": [[132.48, 745.03], [132.47, 1402.99], [132.46, 629.02], [132.45, 861.3], [132.44, 1483.35], [132.43, 1481.45], [132.42, 3221.46], [132.41, 3349.02], [132.4, 2174.66], [132.39, 3857.3], [132.38, 2213.49], [132.37, 972.82], [132.36, 1382.15], [132.35, 1733.44], [132.34, 1684.22], [132.33, 932.54], [132.32, 1293.6], [132.31, 1814.86], [132.3, 5218.53], [132.29, 1162.1]], "asks": [[132.49, 742.82], [132.5, 1346.67], [132.51, 897.94], [132.52, 1335.47], [132.53, 2501.6], [132.54, 867.85], [132.55, 1429.5], [132.56, 2051.17], [132.57, 1038.96], [132.58, 1813.87], [132.59, 3769.12], [132.6, 809.17], [132.61, 1112.01], [132.62, 1548.75], [132.63, 922.97], [132.64, 1076.14], [132.65, 2009.9], [132.66, 1336.42], [132.67, 2876.7], [132.68, 1945.75]], "timestamp": "2025-12-14T09:23:13.960777+00:00"}, {"symbol": "SOLUSDT", "bids": [[132.41, 1168.17], [132.4, 717.97], [132.39, 700.05], [132.38, 448.8], [132.37, 966.97], [132.36, 1213.24], [132.35, 1270.42], [132.34, 2663.17], [132.33, 3400.6], [132.32, 879.82], [132.31, 1362.06], [132.3, 4871.96], [132.29, 1335.51], [132.28, 722.29], [132.27, 1599.94], [132.26, 3408.43], [132.25, 1354.39], [132.24, 817.37], [132.23, 1222.72], [132.22, 2643.62]], "asks": [[132.42, 513.24], [132.43, 1522.95], [132.44, 1532.48], [132.45, 2417.08], [132.46, 4301.94], [132.47, 3641.73], [132.48, 2749.52], [132.49, 2419.99], [132.5, 1303.74], [132.51, 1257.29], [132.52, 3927.88], [132.53, 2260.78], [132.54, 1289.89], [132.55, 1415.57], [132.56, 1822.83], [132.57, 544.56], [132.58, 1151.71], [132.59, 1552.78], [132.6, 1201.6], [132.61, 836.02]], "timestamp": "2025-12-14T09:24:06.934725+00:00"}, {"symbol": "SOLUSDT", "bids": [[132.47, 174.36], [132.46, 532.1], [132.45, 1348.59], [132.44, 885.53], [132.43, 884.54], [132.42, 1194.4], [132.41, 1705.44], [132.4, 2272.8], [132.39, 1417.98], [132.38, 2818.57], [132.37, 1924.48], [132.36, 989.93], [132.35, 1202.88], [132.34, 2198.73], [132.33, 1172.12], [132.32, 1283.16], [132.31, 3307.12], [132.3, 5304.53], [132.29, 1143.79], [132.28, 854.61]], "asks": [[132.48, 774.19], [132.49, 1474.85], [132.5, 1431.45], [132.51, 1317.26], [132.52, 1955.9], [132.53, 2911.42], [132.54, 1152.53], [132.55, 1522.59], [132.56, 2244.07], [132.57, 3580.37], [132.58, 1946.11], [132.59, 1920.56], [132.6, 2237.99], [132.61, 894.43], [132.62, 1700.65], [132.63, 568.31], [132.64, 900.6], [132.65, 2087.18], [132.66, 2431.84], [132.67, 1149.35]], "timestamp": "2025-12-14T09:24:59.885228+00:00"}, {"symbol": "SOLUSDT", "bids": [[132.41, 402.48], [132.4, 436.02], [132.39, 810.41], [132.38, 722.83], [132.37, 1121.34], [132.36, 1291.08], [132.35, 1841.85], [132.34, 1403.47], [132.33, 3599.9], [132.32, 1825.5], [132.31, 1332.88], [132.3, 4297.19], [132.29, 2162.03], [132.28, 758.67], [132.27, 1723.84], [132.26, 2192.75], [132.25, 3239.06], [132.24, 723.13], [132.23, 2069.69], [132.22, 2729.43]], "asks": [[132.42, 1394.38], [132.43, 1091.8], [132.44, 2656.02], [132.45, 1215.8], [132.46, 1627.86], [132.47, 2705.09], [132.48, 1319.4], [132.49, 1573.56], [132.5, 1585.55], [132.51, 3618.8], [132.52, 2095.97], [132.53, 1338.49], [132.54, 1310.25], [132.55, 2026.82], [132.56, 970.16], [132.57, 868.5], [132.58, 2000.35], [132.59, 866.03], [132.6, 3352.9], [132.61, 694.05]], "timestamp": "2025-12-14T09:25:53.112465+00:00"}, {"symbol": "SOLUSDT", "bids": [[132.39, 872.33], [132.38, 490.79], [132.37, 624.03], [132.36, 1194.9], [132.35, 1794.5], [132.34, 1169.46], [132.33, 3570.39], [132.32, 1830.42], [132.31, 1482.71], [132.3, 3964.32], [132.29, 2179.4], [132.28, 932.74], [132.27, 998.09], [132.26, 2043.82], [132.25, 2045.7], [132.24, 2428.86], [132.23, 2320.53], [132.22, 2534.54], [132.21, 2205.94], [132.2, 1969.66]], "asks": [[132.4, 536.08], [132.41, 724.27], [132.42, 1115.31], [132.43, 2174.73], [132.44, 2794.95], [132.45, 1780.41], [132.46, 1976.42], [132.47, 1953.98], [132.48, 1292.32], [132.49, 1520.81], [132.5, 3534.62], [132.51, 1354.9], [132.52, 2184.82], [132.53, 988.41], [132.54, 1226.24], [132.55, 1823.02], [132.56, 825.8], [132.57, 937.37], [132.58, 2200.94], [132.59, 865.95]], "timestamp": "2025-12-14T09:26:46.168834+00:00"}, {"symbol": "SOLUSDT", "bids": [[132.41, 532.66], [132.4, 593.9], [132.39, 481.94], [132.38, 552.07], [132.37, 1028.76], [132.36, 1654.41], [132.35, 1688.35], [132.34, 3256.94], [132.33, 1097.16], [132.32, 1964.27], [132.31, 1561.21], [132.3, 4429.46], [132.29, 2185.92], [132.28, 780.9], [132.27, 1264.9], [132.26, 3637.66], [132.25, 2007.13], [132.24, 724.44], [132.23, 2373.4], [132.22, 2585.12]], "asks": [[132.42, 700.97], [132.43, 863.93], [132.44, 1498.6], [132.45, 1318.79], [132.46, 1960.82], [132.47, 2549.94], [132.48, 1403.01], [132.49, 1466.7], [132.5, 1026.41], [132.51, 3636.25], [132.52, 2185.73], [132.53, 1225.65], [132.54, 1102.09], [132.55, 1890.61], [132.56, 1060.64], [132.57, 1253.82], [132.58, 3758.71], [132.59, 771.02], [132.6, 1754.19], [132.61, 887.15]], "timestamp": "2025-12-14T09:27:39.269055+00:00"}, {"symbol": "SOLUSDT", "bids": [[132.43, 800.87], [132.42, 720.8], [132.41, 935.12], [132.4, 959.02], [132.39, 1438.56], [132.38, 1969.84], [132.37, 1362.9], [132.36, 3819.34], [132.35, 1963.83], [132.34, 1304.08], [132.33, 976.39], [132.32, 2414.82], [132.31, 1859.8], [132.3, 4847.91], [132.29, 3535.83], [132.28, 917.28], [132.27, 1588.24], [132.26, 1883.42], [132.25, 2654.46], [132.24, 968.36]], "asks": [[132.44, 96.02], [132.45, 384.13], [132.46, 1052.52], [132.47, 1747.33], [132.48, 1311.82], [132.49, 1441.54], [132.5, 891.41], [132.51, 1117.86], [132.52, 2281.5], [132.53, 1062.63], [132.54, 2771.62], [132.55, 2086.47], [132.56, 877.6], [132.57, 1192.14], [132.58, 2258.9], [132.59, 838.97], [132.6, 1753.61], [132.61, 950.88], [132.62, 1005.76], [132.63, 2082.9]], "timestamp": "2025-12-14T09:28:32.486085+00:00"}, {"symbol": "SOLUSDT", "bids": [[132.4, 171.11], [132.39, 722.73], [132.38, 648.13], [132.37, 864.96], [132.36, 1262.03], [132.35, 2148.15], [132.34, 1415.34], [132.33, 3260.25], [132.32, 2101.32], [132.31, 1612.07], [132.3, 4569.24], [132.29, 2158.81], [132.28, 992.31], [132.27, 2647.89], [132.26, 1782.63], [132.25, 1826.39], [132.24, 880.71], [132.23, 1865.29], [132.22, 3277.7], [132.21, 1301.44]], "asks": [[132.41, 773.34], [132.42, 1264.94], [132.43, 2511.75], [132.44, 2118.77], [132.45, 1473.05], [132.46, 1424.11], [132.47, 1998.26], [132.48, 1175.11], [132.49, 1437.53], [132.5, 3554.87], [132.51, 1476.53], [132.52, 2368.29], [132.53, 1193.33], [132.54, 1296.72], [132.55, 1755.48], [132.56, 945.31], [132.57, 2324.85], [132.58, 2200.96], [132.59, 828.88], [132.6, 1351.5]], "timestamp": "2025-12-14T09:29:26.031505+00:00"}, {"symbol": "SOLUSDT", "bids": [[132.36, 616.96], [132.35, 531.69], [132.34, 631.79], [132.33, 1015.93], [132.32, 2686.72], [132.31, 3866.74], [132.3, 4650.5], [132.29, 1984.97], [132.28, 728.67], [132.27, 1042.08], [132.26, 2465.45], [132.25, 2868.92], [132.24, 1355.98], [132.23, 1646.83], [132.22, 1066.59], [132.21, 1277.3], [132.2, 2486.73], [132.19, 1769.18], [132.18, 1232.75], [132.17, 1326.0]], "asks": [[132.37, 522.29], [132.38, 805.68], [132.39, 1289.67], [132.4, 1572.41], [132.41, 2707.91], [132.42, 1893.27], [132.43, 2235.62], [132.44, 2141.8], [132.45, 1186.11], [132.46, 1510.46], [132.47, 2144.56], [132.48, 3648.49], [132.49, 1385.78], [132.5, 1001.24], [132.51, 1294.47], [132.52, 2095.89], [132.53, 666.23], [132.54, 1145.09], [132.55, 1694.6], [132.56, 959.42]], "timestamp": "2025-12-14T09:30:19.038346+00:00"}, {"symbol": "SOLUSDT", "bids": [[132.37, 1388.5], [132.36, 581.56], [132.35, 886.9], [132.34, 947.24], [132.33, 1530.91], [132.32, 1710.46], [132.31, 2341.61], [132.3, 4474.21], [132.29, 1568.05], [132.28, 3493.97], [132.27, 1222.57], [132.26, 2176.49], [132.25, 1554.32], [132.24, 1176.79], [132.23, 2072.69], [132.22, 1235.73], [132.21, 2583.72], [132.2, 1830.34], [132.19, 1100.05], [132.18, 1617.35]], "asks": [[132.38, 382.1], [132.39, 500.0], [132.4, 928.76], [132.41, 2044.92], [132.42, 1296.4], [132.43, 1751.45], [132.44, 2075.7], [132.45, 884.61], [132.46, 1304.96], [132.47, 2077.17], [132.48, 3238.96], [132.49, 1129.9], [132.5, 993.31], [132.51, 1079.21], [132.52, 2127.05], [132.53, 732.84], [132.54, 1387.05], [132.55, 1945.51], [132.56, 2777.05], [132.57, 981.71]], "timestamp": "2025-12-14T09:31:11.813609+00:00"}, {"symbol": "SOLUSDT", "bids": [[132.38, 344.68], [132.37, 358.52], [132.36, 899.05], [132.35, 577.8], [132.34, 885.52], [132.33, 1029.94], [132.32, 2075.25], [132.31, 1440.09], [132.3, 4528.4], [132.29, 2190.45], [132.28, 3233.29], [132.27, 1194.23], [132.26, 2353.21], [132.25, 1897.77], [132.24, 1233.42], [132.23, 3106.7], [132.22, 854.49], [132.21, 1515.34], [132.2, 2139.37], [132.19, 866.86]], "asks": [[132.39, 721.12], [132.4, 1214.18], [132.41, 1075.91], [132.42, 1106.25], [132.43, 1835.73], [132.44, 2043.71], [132.45, 1376.56], [132.46, 1559.45], [132.47, 2419.51], [132.48, 3249.81], [132.49, 1575.66], [132.5, 1364.84], [132.51, 1517.62], [132.52, 2059.94], [132.53, 621.82], [132.54, 1400.65], [132.55, 1976.51], [132.56, 2558.33], [132.57, 906.85], [132.58, 3730.29]], "timestamp": "2025-12-14T09:32:05.046663+00:00"}, {"symbol": "SOLUSDT", "bids": [[132.41, 613.03], [132.4, 388.59], [132.39, 1183.11], [132.38, 1031.48], [132.37, 1226.02], [132.36, 986.67], [132.35, 2567.53], [132.34, 1976.6], [132.33, 1278.73], [132.32, 4200.44], [132.31, 1554.52], [132.3, 4888.4], [132.29, 2028.88], [132.28, 929.1], [132.27, 1178.26], [132.26, 2338.99], [132.25, 3682.77], [132.24, 1148.52], [132.23, 1615.07], [132.22, 1079.98]], "asks": [[132.42, 669.47], [132.43, 754.21], [132.44, 948.55], [132.45, 1245.16], [132.46, 1364.56], [132.47, 2048.58], [132.48, 1053.32], [132.49, 1136.71], [132.5, 1026.09], [132.51, 1467.24], [132.52, 4081.03], [132.53, 462.9], [132.54, 994.07], [132.55, 2166.3], [132.56, 2563.5], [132.57, 728.8], [132.58, 2168.88], [132.59, 631.21], [132.6, 1180.53], [132.61, 989.01]], "timestamp": "2025-12-14T09:32:58.192767+00:00"}, {"symbol": "SOLUSDT", "bids": [[132.55, 725.9], [132.54, 782.74], [132.53, 944.45], [132.52, 1431.04], [132.51, 1808.11], [132.5, 1703.06], [132.49, 1341.88], [132.48, 2123.85], [132.47, 975.49], [132.46, 1416.68], [132.45, 4578.22], [132.44, 891.25], [132.43, 1152.41], [132.42, 1628.16], [132.41, 2152.75], [132.4, 1790.1], [132.39, 2550.5], [132.38, 1830.76], [132.37, 1639.77], [132.36, 1209.23]], "asks": [[132.56, 406.35], [132.57, 611.42], [132.58, 1902.09], [132.59, 755.63], [132.6, 1542.19], [132.61, 2036.53], [132.62, 1123.72], [132.63, 885.98], [132.64, 2013.89], [132.65, 2867.71], [132.66, 1045.21], [132.67, 1962.63], [132.68, 955.63], [132.69, 813.93], [132.7, 1086.32], [132.71, 756.5], [132.72, 1192.23], [132.73, 1689.59], [132.74, 967.41], [132.75, 1014.7]], "timestamp": "2025-12-14T09:33:51.051664+00:00"}, {"symbol": "SOLUSDT", "bids": [[132.53, 616.69], [132.52, 1166.38], [132.51, 3318.27], [132.5, 2201.57], [132.49, 1849.1], [132.48, 1444.83], [132.47, 2304.23], [132.46, 1511.57], [132.45, 1798.32], [132.44, 4252.34], [132.43, 1100.47], [132.42, 1490.73], [132.41, 2145.94], [132.4, 1257.9], [132.39, 1208.35], [132.38, 1597.63], [132.37, 610.42], [132.36, 1023.58], [132.35, 2278.58], [132.34, 2004.95]], "asks": [[132.54, 776.98], [132.55, 481.45], [132.56, 830.25], [132.57, 1256.19], [132.58, 2080.21], [132.59, 1087.16], [132.6, 1348.39], [132.61, 2127.15], [132.62, 2835.61], [132.63, 844.97], [132.64, 1801.86], [132.65, 860.1], [132.66, 950.77], [132.67, 2132.43], [132.68, 840.92], [132.69, 876.57], [132.7, 1404.36], [132.71, 656.69], [132.72, 1208.6], [132.73, 1627.88]], "timestamp": "2025-12-14T09:34:44.383367+00:00"}, {"symbol": "SOLUSDT", "bids": [[132.57, 167.78], [132.56, 650.35], [132.55, 959.34], [132.54, 1710.26], [132.53, 2743.74], [132.52, 1208.79], [132.51, 1227.85], [132.5, 2173.95], [132.49, 1667.8], [132.48, 947.21], [132.47, 1894.83], [132.46, 2974.12], [132.45, 1237.03], [132.44, 1802.5], [132.43, 1435.55], [132.42, 1045.26], [132.41, 2074.57], [132.4, 3081.37], [132.39, 954.89], [132.38, 1701.65]], "asks": [[132.58, 900.73], [132.59, 630.55], [132.6, 1435.71], [132.61, 1729.07], [132.62, 1568.53], [132.63, 1202.32], [132.64, 3946.1], [132.65, 1349.46], [132.66, 949.78], [132.67, 1944.03], [132.68, 1096.65], [132.69, 1197.52], [132.7, 1379.5], [132.71, 992.59], [132.72, 1147.38], [132.73, 1619.52], [132.74, 1066.59], [132.75, 2004.75], [132.76, 588.19], [132.77, 976.21]], "timestamp": "2025-12-14T09:35:37.363142+00:00"}, {"symbol": "SOLUSDT", "bids": [[132.52, 1648.38], [132.51, 525.89], [132.5, 1070.13], [132.49, 1357.52], [132.48, 1480.64], [132.47, 2420.9], [132.46, 935.5], [132.45, 1164.75], [132.44, 1951.78], [132.43, 3157.18], [132.42, 1381.63], [132.41, 1853.26], [132.4, 918.3], [132.39, 916.33], [132.38, 1794.68], [132.37, 1321.69], [132.36, 2543.8], [132.35, 2172.04], [132.34, 1002.33], [132.33, 747.08]], "asks": [[132.53, 272.1], [132.54, 729.48], [132.55, 1436.55], [132.56, 1200.73], [132.57, 1407.48], [132.58, 2533.59], [132.59, 1028.29], [132.6, 1935.38], [132.61, 4000.96], [132.62, 1193.79], [132.63, 957.29], [132.64, 1937.56], [132.65, 1262.03], [132.66, 913.4], [132.67, 1804.84], [132.68, 787.05], [132.69, 1018.47], [132.7, 1528.97], [132.71, 2286.82], [132.72, 1253.33]], "timestamp": "2025-12-14T09:36:30.676590+00:00"}, {"symbol": "SOLUSDT", "bids": [[132.52, 750.1], [132.51, 1262.43], [132.5, 1494.2], [132.49, 860.43], [132.48, 1161.83], [132.47, 1331.15], [132.46, 1226.14], [132.45, 1633.7], [132.44, 3822.6], [132.43, 1279.43], [132.42, 1571.99], [132.41, 1774.35], [132.4, 1169.68], [132.39, 894.56], [132.38, 1908.44], [132.37, 647.59], [132.36, 894.39], [132.35, 2240.87], [132.34, 2555.92], [132.33, 923.58]], "asks": [[132.53, 612.53], [132.54, 453.94], [132.55, 539.4], [132.56, 1197.58], [132.57, 1351.05], [132.58, 1967.55], [132.59, 796.48], [132.6, 1332.11], [132.61, 2042.77], [132.62, 3159.63], [132.63, 768.46], [132.64, 1751.35], [132.65, 1048.72], [132.66, 630.5], [132.67, 2148.47], [132.68, 1049.22], [132.69, 2518.4], [132.7, 1035.45], [132.71, 951.74], [132.72, 970.59]], "timestamp": "2025-12-14T09:37:24.082128+00:00"}, {"symbol": "SOLUSDT", "bids": [[132.55, 914.05], [132.54, 645.36], [132.53, 1319.99], [132.52, 1405.1], [132.51, 2335.75], [132.5, 2157.94], [132.49, 1488.37], [132.48, 1763.72], [132.47, 2631.51], [132.46, 3392.43], [132.45, 1226.97], [132.44, 1709.03], [132.43, 1644.76], [132.42, 1501.54], [132.41, 1770.46], [132.4, 1570.05], [132.39, 2436.09], [132.38, 1693.0], [132.37, 935.85], [132.36, 1357.23]], "asks": [[132.56, 429.6], [132.57, 380.18], [132.58, 869.54], [132.59, 963.37], [132.6, 1954.97], [132.61, 1740.77], [132.62, 808.22], [132.63, 1066.57], [132.64, 2026.19], [132.65, 2770.77], [132.66, 970.21], [132.67, 2020.73], [132.68, 1107.75], [132.69, 844.78], [132.7, 1002.47], [132.71, 915.99], [132.72, 1207.06], [132.73, 1920.36], [132.74, 2460.03], [132.75, 724.45]], "timestamp": "2025-12-14T09:38:17.377931+00:00"}, {"symbol": "SOLUSDT", "bids": [[132.45, 691.78], [132.44, 1116.58], [132.43, 1137.13], [132.42, 1189.1], [132.41, 2498.9], [132.4, 1122.22], [132.39, 1638.33], [132.38, 4425.4], [132.37, 1060.67], [132.36, 1076.93], [132.35, 2389.99], [132.34, 1190.56], [132.33, 873.51], [132.32, 2177.31], [132.31, 2922.56], [132.3, 4931.87], [132.29, 2568.2], [132.28, 3095.85], [132.27, 1462.52], [132.26, 1800.93]], "asks": [[132.46, 337.21], [132.47, 593.43], [132.48, 747.63], [132.49, 977.5], [132.5, 1209.02], [132.51, 1960.96], [132.52, 1148.1], [132.53, 722.35], [132.54, 1659.81], [132.55, 3697.58], [132.56, 1121.02], [132.57, 968.18], [132.58, 2045.98], [132.59, 948.88], [132.6, 1811.84], [132.61, 1622.63], [132.62, 748.27], [132.63, 1093.86], [132.64, 3102.58], [132.65, 849.85]], "timestamp": "2025-12-14T09:39:11.036376+00:00"}, {"symbol": "SOLUSDT", "bids": [[132.44, 580.08], [132.43, 305.23], [132.42, 726.35], [132.41, 985.92], [132.4, 1188.07], [132.39, 1576.47], [132.38, 2351.33], [132.37, 900.99], [132.36, 1245.39], [132.35, 3983.81], [132.34, 955.0], [132.33, 888.32], [132.32, 2265.4], [132.31, 3180.24], [132.3, 4726.24], [132.29, 2703.2], [132.28, 2960.46], [132.27, 1141.4], [132.26, 997.18], [132.25, 2220.89]], "asks": [[132.45, 1712.19], [132.46, 1085.55], [132.47, 1366.92], [132.48, 1770.32], [132.49, 1351.31], [132.5, 1571.07], [132.51, 1781.1], [132.52, 1466.22], [132.53, 1296.23], [132.54, 3486.2], [132.55, 2275.88], [132.56, 1277.42], [132.57, 1085.87], [132.58, 2034.04], [132.59, 1212.36], [132.6, 1259.46], [132.61, 2030.69], [132.62, 840.94], [132.63, 1619.34], [132.64, 3106.67]], "timestamp": "2025-12-14T09:40:03.977782+00:00"}, {"symbol": "SOLUSDT", "bids": [[132.42, 120.51], [132.41, 613.33], [132.4, 551.87], [132.39, 685.61], [132.38, 1104.78], [132.37, 1113.79], [132.36, 1391.77], [132.35, 2018.75], [132.34, 1084.2], [132.33, 1039.87], [132.32, 4434.69], [132.31, 1727.37], [132.3, 4531.41], [132.29, 2276.09], [132.28, 843.07], [132.27, 1621.46], [132.26, 1118.92], [132.25, 3947.84], [132.24, 1490.75], [132.23, 1915.04]], "asks": [[132.43, 2179.54], [132.44, 1169.65], [132.45, 1664.35], [132.46, 1845.02], [132.47, 2289.18], [132.48, 2072.41], [132.49, 1414.24], [132.5, 3652.08], [132.51, 1783.18], [132.52, 1119.96], [132.53, 847.89], [132.54, 1086.63], [132.55, 1817.12], [132.56, 1229.24], [132.57, 1041.72], [132.58, 1760.52], [132.59, 1472.76], [132.6, 2839.35], [132.61, 1832.21], [132.62, 919.08]], "timestamp": "2025-12-14T09:40:57.344133+00:00"}, {"symbol": "SOLUSDT", "bids": [[132.36, 262.43], [132.35, 770.65], [132.34, 575.11], [132.33, 994.8], [132.32, 2395.39], [132.31, 2225.66], [132.3, 4803.08], [132.29, 2225.13], [132.28, 1157.62], [132.27, 3984.23], [132.26, 1809.51], [132.25, 1742.79], [132.24, 1060.4], [132.23, 3267.11], [132.22, 1061.72], [132.21, 1420.99], [132.2, 2923.76], [132.19, 4300.25], [132.18, 1000.66], [132.17, 875.84]], "asks": [[132.37, 1378.84], [132.38, 1242.56], [132.39, 2143.79], [132.4, 1671.32], [132.41, 1748.57], [132.42, 2078.41], [132.43, 1537.9], [132.44, 2129.58], [132.45, 4584.77], [132.46, 1217.1], [132.47, 1207.05], [132.48, 1841.92], [132.49, 1610.6], [132.5, 1323.76], [132.51, 1555.2], [132.52, 996.35], [132.53, 498.65], [132.54, 1021.29], [132.55, 2201.76], [132.56, 1885.4]], "timestamp": "2025-12-14T09:41:50.786265+00:00"}, {"symbol": "SOLUSDT", "bids": [[132.32, 772.83], [132.31, 720.79], [132.3, 4307.79], [132.29, 1046.79], [132.28, 1350.21], [132.27, 1589.21], [132.26, 1919.56], [132.25, 1939.78], [132.24, 3453.87], [132.23, 1911.76], [132.22, 1404.18], [132.21, 1262.22], [132.2, 2868.23], [132.19, 1032.7], [132.18, 1353.66], [132.17, 2683.77], [132.16, 1512.28], [132.15, 1074.86], [132.14, 1102.79], [132.13, 1562.05]], "asks": [[132.33, 819.6], [132.34, 1060.8], [132.35, 1154.09], [132.36, 2409.75], [132.37, 2835.01], [132.38, 1398.14], [132.39, 2226.69], [132.4, 1762.65], [132.41, 1897.81], [132.42, 4381.05], [132.43, 1106.22], [132.44, 1247.79], [132.45, 2018.19], [132.46, 1240.28], [132.47, 967.42], [132.48, 1630.94], [132.49, 1053.95], [132.5, 1496.18], [132.51, 1552.92], [132.52, 902.92]], "timestamp": "2025-12-14T09:42:43.968667+00:00"}, {"symbol": "SOLUSDT", "bids": [[132.33, 993.75], [132.32, 1113.35], [132.31, 1628.3], [132.3, 4178.75], [132.29, 778.04], [132.28, 780.38], [132.27, 1293.47], [132.26, 1953.26], [132.25, 4202.32], [132.24, 1108.65], [132.23, 1972.82], [132.22, 1253.15], [132.21, 883.86], [132.2, 1418.22], [132.19, 1258.96], [132.18, 1275.95], [132.17, 3698.91], [132.16, 1392.04], [132.15, 1190.09], [132.14, 1183.95]], "asks": [[132.34, 223.94], [132.35, 925.16], [132.36, 1949.24], [132.37, 1338.88], [132.38, 1482.31], [132.39, 2081.91], [132.4, 1750.16], [132.41, 1519.47], [132.42, 1817.71], [132.43, 3483.0], [132.44, 1156.67], [132.45, 2114.52], [132.46, 923.74], [132.47, 1022.66], [132.48, 1597.42], [132.49, 1055.59], [132.5, 1335.63], [132.51, 1791.26], [132.52, 767.94], [132.53, 729.63]], "timestamp": "2025-12-14T09:43:37.484505+00:00"}, {"symbol": "SOLUSDT", "bids": [[132.34, 536.88], [132.33, 555.46], [132.32, 1062.54], [132.31, 1627.17], [132.3, 4559.8], [132.29, 1088.81], [132.28, 918.66], [132.27, 1232.8], [132.26, 1970.06], [132.25, 4060.03], [132.24, 1180.67], [132.23, 1893.24], [132.22, 1387.63], [132.21, 1077.46], [132.2, 1625.15], [132.19, 1259.57], [132.18, 1509.79], [132.17, 3729.26], [132.16, 1529.98], [132.15, 1024.87]], "asks": [[132.35, 678.93], [132.36, 882.11], [132.37, 1327.53], [132.38, 1119.47], [132.39, 1726.39], [132.4, 2041.9], [132.41, 1258.01], [132.42, 2000.31], [132.43, 3134.87], [132.44, 1719.11], [132.45, 1653.21], [132.46, 957.11], [132.47, 1042.17], [132.48, 1601.68], [132.49, 1020.55], [132.5, 1759.24], [132.51, 3090.29], [132.52, 757.05], [132.53, 455.15], [132.54, 686.01]], "timestamp": "2025-12-14T09:44:31.552416+00:00"}, {"symbol": "SOLUSDT", "bids": [[132.34, 691.67], [132.33, 689.43], [132.32, 1188.23], [132.31, 1720.74], [132.3, 4538.35], [132.29, 1039.17], [132.28, 1005.06], [132.27, 1193.03], [132.26, 2368.19], [132.25, 4091.54], [132.24, 1143.27], [132.23, 1921.2], [132.22, 1390.69], [132.21, 953.9], [132.2, 2084.78], [132.19, 1316.16], [132.18, 1303.78], [132.17, 3904.7], [132.16, 1482.76], [132.15, 937.99]], "asks": [[132.35, 747.4], [132.36, 1659.94], [132.37, 1522.09], [132.38, 1107.13], [132.39, 2010.84], [132.4, 1870.25], [132.41, 1342.32], [132.42, 2105.88], [132.43, 3526.02], [132.44, 1389.27], [132.45, 1652.49], [132.46, 984.31], [132.47, 1070.82], [132.48, 1641.68], [132.49, 1514.48], [132.5, 1660.69], [132.51, 3184.46], [132.52, 719.96], [132.53, 561.65], [132.54, 618.84]], "timestamp": "2025-12-14T09:45:25.211574+00:00"}, {"symbol": "SOLUSDT", "bids": [[132.33, 1452.79], [132.32, 1064.31], [132.31, 1467.66], [132.3, 4177.54], [132.29, 756.73], [132.28, 1105.19], [132.27, 3570.82], [132.26, 2034.21], [132.25, 1860.48], [132.24, 1183.17], [132.23, 1979.42], [132.22, 1391.99], [132.21, 1000.81], [132.2, 2082.9], [132.19, 1085.95], [132.18, 1550.08], [132.17, 3999.59], [132.16, 1357.7], [132.15, 1161.11], [132.14, 1211.01]], "asks": [[132.34, 235.79], [132.35, 1313.11], [132.36, 1713.36], [132.37, 1577.49], [132.38, 1392.13], [132.39, 1951.82], [132.4, 1743.74], [132.41, 1251.77], [132.42, 1697.5], [132.43, 1716.23], [132.44, 3354.07], [132.45, 1569.83], [132.46, 930.47], [132.47, 804.95], [132.48, 1958.0], [132.49, 1434.7], [132.5, 1897.12], [132.51, 3069.07], [132.52, 721.44], [132.53, 541.32]], "timestamp": "2025-12-14T09:46:18.090902+00:00"}, {"symbol": "SOLUSDT", "bids": [[132.42, 221.82], [132.41, 608.83], [132.4, 655.5], [132.39, 1218.21], [132.38, 1553.89], [132.37, 2210.18], [132.36, 1528.09], [132.35, 1707.62], [132.34, 2339.48], [132.33, 3913.2], [132.32, 934.71], [132.31, 2913.2], [132.3, 4356.95], [132.29, 884.01], [132.28, 997.55], [132.27, 1391.25], [132.26, 3432.01], [132.25, 2478.84], [132.24, 909.28], [132.23, 2142.83]], "asks": [[132.43, 959.63], [132.44, 1311.62], [132.45, 1862.13], [132.46, 1607.55], [132.47, 1101.36], [132.48, 1881.46], [132.49, 1141.9], [132.5, 1325.87], [132.51, 1564.71], [132.52, 2871.21], [132.53, 831.48], [132.54, 888.9], [132.55, 1980.4], [132.56, 1064.48], [132.57, 1355.41], [132.58, 3066.88], [132.59, 836.89], [132.6, 1485.52], [132.61, 1709.08], [132.62, 759.4]], "timestamp": "2025-12-14T09:47:11.644823+00:00"}, {"symbol": "SOLUSDT", "bids": [[132.39, 423.61], [132.38, 873.95], [132.37, 728.97], [132.36, 896.06], [132.35, 1282.0], [132.34, 2432.49], [132.33, 1424.55], [132.32, 1048.18], [132.31, 2635.56], [132.3, 4305.74], [132.29, 3554.85], [132.28, 749.74], [132.27, 1158.06], [132.26, 1991.07], [132.25, 2354.66], [132.24, 1197.36], [132.23, 3492.63], [132.22, 1349.2], [132.21, 1433.62], [132.2, 2071.24]], "asks": [[132.4, 989.76], [132.41, 1344.0], [132.42, 2159.43], [132.43, 1735.7], [132.44, 1511.64], [132.45, 1601.22], [132.46, 1407.66], [132.47, 1002.79], [132.48, 3798.11], [132.49, 1595.68], [132.5, 1256.24], [132.51, 1464.9], [132.52, 972.16], [132.53, 819.59], [132.54, 1016.59], [132.55, 2031.6], [132.56, 1001.73], [132.57, 2539.8], [132.58, 1635.55], [132.59, 446.93]], "timestamp": "2025-12-14T09:48:05.319911+00:00"}, {"symbol": "SOLUSDT", "bids": [[132.42, 150.08], [132.41, 1025.25], [132.4, 4298.91], [132.39, 37842.14], [132.38, 1047.11], [132.37, 1758.69], [132.36, 700.47], [132.35, 1248.04], [132.34, 1437.71], [132.33, 1149.17], [132.32, 1082.56], [132.31, 2157.36], [132.3, 5012.83], [132.29, 5549.93], [132.28, 908.64], [132.27, 1210.12], [132.26, 1901.6], [132.25, 2114.22], [132.24, 1615.5], [132.23, 5356.13]], "asks": [[132.43, 1053.72], [132.44, 1092.57], [132.45, 1617.13], [132.46, 1900.76], [132.47, 2571.89], [132.48, 1395.22], [132.49, 1295.12], [132.5, 2118.8], [132.51, 4138.05], [132.52, 802.1], [132.53, 916.44], [132.54, 1328.64], [132.55, 1910.02], [132.56, 671.78], [132.57, 1089.44], [132.58, 1644.55], [132.59, 654.89], [132.6, 1649.22], [132.61, 2996.79], [132.62, 714.27]], "timestamp": "2025-12-14T09:48:58.223386+00:00"}, {"symbol": "SOLUSDT", "bids": [[132.39, 22574.46], [132.38, 159.6], [132.37, 307.97], [132.36, 958.77], [132.35, 772.13], [132.34, 1905.21], [132.33, 1420.32], [132.32, 1443.41], [132.31, 2407.74], [132.3, 3940.63], [132.29, 1334.91], [132.28, 1401.62], [132.27, 6190.83], [132.26, 1805.48], [132.25, 1701.45], [132.24, 1215.5], [132.23, 3441.45], [132.22, 1106.89], [132.21, 1575.03], [132.2, 1997.28]], "asks": [[132.4, 1090.79], [132.41, 643.88], [132.42, 1442.58], [132.43, 980.7], [132.44, 2457.18], [132.45, 1434.96], [132.46, 1818.85], [132.47, 1983.9], [132.48, 960.58], [132.49, 2893.96], [132.5, 1985.64], [132.51, 1376.39], [132.52, 1168.7], [132.53, 612.14], [132.54, 1018.23], [132.55, 1552.22], [132.56, 1215.33], [132.57, 2587.46], [132.58, 1585.78], [132.59, 641.03]], "timestamp": "2025-12-14T09:49:50.868240+00:00"}, {"symbol": "SOLUSDT", "bids": [[132.43, 886.17], [132.42, 1063.31], [132.41, 2150.6], [132.4, 6421.12], [132.39, 22825.36], [132.38, 1069.11], [132.37, 1771.8], [132.36, 768.02], [132.35, 1303.1], [132.34, 1687.76], [132.33, 1250.4], [132.32, 1118.21], [132.31, 6635.57], [132.3, 4630.75], [132.29, 1098.54], [132.28, 916.87], [132.27, 2750.57], [132.26, 1852.81], [132.25, 2066.31], [132.24, 923.64]], "asks": [[132.44, 339.09], [132.45, 796.51], [132.46, 1366.54], [132.47, 2455.28], [132.48, 1555.81], [132.49, 1452.5], [132.5, 2456.12], [132.51, 1633.57], [132.52, 1144.91], [132.53, 1308.42], [132.54, 3845.33], [132.55, 1743.43], [132.56, 1134.42], [132.57, 1837.03], [132.58, 1900.88], [132.59, 1254.15], [132.6, 1910.18], [132.61, 3336.36], [132.62, 1252.72], [132.63, 1120.6]], "timestamp": "2025-12-14T09:50:44.293202+00:00"}, {"symbol": "SOLUSDT", "bids": [[132.42, 963.74], [132.41, 1912.63], [132.4, 5813.34], [132.39, 22551.05], [132.38, 853.37], [132.37, 1652.88], [132.36, 784.05], [132.35, 1340.79], [132.34, 1740.92], [132.33, 1285.57], [132.32, 1772.08], [132.31, 6668.85], [132.3, 4568.63], [132.29, 1290.41], [132.28, 1179.37], [132.27, 2781.73], [132.26, 1664.96], [132.25, 2111.12], [132.24, 1469.99], [132.23, 1806.92]], "asks": [[132.43, 117.89], [132.44, 1520.5], [132.45, 1911.92], [132.46, 1378.4], [132.47, 1701.98], [132.48, 1893.03], [132.49, 1216.71], [132.5, 2284.61], [132.51, 1601.92], [132.52, 1517.79], [132.53, 3532.98], [132.54, 1575.56], [132.55, 1760.03], [132.56, 1074.28], [132.57, 1747.92], [132.58, 1804.74], [132.59, 1006.33], [132.6, 1914.29], [132.61, 3279.72], [132.62, 1251.98]], "timestamp": "2025-12-14T09:51:49.216326+00:00"}, {"symbol": "SOLUSDT", "bids": [[132.41, 196.32], [132.4, 815.37], [132.39, 20669.02], [132.38, 889.12], [132.37, 858.14], [132.36, 773.35], [132.35, 1331.78], [132.34, 1963.09], [132.33, 1404.29], [132.32, 1164.86], [132.31, 2909.07], [132.3, 8514.24], [132.29, 1150.88], [132.28, 1112.42], [132.27, 1015.02], [132.26, 1661.58], [132.25, 2059.51], [132.24, 1542.97], [132.23, 2123.06], [132.22, 1046.7]], "asks": [[132.42, 1302.1], [132.43, 2527.09], [132.44, 1780.55], [132.45, 1935.0], [132.46, 1552.43], [132.47, 1838.33], [132.48, 1972.47], [132.49, 1202.85], [132.5, 2158.87], [132.51, 2149.38], [132.52, 3672.1], [132.53, 1235.65], [132.54, 1324.35], [132.55, 1758.28], [132.56, 1074.05], [132.57, 1771.47], [132.58, 1845.13], [132.59, 1006.52], [132.6, 1355.99], [132.61, 1747.09]], "timestamp": "2025-12-14T09:52:52.704552+00:00"}, {"symbol": "SOLUSDT", "bids": [[132.42, 935.95], [132.41, 852.24], [132.4, 3978.86], [132.39, 20901.32], [132.38, 730.96], [132.37, 798.3], [132.36, 728.14], [132.35, 1270.58], [132.34, 1839.72], [132.33, 1472.37], [132.32, 1719.7], [132.31, 6644.58], [132.3, 4610.33], [132.29, 1082.39], [132.28, 903.23], [132.27, 1010.64], [132.26, 1661.46], [132.25, 2036.15], [132.24, 1494.27], [132.23, 2091.55]], "asks": [[132.43, 622.32], [132.44, 1372.66], [132.45, 2275.69], [132.46, 1802.67], [132.47, 2116.01], [132.48, 2408.36], [132.49, 1242.64], [132.5, 2204.13], [132.51, 2123.5], [132.52, 1383.93], [132.53, 3649.68], [132.54, 1397.37], [132.55, 1808.86], [132.56, 1110.71], [132.57, 1779.74], [132.58, 1938.2], [132.59, 974.56], [132.6, 1654.74], [132.61, 1707.87], [132.62, 737.41]], "timestamp": "2025-12-14T09:53:45.953275+00:00"}, {"symbol": "SOLUSDT", "bids": [[132.42, 305.01], [132.41, 20391.56], [132.4, 2285.33], [132.39, 602.01], [132.38, 1453.69], [132.37, 1778.64], [132.36, 856.82], [132.35, 1343.46], [132.34, 1999.63], [132.33, 2327.45], [132.32, 5745.02], [132.31, 2117.52], [132.3, 4446.63], [132.29, 1608.6], [132.28, 912.63], [132.27, 1101.33], [132.26, 2134.79], [132.25, 3705.2], [132.24, 1482.13], [132.23, 1791.07]], "asks": [[132.43, 2043.12], [132.44, 1677.7], [132.45, 2610.47], [132.46, 2335.42], [132.47, 2002.79], [132.48, 2358.22], [132.49, 1182.54], [132.5, 2229.47], [132.51, 1612.64], [132.52, 1445.5], [132.53, 3975.55], [132.54, 1990.99], [132.55, 1818.89], [132.56, 1419.18], [132.57, 1808.86], [132.58, 2253.68], [132.59, 2446.5], [132.6, 1640.97], [132.61, 1442.63], [132.62, 794.58]], "timestamp": "2025-12-14T09:54:39.304472+00:00"}, {"symbol": "SOLUSDT", "bids": [[132.36, 191.56], [132.35, 1070.29], [132.34, 830.08], [132.33, 1750.27], [132.32, 1529.38], [132.31, 2363.59], [132.3, 4788.37], [132.29, 2272.95], [132.28, 1562.78], [132.27, 5995.1], [132.26, 2781.13], [132.25, 3671.29], [132.24, 1863.11], [132.23, 2247.16], [132.22, 1483.76], [132.21, 1777.55], [132.2, 2325.49], [132.19, 1772.76], [132.18, 1918.75], [132.17, 1606.58]], "asks": [[132.37, 1055.05], [132.38, 1804.07], [132.39, 2210.99], [132.4, 2134.06], [132.41, 2378.4], [132.42, 3085.41], [132.43, 2049.55], [132.44, 2337.22], [132.45, 2633.53], [132.46, 1898.28], [132.47, 4448.06], [132.48, 2001.01], [132.49, 1105.27], [132.5, 2670.51], [132.51, 2608.24], [132.52, 827.8], [132.53, 983.75], [132.54, 1603.79], [132.55, 1349.08], [132.56, 1091.93]], "timestamp": "2025-12-14T09:55:32.451710+00:00"}, {"symbol": "SOLUSDT", "bids": [[132.36, 1289.48], [132.35, 1118.13], [132.34, 1224.51], [132.33, 1869.23], [132.32, 1644.47], [132.31, 2515.74], [132.3, 4905.8], [132.29, 2321.44], [132.28, 2137.66], [132.27, 5156.59], [132.26, 2634.22], [132.25, 2368.21], [132.24, 1971.73], [132.23, 2298.76], [132.22, 1380.3], [132.21, 1689.13], [132.2, 2405.27], [132.19, 2801.12], [132.18, 1572.74], [132.17, 2237.64]], "asks": [[132.37, 371.81], [132.38, 1139.78], [132.39, 1776.94], [132.4, 1606.35], [132.41, 2582.47], [132.42, 2925.38], [132.43, 1906.15], [132.44, 1978.71], [132.45, 2021.03], [132.46, 1958.62], [132.47, 4444.33], [132.48, 2232.06], [132.49, 1354.08], [132.5, 2428.95], [132.51, 1910.25], [132.52, 1000.56], [132.53, 909.45], [132.54, 1824.59], [132.55, 2980.21], [132.56, 496.9]], "timestamp": "2025-12-14T09:56:25.638181+00:00"}, {"symbol": "SOLUSDT", "bids": [[132.34, 1007.83], [132.33, 1250.51], [132.32, 1192.04], [132.31, 1833.83], [132.3, 5318.3], [132.29, 2307.9], [132.28, 1735.97], [132.27, 2065.64], [132.26, 5534.22], [132.25, 2088.3], [132.24, 1691.83], [132.23, 2397.62], [132.22, 1593.4], [132.21, 1914.11], [132.2, 2069.1], [132.19, 2776.9], [132.18, 1679.95], [132.17, 2537.1], [132.16, 1215.96], [132.15, 1346.51]], "asks": [[132.35, 1217.57], [132.36, 1053.17], [132.37, 1706.96], [132.38, 1923.52], [132.39, 2197.09], [132.4, 2108.54], [132.41, 1979.51], [132.42, 3174.02], [132.43, 1830.49], [132.44, 2033.06], [132.45, 5186.11], [132.46, 1769.43], [132.47, 1736.89], [132.48, 2125.73], [132.49, 1031.84], [132.5, 2631.58], [132.51, 1781.41], [132.52, 2510.52], [132.53, 711.3], [132.54, 1307.79]], "timestamp": "2025-12-14T09:57:18.788514+00:00"}, {"symbol": "SOLUSDT", "bids": [[132.35, 1293.55], [132.34, 1052.21], [132.33, 1350.39], [132.32, 1323.54], [132.31, 2486.45], [132.3, 4530.94], [132.29, 1972.89], [132.28, 1871.72], [132.27, 4859.96], [132.26, 2061.95], [132.25, 2087.35], [132.24, 1728.9], [132.23, 2238.05], [132.22, 885.81], [132.21, 1612.13], [132.2, 2204.26], [132.19, 1412.99], [132.18, 2996.07], [132.17, 2809.76], [132.16, 1263.24]], "asks": [[132.36, 443.26], [132.37, 1315.58], [132.38, 1699.15], [132.39, 2246.67], [132.4, 2146.43], [132.41, 2124.53], [132.42, 2671.42], [132.43, 1809.77], [132.44, 2267.02], [132.45, 4643.81], [132.46, 1049.71], [132.47, 1272.61], [132.48, 2227.33], [132.49, 1354.94], [132.5, 2465.06], [132.51, 1982.87], [132.52, 2510.18], [132.53, 1131.35], [132.54, 1606.48], [132.55, 1581.04]], "timestamp": "2025-12-14T09:58:12.402061+00:00"}, {"symbol": "SOLUSDT", "bids": [[132.28, 683.5], [132.27, 543.49], [132.26, 937.64], [132.25, 1669.78], [132.24, 2067.71], [132.23, 2682.99], [132.22, 1281.41], [132.21, 1999.37], [132.2, 5754.83], [132.19, 1311.6], [132.18, 1491.9], [132.17, 2151.07], [132.16, 978.45], [132.15, 1416.53], [132.14, 1036.68], [132.13, 1361.04], [132.12, 1662.86], [132.11, 2861.62], [132.1, 6429.07], [132.09, 1578.35]], "asks": [[132.29, 835.93], [132.3, 1294.09], [132.31, 1884.66], [132.32, 2580.81], [132.33, 1592.09], [132.34, 1809.35], [132.35, 1758.74], [132.36, 2492.0], [132.37, 1298.39], [132.38, 5582.84], [132.39, 1658.84], [132.4, 4641.71], [132.41, 23465.62], [132.42, 1929.87], [132.43, 845.35], [132.44, 1229.05], [132.45, 1492.89], [132.46, 843.67], [132.47, 1652.96], [132.48, 3289.96]], "timestamp": "2025-12-14T09:59:05.408345+00:00"}, {"symbol": "SOLUSDT", "bids": [[132.27, 1356.41], [132.26, 1248.68], [132.25, 1692.31], [132.24, 1328.04], [132.23, 1489.33], [132.22, 1697.54], [132.21, 2007.18], [132.2, 5514.59], [132.19, 1251.73], [132.18, 1668.07], [132.17, 2152.82], [132.16, 1036.56], [132.15, 1440.35], [132.14, 1249.2], [132.13, 1542.96], [132.12, 2866.72], [132.11, 2565.56], [132.1, 4827.71], [132.09, 1579.07], [132.08, 1713.77]], "asks": [[132.28, 56.35], [132.29, 455.65], [132.3, 1134.77], [132.31, 1638.28], [132.32, 3062.28], [132.33, 1152.62], [132.34, 1902.22], [132.35, 1484.37], [132.36, 2095.98], [132.37, 1217.37], [132.38, 1796.59], [132.39, 5578.29], [132.4, 4719.26], [132.41, 23330.42], [132.42, 1720.19], [132.43, 905.54], [132.44, 1221.02], [132.45, 1722.47], [132.46, 2365.64], [132.47, 1463.45]], "timestamp": "2025-12-14T09:59:58.383997+00:00"}, {"symbol": "SOLUSDT", "bids": [[132.25, 820.25], [132.24, 837.69], [132.23, 985.85], [132.22, 1207.04], [132.21, 2113.38], [132.2, 3368.62], [132.19, 1655.66], [132.18, 3953.53], [132.17, 1796.71], [132.16, 1135.29], [132.15, 1397.77], [132.14, 1896.51], [132.13, 1487.97], [132.12, 1320.29], [132.11, 2575.49], [132.1, 5410.88], [132.09, 3020.42], [132.08, 1636.69], [132.07, 2289.02], [132.06, 3525.26]], "asks": [[132.26, 443.41], [132.27, 1702.02], [132.28, 1489.4], [132.29, 2131.05], [132.3, 1228.19], [132.31, 1973.13], [132.32, 2590.56], [132.33, 1057.46], [132.34, 1630.61], [132.35, 1883.56], [132.36, 5639.54], [132.37, 955.65], [132.38, 1493.2], [132.39, 1628.53], [132.4, 5073.47], [132.41, 23016.55], [132.42, 1865.14], [132.43, 1070.08], [132.44, 1203.68], [132.45, 1726.02]], "timestamp": "2025-12-14T10:00:52.272175+00:00"}, {"symbol": "SOLUSDT", "bids": [[132.24, 169.3], [132.23, 265.45], [132.22, 846.56], [132.21, 1483.36], [132.2, 3777.31], [132.19, 1480.15], [132.18, 2091.68], [132.17, 4494.07], [132.16, 1276.5], [132.15, 1580.88], [132.14, 1893.25], [132.13, 1408.1], [132.12, 1545.09], [132.11, 2662.3], [132.1, 5195.68], [132.09, 2954.62], [132.08, 1580.62], [132.07, 2262.2], [132.06, 3379.88], [132.05, 1545.65]], "asks": [[132.25, 1073.21], [132.26, 1202.56], [132.27, 1762.37], [132.28, 1649.5], [132.29, 2343.08], [132.3, 1093.35], [132.31, 1514.23], [132.32, 2424.83], [132.33, 1430.3], [132.34, 3928.83], [132.35, 1002.83], [132.36, 2056.94], [132.37, 882.36], [132.38, 1468.78], [132.39, 1584.08], [132.4, 4896.19], [132.41, 23018.89], [132.42, 1769.27], [132.43, 2593.06], [132.44, 1206.4]], "timestamp": "2025-12-14T10:01:46.025866+00:00"}, {"symbol": "SOLUSDT", "bids": [[132.25, 360.88], [132.24, 1071.42], [132.23, 909.06], [132.22, 780.38], [132.21, 2342.31], [132.2, 4083.94], [132.19, 1544.27], [132.18, 2024.5], [132.17, 4664.84], [132.16, 1178.36], [132.15, 1743.19], [132.14, 1914.39], [132.13, 1319.43], [132.12, 1412.19], [132.11, 4046.41], [132.1, 5097.28], [132.09, 1471.53], [132.08, 1451.1], [132.07, 2258.53], [132.06, 3489.05]], "asks": [[132.26, 1008.82], [132.27, 1211.44], [132.28, 2583.54], [132.29, 1600.84], [132.3, 1006.05], [132.31, 2251.76], [132.32, 2542.46], [132.33, 1840.29], [132.34, 3596.62], [132.35, 1010.21], [132.36, 1775.78], [132.37, 790.04], [132.38, 1424.55], [132.39, 1821.1], [132.4, 4899.93], [132.41, 23218.8], [132.42, 3091.65], [132.43, 1067.69], [132.44, 1207.18], [132.45, 1533.46]], "timestamp": "2025-12-14T10:02:39.797822+00:00"}, {"symbol": "SOLUSDT", "bids": [[132.26, 297.72], [132.25, 982.58], [132.24, 831.77], [132.23, 1183.89], [132.22, 2200.71], [132.21, 2145.65], [132.2, 3616.64], [132.19, 1220.8], [132.18, 2291.13], [132.17, 4797.67], [132.16, 1491.3], [132.15, 1622.4], [132.14, 1904.14], [132.13, 1292.49], [132.12, 1033.07], [132.11, 2309.31], [132.1, 5060.52], [132.09, 2986.46], [132.08, 1370.94], [132.07, 2452.75]], "asks": [[132.27, 643.14], [132.28, 1521.49], [132.29, 2096.23], [132.3, 1586.52], [132.31, 1837.88], [132.32, 2462.57], [132.33, 1374.95], [132.34, 1788.73], [132.35, 5291.26], [132.36, 1898.64], [132.37, 742.95], [132.38, 1549.39], [132.39, 4867.92], [132.4, 23603.32], [132.41, 1115.0], [132.42, 1585.7], [132.43, 1252.78], [132.44, 2738.91], [132.45, 1466.76], [132.46, 681.73]], "timestamp": "2025-12-14T10:03:33.122181+00:00"}, {"symbol": "SOLUSDT", "bids": [[132.3, 518.03], [132.29, 2499.09], [132.28, 518.52], [132.27, 934.74], [132.26, 1766.36], [132.25, 1489.22], [132.24, 1620.64], [132.23, 2533.09], [132.22, 3517.5], [132.21, 1245.84], [132.2, 3112.48], [132.19, 1223.75], [132.18, 1067.34], [132.17, 3771.77], [132.16, 729.95], [132.15, 1054.42], [132.14, 2373.78], [132.13, 768.36], [132.12, 1488.99], [132.11, 2757.13]], "asks": [[132.31, 1270.21], [132.32, 2244.03], [132.33, 863.87], [132.34, 1370.25], [132.35, 2014.13], [132.36, 1852.34], [132.37, 2789.15], [132.38, 2614.95], [132.39, 3442.91], [132.4, 2833.24], [132.41, 928.78], [132.42, 994.03], [132.43, 3850.15], [132.44, 1841.5], [132.45, 794.94], [132.46, 596.59], [132.47, 1308.59], [132.48, 773.48], [132.49, 1204.91], [132.5, 2214.71]], "timestamp": "2025-12-14T10:04:26.355650+00:00"}, {"symbol": "SOLUSDT", "bids": [[132.3, 286.49], [132.29, 1806.75], [132.28, 3703.68], [132.27, 695.58], [132.26, 1758.46], [132.25, 1583.53], [132.24, 1936.33], [132.23, 2883.23], [132.22, 4223.86], [132.21, 2218.67], [132.2, 3309.63], [132.19, 1283.59], [132.18, 1171.35], [132.17, 1826.06], [132.16, 986.26], [132.15, 1316.86], [132.14, 1602.23], [132.13, 2625.58], [132.12, 2552.38], [132.11, 3438.78]], "asks": [[132.31, 732.76], [132.32, 821.13], [132.33, 1721.69], [132.34, 2648.67], [132.35, 2743.34], [132.36, 1713.9], [132.37, 1348.75], [132.38, 1856.36], [132.39, 1449.15], [132.4, 1824.2], [132.41, 3817.66], [132.42, 1729.86], [132.43, 4003.44], [132.44, 1694.26], [132.45, 1035.92], [132.46, 716.72], [132.47, 1629.94], [132.48, 2572.85], [132.49, 1215.2], [132.5, 3281.55]], "timestamp": "2025-12-14T10:05:19.415320+00:00"}, {"symbol": "SOLUSDT", "bids": [[132.49, 262.9], [132.48, 2450.08], [132.47, 520.24], [132.46, 924.92], [132.45, 1852.79], [132.44, 2680.9], [132.43, 1761.41], [132.42, 2013.25], [132.41, 4766.29], [132.4, 563.43], [132.39, 1081.5], [132.38, 2038.79], [132.37, 1178.44], [132.36, 1414.62], [132.35, 1882.11], [132.34, 1137.5], [132.33, 1489.41], [132.32, 2208.77], [132.31, 953.16], [132.3, 1581.51]], "asks": [[132.5, 825.73], [132.51, 1615.23], [132.52, 1297.7], [132.53, 1865.61], [132.54, 2340.56], [132.55, 2234.53], [132.56, 1159.68], [132.57, 1495.76], [132.58, 1868.82], [132.59, 1305.49], [132.6, 1169.79], [132.61, 2001.38], [132.62, 3120.42], [132.63, 1287.86], [132.64, 3082.26], [132.65, 815.58], [132.66, 900.08], [132.67, 1606.81], [132.68, 694.18], [132.69, 707.56]], "timestamp": "2025-12-14T10:06:13.072760+00:00"}, {"symbol": "SOLUSDT", "bids": [[132.48, 292.79], [132.47, 2570.94], [132.46, 1093.29], [132.45, 1059.67], [132.44, 2502.48], [132.43, 1434.37], [132.42, 2093.49], [132.41, 4526.89], [132.4, 819.75], [132.39, 1171.64], [132.38, 1843.56], [132.37, 1223.63], [132.36, 1554.88], [132.35, 2089.27], [132.34, 1398.12], [132.33, 2876.72], [132.32, 2214.88], [132.31, 613.77], [132.3, 1386.58], [132.29, 2195.18]], "asks": [[132.49, 803.72], [132.5, 1597.04], [132.51, 1202.64], [132.52, 1447.16], [132.53, 2465.69], [132.54, 2106.27], [132.55, 2137.18], [132.56, 1093.27], [132.57, 1626.29], [132.58, 1706.27], [132.59, 949.23], [132.6, 1278.03], [132.61, 2257.86], [132.62, 3302.75], [132.63, 1047.76], [132.64, 1602.43], [132.65, 874.42], [132.66, 784.86], [132.67, 1633.6], [132.68, 1057.58]], "timestamp": "2025-12-14T10:07:06.735832+00:00"}, {"symbol": "SOLUSDT", "bids": [[132.51, 918.06], [132.5, 757.7], [132.49, 2610.86], [132.48, 1160.39], [132.47, 2658.36], [132.46, 1880.35], [132.45, 1448.12], [132.44, 1738.57], [132.43, 1662.8], [132.42, 3654.93], [132.41, 2154.02], [132.4, 770.19], [132.39, 1316.41], [132.38, 1664.42], [132.37, 1301.32], [132.36, 2283.08], [132.35, 3574.38], [132.34, 779.46], [132.33, 1183.16], [132.32, 1738.1]], "asks": [[132.52, 1516.0], [132.53, 797.09], [132.54, 1279.85], [132.55, 1941.17], [132.56, 2074.38], [132.57, 1569.83], [132.58, 1806.71], [132.59, 1001.16], [132.6, 1585.84], [132.61, 1918.42], [132.62, 1042.74], [132.63, 1760.65], [132.64, 4280.94], [132.65, 789.43], [132.66, 635.09], [132.67, 1881.01], [132.68, 1095.22], [132.69, 2441.38], [132.7, 1896.14], [132.71, 687.28]], "timestamp": "2025-12-14T10:07:59.490380+00:00"}, {"symbol": "SOLUSDT", "bids": [[132.48, 1713.93], [132.47, 2208.37], [132.46, 3079.83], [132.45, 865.7], [132.44, 2242.88], [132.43, 1230.58], [132.42, 1318.95], [132.41, 1975.6], [132.4, 1123.39], [132.39, 3896.81], [132.38, 1520.94], [132.37, 1419.69], [132.36, 1301.93], [132.35, 2004.06], [132.34, 987.16], [132.33, 1527.52], [132.32, 2443.79], [132.31, 2410.0], [132.3, 1330.3], [132.29, 1890.18]], "asks": [[132.49, 272.33], [132.5, 1328.56], [132.51, 1030.68], [132.52, 1517.08], [132.53, 2557.24], [132.54, 1989.57], [132.55, 2172.41], [132.56, 1377.65], [132.57, 1724.14], [132.58, 2003.02], [132.59, 978.07], [132.6, 1672.13], [132.61, 2561.29], [132.62, 3463.09], [132.63, 1169.51], [132.64, 2956.2], [132.65, 941.98], [132.66, 803.73], [132.67, 1584.79], [132.68, 957.85]], "timestamp": "2025-12-14T10:08:52.715983+00:00"}, {"symbol": "SOLUSDT", "bids": [[132.42, 1019.82], [132.41, 2605.99], [132.4, 514.61], [132.39, 714.51], [132.38, 1887.32], [132.37, 1999.33], [132.36, 1487.75], [132.35, 2331.18], [132.34, 3396.05], [132.33, 1391.16], [132.32, 2523.26], [132.31, 2222.9], [132.3, 1345.05], [132.29, 1902.85], [132.28, 1314.11], [132.27, 1112.45], [132.26, 2354.28], [132.25, 3675.52], [132.24, 1568.29], [132.23, 1960.55]], "asks": [[132.43, 270.84], [132.44, 875.59], [132.45, 1078.81], [132.46, 1417.5], [132.47, 2036.0], [132.48, 2639.91], [132.49, 2193.13], [132.5, 1330.22], [132.51, 1496.18], [132.52, 1809.99], [132.53, 1357.66], [132.54, 1771.95], [132.55, 4610.03], [132.56, 847.64], [132.57, 1163.29], [132.58, 2192.48], [132.59, 1165.52], [132.6, 1380.95], [132.61, 1749.85], [132.62, 1042.89]], "timestamp": "2025-12-14T10:09:45.555347+00:00"}, {"symbol": "SOLUSDT", "bids": [[132.36, 652.25], [132.35, 2956.08], [132.34, 548.65], [132.33, 1086.84], [132.32, 1847.51], [132.31, 1446.84], [132.3, 1639.4], [132.29, 2210.11], [132.28, 3436.13], [132.27, 1747.78], [132.26, 3517.83], [132.25, 1072.33], [132.24, 1143.52], [132.23, 1522.52], [132.22, 920.68], [132.21, 2599.88], [132.2, 3180.52], [132.19, 795.96], [132.18, 990.76], [132.17, 2785.15]], "asks": [[132.37, 974.72], [132.38, 761.86], [132.39, 1341.06], [132.4, 1454.4], [132.41, 3002.99], [132.42, 1754.49], [132.43, 2192.72], [132.44, 1308.53], [132.45, 1517.22], [132.46, 2060.47], [132.47, 1074.03], [132.48, 1559.74], [132.49, 4692.73], [132.5, 1361.61], [132.51, 1627.77], [132.52, 1547.68], [132.53, 1247.3], [132.54, 1159.36], [132.55, 1548.11], [132.56, 774.4]], "timestamp": "2025-12-14T10:10:38.848213+00:00"}, {"symbol": "SOLUSDT", "bids": [[132.4, 285.38], [132.39, 1391.57], [132.38, 3126.8], [132.37, 2524.7], [132.36, 2135.75], [132.35, 2012.13], [132.34, 1312.4], [132.33, 2151.51], [132.32, 4952.44], [132.31, 1224.58], [132.3, 1464.81], [132.29, 2442.64], [132.28, 1510.98], [132.27, 1654.99], [132.26, 1643.64], [132.25, 1025.29], [132.24, 1540.36], [132.23, 865.4], [132.22, 1145.85], [132.21, 2505.66]], "asks": [[132.41, 731.6], [132.42, 1066.28], [132.43, 1556.69], [132.44, 810.55], [132.45, 2077.12], [132.46, 1921.4], [132.47, 1058.42], [132.48, 1116.74], [132.49, 1664.74], [132.5, 715.08], [132.51, 1371.57], [132.52, 1952.82], [132.53, 3676.53], [132.54, 1299.62], [132.55, 3431.99], [132.56, 802.4], [132.57, 1187.15], [132.58, 2088.54], [132.59, 775.28], [132.6, 2992.55]], "timestamp": "2025-12-14T10:11:32.667049+00:00"}, {"symbol": "SOLUSDT", "bids": [[132.32, 570.13], [132.31, 2246.7], [132.3, 1125.09], [132.29, 1638.15], [132.28, 2067.03], [132.27, 1398.21], [132.26, 2294.0], [132.25, 3685.57], [132.24, 1187.12], [132.23, 1314.53], [132.22, 1655.73], [132.21, 3820.84], [132.2, 2384.89], [132.19, 1100.38], [132.18, 1926.64], [132.17, 1841.57], [132.16, 1017.1], [132.15, 2214.12], [132.14, 1263.96], [132.13, 1746.55]], "asks": [[132.33, 874.22], [132.34, 1218.74], [132.35, 860.35], [132.36, 1357.7], [132.37, 2856.91], [132.38, 1115.39], [132.39, 2026.17], [132.4, 1738.03], [132.41, 1148.66], [132.42, 1260.32], [132.43, 1924.25], [132.44, 1549.81], [132.45, 3644.54], [132.46, 1926.24], [132.47, 766.93], [132.48, 1036.79], [132.49, 1798.17], [132.5, 1262.02], [132.51, 1340.25], [132.52, 1386.05]], "timestamp": "2025-12-14T10:12:25.813433+00:00"}, {"symbol": "SOLUSDT", "bids": [[132.23, 1367.85], [132.22, 1163.03], [132.21, 3476.85], [132.2, 1785.06], [132.19, 2528.35], [132.18, 2553.06], [132.17, 1679.88], [132.16, 4144.38], [132.15, 2297.56], [132.14, 1664.19], [132.13, 2742.55], [132.12, 1949.77], [132.11, 2074.57], [132.1, 4040.82], [132.09, 1538.8], [132.08, 1715.63], [132.07, 1197.85], [132.06, 1137.32], [132.05, 2406.51], [132.04, 1419.45]], "asks": [[132.24, 1287.62], [132.25, 755.77], [132.26, 1259.11], [132.27, 1431.92], [132.28, 2685.54], [132.29, 1469.74], [132.3, 1253.71], [132.31, 1726.87], [132.32, 905.94], [132.33, 1175.59], [132.34, 1456.14], [132.35, 1119.78], [132.36, 1900.86], [132.37, 4066.92], [132.38, 584.29], [132.39, 1196.6], [132.4, 2020.0], [132.41, 878.14], [132.42, 1397.51], [132.43, 1634.94]], "timestamp": "2025-12-14T10:13:19.164889+00:00"}, {"symbol": "SOLUSDT", "bids": [[130.98, 844.64], [130.97, 827.68], [130.96, 653.05], [130.95, 1572.43], [130.94, 396.91], [130.93, 1043.86], [130.92, 225.57], [130.91, 928.44], [130.9, 927.03], [130.89, 3736.51], [130.88, 1009.98], [130.87, 772.97], [130.86, 3080.01], [130.85, 244.86], [130.84, 714.67], [130.83, 2868.16], [130.82, 270.76], [130.81, 797.94], [130.8, 3427.79], [130.79, 1026.33]], "asks": [[130.99, 970.9], [131.0, 61228.16], [131.01, 707.3], [131.02, 799.55], [131.03, 3317.11], [131.04, 1761.08], [131.05, 1963.15], [131.06, 4059.14], [131.07, 1159.63], [131.08, 1516.24], [131.09, 4121.1], [131.1, 3092.7], [131.11, 1971.92], [131.12, 3680.26], [131.13, 912.07], [131.14, 1258.97], [131.15, 3534.69], [131.16, 1278.17], [131.17, 959.04], [131.18, 706.77]], "timestamp": "2025-12-14T10:14:12.545397+00:00"}, {"symbol": "SOLUSDT", "bids": [[131.29, 1050.23], [131.28, 357.95], [131.27, 809.1], [131.26, 626.95], [131.25, 319.94], [131.24, 891.17], [131.23, 1168.49], [131.22, 1305.34], [131.21, 597.44], [131.2, 984.47], [131.19, 681.75], [131.18, 826.65], [131.17, 1577.59], [131.16, 1027.6], [131.15, 989.06], [131.14, 1794.84], [131.13, 771.58], [131.12, 822.43], [131.11, 1813.38], [131.1, 1766.97]], "asks": [[131.3, 1330.71], [131.31, 792.56], [131.32, 350.91], [131.33, 1479.92], [131.34, 2591.73], [131.35, 2293.47], [131.36, 2025.07], [131.37, 2520.77], [131.38, 969.75], [131.39, 1638.47], [131.4, 2826.11], [131.41, 2319.95], [131.42, 1420.57], [131.43, 1219.47], [131.44, 797.13], [131.45, 1274.21], [131.46, 2237.49], [131.47, 1039.54], [131.48, 1342.48], [131.49, 1011.63]], "timestamp": "2025-12-14T10:15:05.287083+00:00"}, {"symbol": "SOLUSDT", "bids": [[131.54, 381.95], [131.53, 614.15], [131.52, 1479.92], [131.51, 532.88], [131.5, 1133.94], [131.49, 2062.75], [131.48, 986.18], [131.47, 1203.99], [131.46, 1079.11], [131.45, 369.94], [131.44, 1015.57], [131.43, 942.97], [131.42, 1194.89], [131.41, 1062.12], [131.4, 2290.07], [131.39, 1136.85], [131.38, 1266.31], [131.37, 2027.88], [131.36, 211.17], [131.35, 492.58]], "asks": [[131.55, 1367.0], [131.56, 1202.87], [131.57, 2804.29], [131.58, 696.99], [131.59, 1493.97], [131.6, 3514.38], [131.61, 1272.9], [131.62, 1524.45], [131.63, 3152.22], [131.64, 2319.74], [131.65, 3111.5], [131.66, 2755.24], [131.67, 1163.91], [131.68, 1087.62], [131.69, 1465.42], [131.7, 1875.26], [131.71, 1812.41], [131.72, 2457.93], [131.73, 1572.4], [131.74, 2217.52]], "timestamp": "2025-12-14T10:15:58.964140+00:00"}, {"symbol": "SOLUSDT", "bids": [[131.33, 717.8], [131.32, 717.07], [131.31, 1275.27], [131.3, 1336.79], [131.29, 1145.14], [131.28, 1098.82], [131.27, 1410.52], [131.26, 899.31], [131.25, 1047.04], [131.24, 1110.39], [131.23, 828.81], [131.22, 990.48], [131.21, 1035.65], [131.2, 2071.53], [131.19, 834.39], [131.18, 1165.33], [131.17, 1992.53], [131.16, 969.15], [131.15, 643.54], [131.14, 1851.34]], "asks": [[131.34, 1398.15], [131.35, 660.09], [131.36, 2025.79], [131.37, 1518.8], [131.38, 1616.71], [131.39, 2620.41], [131.4, 1720.2], [131.41, 1723.45], [131.42, 2289.67], [131.43, 1467.41], [131.44, 3181.63], [131.45, 2042.26], [131.46, 1527.07], [131.47, 1723.46], [131.48, 3022.29], [131.49, 1471.97], [131.5, 1818.28], [131.51, 2257.1], [131.52, 1261.79], [131.53, 2683.85]], "timestamp": "2025-12-14T10:16:52.689053+00:00"}, {"symbol": "SOLUSDT", "bids": [[131.37, 354.63], [131.36, 952.57], [131.35, 1623.1], [131.34, 677.57], [131.33, 1209.51], [131.32, 1068.08], [131.31, 1764.04], [131.3, 5376.09], [131.29, 896.08], [131.28, 537.45], [131.27, 639.44], [131.26, 1809.31], [131.25, 835.68], [131.24, 836.15], [131.23, 2175.5], [131.22, 747.78], [131.21, 536.84], [131.2, 2076.69], [131.19, 1076.6], [131.18, 723.27]], "asks": [[131.38, 1204.53], [131.39, 750.34], [131.4, 1430.65], [131.41, 1754.74], [131.42, 2677.5], [131.43, 2237.07], [131.44, 1746.6], [131.45, 2237.17], [131.46, 1202.96], [131.47, 1431.79], [131.48, 2509.81], [131.49, 1583.45], [131.5, 2128.83], [131.51, 2728.22], [131.52, 1138.45], [131.53, 3223.31], [131.54, 2393.98], [131.55, 924.75], [131.56, 1370.64], [131.57, 2609.37]], "timestamp": "2025-12-14T10:17:45.712521+00:00"}, {"symbol": "SOLUSDT", "bids": [[131.62, 774.6], [131.61, 748.77], [131.6, 1143.46], [131.59, 912.48], [131.58, 993.27], [131.57, 1120.68], [131.56, 1712.56], [131.55, 1203.81], [131.54, 1041.74], [131.53, 2075.06], [131.52, 1845.76], [131.51, 720.22], [131.5, 806.36], [131.49, 1913.34], [131.48, 293.58], [131.47, 1213.39], [131.46, 688.39], [131.45, 727.17], [131.44, 1874.32], [131.43, 952.1]], "asks": [[131.63, 287.75], [131.64, 471.32], [131.65, 775.07], [131.66, 1670.43], [131.67, 2818.57], [131.68, 4731.9], [131.69, 1397.25], [131.7, 1763.33], [131.71, 2576.41], [131.72, 1865.93], [131.73, 1387.49], [131.74, 3528.54], [131.75, 1344.41], [131.76, 949.6], [131.77, 1082.24], [131.78, 1638.48], [131.79, 1205.01], [131.8, 3558.32], [131.81, 3612.76], [131.82, 830.28]], "timestamp": "2025-12-14T10:18:38.580420+00:00"}, {"symbol": "SOLUSDT", "bids": [[131.62, 717.56], [131.61, 1470.98], [131.6, 1347.73], [131.59, 798.12], [131.58, 830.21], [131.57, 1344.21], [131.56, 839.24], [131.55, 660.69], [131.54, 1698.08], [131.53, 473.55], [131.52, 677.23], [131.51, 867.83], [131.5, 1074.31], [131.49, 1983.64], [131.48, 527.99], [131.47, 1194.2], [131.46, 1088.96], [131.45, 742.57], [131.44, 1794.95], [131.43, 562.71]], "asks": [[131.63, 179.47], [131.64, 935.58], [131.65, 2336.45], [131.66, 1640.05], [131.67, 3152.18], [131.68, 4964.93], [131.69, 1420.12], [131.7, 1202.91], [131.71, 2764.35], [131.72, 1754.64], [131.73, 1925.53], [131.74, 5291.83], [131.75, 1398.55], [131.76, 1228.42], [131.77, 2617.95], [131.78, 1512.4], [131.79, 1632.23], [131.8, 3139.95], [131.81, 2074.89], [131.82, 1593.38]], "timestamp": "2025-12-14T10:19:32.009745+00:00"}, {"symbol": "SOLUSDT", "bids": [[131.65, 1040.25], [131.64, 794.74], [131.63, 1361.94], [131.62, 1634.73], [131.61, 2610.21], [131.6, 2735.12], [131.59, 666.24], [131.58, 471.16], [131.57, 279.94], [131.56, 540.23], [131.55, 1149.08], [131.54, 699.31], [131.53, 1760.18], [131.52, 822.27], [131.51, 713.28], [131.5, 1905.17], [131.49, 498.96], [131.48, 786.9], [131.47, 2086.53], [131.46, 794.73]], "asks": [[131.66, 214.99], [131.67, 240.61], [131.68, 1028.24], [131.69, 1278.93], [131.7, 1376.75], [131.71, 2516.31], [131.72, 2772.63], [131.73, 1530.59], [131.74, 3557.85], [131.75, 1103.89], [131.76, 1388.29], [131.77, 2372.65], [131.78, 1843.61], [131.79, 2859.68], [131.8, 2293.27], [131.81, 2202.19], [131.82, 1242.46], [131.83, 2249.25], [131.84, 1410.77], [131.85, 733.09]], "timestamp": "2025-12-14T10:20:24.777239+00:00"}, {"symbol": "SOLUSDT", "bids": [[131.67, 1275.85], [131.66, 1264.97], [131.65, 986.62], [131.64, 1368.34], [131.63, 2351.63], [131.62, 2449.76], [131.61, 1435.98], [131.6, 1211.63], [131.59, 925.68], [131.58, 909.22], [131.57, 599.28], [131.56, 708.94], [131.55, 1243.85], [131.54, 1913.56], [131.53, 480.33], [131.52, 734.83], [131.51, 1697.98], [131.5, 2023.12], [131.49, 300.83], [131.48, 1073.38]], "asks": [[131.68, 193.24], [131.69, 5241.12], [131.7, 20381.6], [131.71, 944.35], [131.72, 1133.83], [131.73, 1933.71], [131.74, 2803.46], [131.75, 1265.14], [131.76, 1222.62], [131.77, 2436.91], [131.78, 1831.32], [131.79, 2815.2], [131.8, 1852.77], [131.81, 1373.43], [131.82, 1275.75], [131.83, 2580.66], [131.84, 1112.01], [131.85, 694.69], [131.86, 675.12], [131.87, 802.64]], "timestamp": "2025-12-14T10:21:18.125831+00:00"}, {"symbol": "SOLUSDT", "bids": [[131.7, 822.87], [131.69, 1749.3], [131.68, 1239.78], [131.67, 451.93], [131.66, 1490.77], [131.65, 949.65], [131.64, 821.8], [131.63, 1151.15], [131.62, 1184.04], [131.61, 604.6], [131.6, 1108.3], [131.59, 986.67], [131.58, 1354.54], [131.57, 1660.38], [131.56, 954.86], [131.55, 1199.32], [131.54, 2074.17], [131.53, 641.17], [131.52, 704.55], [131.51, 1001.03]], "asks": [[131.71, 294.14], [131.72, 903.36], [131.73, 1665.09], [131.74, 2921.17], [131.75, 1735.54], [131.76, 2822.16], [131.77, 2599.49], [131.78, 1719.43], [131.79, 1424.94], [131.8, 2925.2], [131.81, 1243.57], [131.82, 1526.4], [131.83, 2655.78], [131.84, 3429.94], [131.85, 761.1], [131.86, 800.73], [131.87, 1108.93], [131.88, 1166.73], [131.89, 2355.51], [131.9, 1767.3]], "timestamp": "2025-12-14T10:22:11.753712+00:00"}, {"symbol": "SOLUSDT", "bids": [[131.61, 651.88], [131.6, 417.87], [131.59, 693.01], [131.58, 921.42], [131.57, 1396.57], [131.56, 1634.06], [131.55, 4186.33], [131.54, 368.64], [131.53, 606.0], [131.52, 1305.87], [131.51, 1069.84], [131.5, 2242.65], [131.49, 272.85], [131.48, 900.51], [131.47, 2550.87], [131.46, 588.47], [131.45, 1258.67], [131.44, 1885.01], [131.43, 2106.65], [131.42, 514.97]], "asks": [[131.62, 1501.16], [131.63, 862.75], [131.64, 1035.1], [131.65, 719.45], [131.66, 1406.67], [131.67, 1523.33], [131.68, 4353.99], [131.69, 1902.4], [131.7, 1329.95], [131.71, 2836.04], [131.72, 1125.29], [131.73, 1758.39], [131.74, 2578.52], [131.75, 1735.36], [131.76, 3045.5], [131.77, 2563.87], [131.78, 1604.25], [131.79, 1225.43], [131.8, 2809.0], [131.81, 968.13]], "timestamp": "2025-12-14T10:23:05.231404+00:00"}, {"symbol": "SOLUSDT", "bids": [[131.78, 1202.87], [131.77, 978.43], [131.76, 1316.47], [131.75, 668.01], [131.74, 988.58], [131.73, 1029.16], [131.72, 2141.79], [131.71, 917.56], [131.7, 1405.12], [131.69, 862.25], [131.68, 995.63], [131.67, 2105.75], [131.66, 788.1], [131.65, 796.46], [131.64, 1677.5], [131.63, 922.48], [131.62, 1440.24], [131.61, 1993.1], [131.6, 1128.44], [131.59, 552.99]], "asks": [[131.79, 357.63], [131.8, 1981.65], [131.81, 848.23], [131.82, 951.82], [131.83, 2808.93], [131.84, 2543.07], [131.85, 1573.86], [131.86, 2404.03], [131.87, 1383.6], [131.88, 1764.01], [131.89, 4280.42], [131.9, 1985.82], [131.91, 1194.47], [131.92, 1477.76], [131.93, 1040.66], [131.94, 1131.63], [131.95, 2897.5], [131.96, 875.61], [131.97, 982.77], [131.98, 1179.81]], "timestamp": "2025-12-14T10:23:58.045710+00:00"}, {"symbol": "SOLUSDT", "bids": [[132.01, 434.48], [132.0, 771.88], [131.99, 1178.46], [131.98, 1050.95], [131.97, 1080.23], [131.96, 1280.27], [131.95, 854.75], [131.94, 1197.43], [131.93, 2064.28], [131.92, 659.99], [131.91, 1214.27], [131.9, 2323.66], [131.89, 503.66], [131.88, 1012.2], [131.87, 1903.52], [131.86, 1323.0], [131.85, 1116.91], [131.84, 1669.39], [131.83, 419.01], [131.82, 1081.23]], "asks": [[132.02, 500.33], [132.03, 512.95], [132.04, 643.0], [132.05, 1461.84], [132.06, 2294.47], [132.07, 4425.75], [132.08, 2508.24], [132.09, 1339.85], [132.1, 2633.35], [132.11, 1180.02], [132.12, 1307.53], [132.13, 2806.43], [132.14, 2924.65], [132.15, 1157.8], [132.16, 2386.8], [132.17, 704.19], [132.18, 1106.33], [132.19, 942.86], [132.2, 2200.96], [132.21, 1139.96]], "timestamp": "2025-12-14T10:24:51.090035+00:00"}, {"symbol": "SOLUSDT", "bids": [[131.83, 945.46], [131.82, 1107.85], [131.81, 799.6], [131.8, 689.53], [131.79, 1035.88], [131.78, 1032.7], [131.77, 1100.32], [131.76, 1091.99], [131.75, 1167.94], [131.74, 1296.94], [131.73, 1834.69], [131.72, 999.08], [131.71, 986.62], [131.7, 1694.94], [131.69, 684.03], [131.68, 1058.02], [131.67, 1915.11], [131.66, 417.04], [131.65, 826.45], [131.64, 1846.63]], "asks": [[131.84, 791.59], [131.85, 892.3], [131.86, 1405.68], [131.87, 2126.01], [131.88, 3457.19], [131.89, 2695.67], [131.9, 2938.41], [131.91, 2231.93], [131.92, 2629.44], [131.93, 1022.73], [131.94, 1388.58], [131.95, 3305.42], [131.96, 1285.79], [131.97, 1177.07], [131.98, 2931.01], [131.99, 2549.76], [132.0, 1932.63], [132.01, 1956.61], [132.02, 718.25], [132.03, 1064.33]], "timestamp": "2025-12-14T10:25:44.864837+00:00"}, {"symbol": "SOLUSDT", "bids": [[131.8, 2057.53], [131.79, 1325.33], [131.78, 1510.7], [131.77, 1111.77], [131.76, 837.86], [131.75, 662.27], [131.74, 889.54], [131.73, 462.38], [131.72, 683.56], [131.71, 964.68], [131.7, 1707.27], [131.69, 931.5], [131.68, 1073.77], [131.67, 1722.98], [131.66, 870.96], [131.65, 1186.61], [131.64, 1777.83], [131.63, 857.54], [131.62, 1029.28], [131.61, 2067.64]], "asks": [[131.81, 519.34], [131.82, 553.39], [131.83, 1238.86], [131.84, 2785.15], [131.85, 4305.16], [131.86, 1080.68], [131.87, 2125.75], [131.88, 2494.23], [131.89, 1118.48], [131.9, 1285.97], [131.91, 1456.86], [131.92, 2666.52], [131.93, 1758.17], [131.94, 4095.44], [131.95, 2930.06], [131.96, 2365.46], [131.97, 1232.98], [131.98, 2182.34], [131.99, 959.69], [132.0, 1570.44]], "timestamp": "2025-12-14T10:26:37.820499+00:00"}, {"symbol": "SOLUSDT", "bids": [[131.75, 94.79], [131.74, 1207.87], [131.73, 670.19], [131.72, 705.08], [131.71, 584.46], [131.7, 1032.65], [131.69, 1318.37], [131.68, 1124.86], [131.67, 2046.81], [131.66, 485.54], [131.65, 1055.24], [131.64, 2090.92], [131.63, 960.33], [131.62, 1023.84], [131.61, 1953.49], [131.6, 1269.1], [131.59, 1083.84], [131.58, 2088.14], [131.57, 1415.44], [131.56, 3103.56]], "asks": [[131.76, 2312.11], [131.77, 724.01], [131.78, 1427.16], [131.79, 3754.99], [131.8, 2015.63], [131.81, 1579.15], [131.82, 2791.87], [131.83, 1210.99], [131.84, 2511.68], [131.85, 3058.26], [131.86, 973.72], [131.87, 1466.69], [131.88, 2251.5], [131.89, 1557.75], [131.9, 2217.73], [131.91, 3474.21], [131.92, 3026.23], [131.93, 836.08], [131.94, 1447.94], [131.95, 2053.02]], "timestamp": "2025-12-14T10:27:31.160914+00:00"}, {"symbol": "SOLUSDT", "bids": [[131.7, 382.01], [131.69, 1136.17], [131.68, 1237.89], [131.67, 680.19], [131.66, 1046.33], [131.65, 904.46], [131.64, 1123.2], [131.63, 933.01], [131.62, 1294.66], [131.61, 2270.99], [131.6, 697.85], [131.59, 1053.31], [131.58, 1964.96], [131.57, 919.14], [131.56, 1895.85], [131.55, 1345.89], [131.54, 1045.99], [131.53, 1117.27], [131.52, 2375.38], [131.51, 1106.32]], "asks": [[131.71, 933.18], [131.72, 1113.88], [131.73, 852.2], [131.74, 885.8], [131.75, 1801.72], [131.76, 3527.87], [131.77, 2033.58], [131.78, 2721.81], [131.79, 2416.51], [131.8, 1539.32], [131.81, 1952.03], [131.82, 4146.88], [131.83, 1538.58], [131.84, 2243.07], [131.85, 2921.27], [131.86, 800.85], [131.87, 1154.71], [131.88, 1921.8], [131.89, 709.32], [131.9, 1160.68]], "timestamp": "2025-12-14T10:28:24.612614+00:00"}, {"symbol": "SOLUSDT", "bids": [[131.55, 1412.25], [131.54, 784.3], [131.53, 1340.87], [131.52, 595.85], [131.51, 723.8], [131.5, 1464.03], [131.49, 508.63], [131.48, 616.32], [131.47, 796.88], [131.46, 1210.48], [131.45, 1249.64], [131.44, 1790.49], [131.43, 575.52], [131.42, 1067.17], [131.41, 2123.65], [131.4, 1429.48], [131.39, 1313.94], [131.38, 2281.11], [131.37, 532.89], [131.36, 762.72]], "asks": [[131.56, 1143.23], [131.57, 1397.37], [131.58, 1763.8], [131.59, 1962.2], [131.6, 1747.6], [131.61, 1993.71], [131.62, 1500.8], [131.63, 1934.22], [131.64, 3154.29], [131.65, 871.99], [131.66, 1455.21], [131.67, 2365.01], [131.68, 1608.7], [131.69, 1841.01], [131.7, 2724.05], [131.71, 1299.46], [131.72, 2888.38], [131.73, 2309.46], [131.74, 1128.47], [131.75, 1447.63]], "timestamp": "2025-12-14T10:29:17.953177+00:00"}, {"symbol": "SOLUSDT", "bids": [[131.47, 372.77], [131.46, 534.82], [131.45, 914.57], [131.44, 1057.92], [131.43, 1102.5], [131.42, 806.37], [131.41, 875.98], [131.4, 1161.66], [131.39, 1228.2], [131.38, 1069.6], [131.37, 1188.38], [131.36, 1333.5], [131.35, 2065.09], [131.34, 874.63], [131.33, 1556.91], [131.32, 2194.76], [131.31, 1853.48], [131.3, 2852.77], [131.29, 888.17], [131.28, 261.55]], "asks": [[131.48, 925.36], [131.49, 1060.89], [131.5, 1654.56], [131.51, 1519.86], [131.52, 3231.56], [131.53, 1234.67], [131.54, 2167.26], [131.55, 3821.11], [131.56, 1733.65], [131.57, 2119.91], [131.58, 2359.44], [131.59, 1185.82], [131.6, 1544.78], [131.61, 2388.37], [131.62, 1368.34], [131.63, 1231.01], [131.64, 2592.03], [131.65, 850.88], [131.66, 2766.85], [131.67, 2324.77]], "timestamp": "2025-12-14T10:30:11.605910+00:00"}, {"symbol": "SOLUSDT", "bids": [[131.45, 1042.74], [131.44, 803.61], [131.43, 1042.26], [131.42, 1009.83], [131.41, 1184.88], [131.4, 1445.55], [131.39, 1089.38], [131.38, 1194.21], [131.37, 1153.12], [131.36, 1210.96], [131.35, 2029.36], [131.34, 680.68], [131.33, 986.03], [131.32, 2070.58], [131.31, 1257.37], [131.3, 1362.22], [131.29, 1826.03], [131.28, 770.32], [131.27, 1165.02], [131.26, 2740.15]], "asks": [[131.46, 375.29], [131.47, 644.56], [131.48, 1268.09], [131.49, 1799.79], [131.5, 1911.7], [131.51, 1588.07], [131.52, 2483.46], [131.53, 2319.45], [131.54, 1769.23], [131.55, 3505.29], [131.56, 1019.83], [131.57, 1166.66], [131.58, 2275.07], [131.59, 1380.17], [131.6, 1851.59], [131.61, 1827.19], [131.62, 1056.26], [131.63, 1319.62], [131.64, 2121.54], [131.65, 865.87]], "timestamp": "2025-12-14T10:31:05.059647+00:00"}, {"symbol": "SOLUSDT", "bids": [[131.13, 700.36], [131.12, 682.46], [131.11, 734.04], [131.1, 989.72], [131.09, 937.79], [131.08, 1332.14], [131.07, 1032.97], [131.06, 1418.25], [131.05, 2432.15], [131.04, 1140.18], [131.03, 797.54], [131.02, 1196.73], [131.01, 2566.35], [131.0, 2752.72], [130.99, 1130.04], [130.98, 1828.34], [130.97, 884.47], [130.96, 1402.0], [130.95, 2362.97], [130.94, 793.22]], "asks": [[131.14, 274.86], [131.15, 977.85], [131.16, 4416.29], [131.17, 2446.42], [131.18, 1471.14], [131.19, 2072.31], [131.2, 2161.55], [131.21, 788.72], [131.22, 949.09], [131.23, 2195.76], [131.24, 944.65], [131.25, 1088.94], [131.26, 2852.59], [131.27, 1376.16], [131.28, 1503.31], [131.29, 2350.34], [131.3, 2856.42], [131.31, 1282.73], [131.32, 1996.38], [131.33, 1002.15]], "timestamp": "2025-12-14T10:31:57.947714+00:00"}, {"symbol": "SOLUSDT", "bids": [[131.43, 253.02], [131.42, 203.15], [131.41, 516.1], [131.4, 882.65], [131.39, 1085.28], [131.38, 1218.07], [131.37, 1351.45], [131.36, 1057.35], [131.35, 1993.17], [131.34, 948.44], [131.33, 1154.9], [131.32, 2276.78], [131.31, 785.09], [131.3, 1176.77], [131.29, 1984.43], [131.28, 1352.32], [131.27, 1394.13], [131.26, 2084.39], [131.25, 899.35], [131.24, 1158.08]], "asks": [[131.44, 1278.04], [131.45, 486.46], [131.46, 1763.55], [131.47, 2302.03], [131.48, 1976.31], [131.49, 1318.54], [131.5, 1444.89], [131.51, 1480.68], [131.52, 1470.78], [131.53, 2201.55], [131.54, 1748.89], [131.55, 2933.41], [131.56, 752.37], [131.57, 1282.85], [131.58, 1014.88], [131.59, 2371.93], [131.6, 1191.3], [131.61, 610.25], [131.62, 1050.05], [131.63, 989.18]], "timestamp": "2025-12-14T10:32:51.161790+00:00"}, {"symbol": "SOLUSDT", "bids": [[131.45, 458.84], [131.44, 648.62], [131.43, 699.81], [131.42, 886.14], [131.41, 1089.07], [131.4, 1233.73], [131.39, 1281.2], [131.38, 2294.11], [131.37, 1123.42], [131.36, 1076.63], [131.35, 2140.46], [131.34, 964.88], [131.33, 841.15], [131.32, 2135.87], [131.31, 802.37], [131.3, 1586.08], [131.29, 2686.98], [131.28, 912.69], [131.27, 993.97], [131.26, 2224.26]], "asks": [[131.46, 372.18], [131.47, 1796.21], [131.48, 814.71], [131.49, 1279.38], [131.5, 3366.85], [131.51, 1354.85], [131.52, 1595.22], [131.53, 2389.17], [131.54, 1593.22], [131.55, 1592.82], [131.56, 2956.47], [131.57, 2511.63], [131.58, 1100.49], [131.59, 2564.52], [131.6, 1022.1], [131.61, 890.15], [131.62, 1112.62], [131.63, 975.15], [131.64, 568.93], [131.65, 686.99]], "timestamp": "2025-12-14T10:33:44.702931+00:00"}, {"symbol": "SOLUSDT", "bids": [[131.57, 933.63], [131.56, 859.99], [131.55, 770.52], [131.54, 1010.22], [131.53, 1060.05], [131.52, 1239.82], [131.51, 1461.03], [131.5, 2423.73], [131.49, 1012.92], [131.48, 1062.95], [131.47, 1968.1], [131.46, 840.46], [131.45, 859.29], [131.44, 2084.52], [131.43, 961.13], [131.42, 1005.03], [131.41, 2040.59], [131.4, 1365.31], [131.39, 1641.04], [131.38, 2152.92]], "asks": [[131.58, 539.23], [131.59, 1913.95], [131.6, 772.12], [131.61, 1127.31], [131.62, 2427.83], [131.63, 1674.47], [131.64, 2554.86], [131.65, 2434.97], [131.66, 1109.58], [131.67, 928.28], [131.68, 1209.84], [131.69, 1540.41], [131.7, 2767.41], [131.71, 1182.79], [131.72, 643.44], [131.73, 1287.23], [131.74, 1611.26], [131.75, 1481.28], [131.76, 2311.3], [131.77, 528.69]], "timestamp": "2025-12-14T10:34:37.951197+00:00"}