[{"id": "1011887782", "price": 129.42, "amount": 4.9, "side": "sell", "timestamp": 1765755709722}, {"id": "1011887783", "price": 129.43, "amount": 3.86, "side": "buy", "timestamp": 1765755709750}, {"id": "1011887784", "price": 129.42, "amount": 0.04, "side": "sell", "timestamp": 1765755709804}, {"id": "1011887785", "price": 129.43, "amount": 101.83, "side": "buy", "timestamp": 1765755709904}, {"id": "1011887786", "price": 129.44, "amount": 0.3, "side": "buy", "timestamp": 1765755709931}, {"id": "1011887787", "price": 129.43, "amount": 13.97, "side": "sell", "timestamp": 1765755710164}, {"id": "1011887788", "price": 129.42, "amount": 82.25, "side": "sell", "timestamp": 1765755710212}, {"id": "1011887789", "price": 129.41, "amount": 395.3, "side": "sell", "timestamp": 1765755710233}, {"id": "1011887790", "price": 129.4, "amount": 555.52, "side": "sell", "timestamp": 1765755710281}, {"id": "1011887791", "price": 129.39, "amount": 136.25, "side": "sell", "timestamp": 1765755710281}, {"id": "1011887792", "price": 129.4, "amount": 0.76, "side": "buy", "timestamp": 1765755710285}, {"id": "1011887793", "price": 129.39, "amount": 47.86, "side": "sell", "timestamp": 1765755710325}, {"id": "1011887794", "price": 129.39, "amount": 1.5, "side": "sell", "timestamp": 1765755710665}, {"id": "1011887795", "price": 129.39, "amount": 73.9, "side": "sell", "timestamp": 1765755710793}, {"id": "1011887796", "price": 129.39, "amount": 17.87, "side": "sell", "timestamp": 1765755710894}, {"id": "1011887797", "price": 129.39, "amount": 6.23, "side": "sell", "timestamp": 1765755711011}, {"id": "1011887798", "price": 129.38, "amount": 0.05, "side": "sell", "timestamp": 1765755711811}, {"id": "1011887799", "price": 129.39, "amount": 3.0, "side": "buy", "timestamp": 1765755712008}, {"id": "1011887800", "price": 129.39, "amount": 234.14, "side": "buy", "timestamp": 1765755712183}, {"id": "1011887801", "price": 129.4, "amount": 196.6, "side": "buy", "timestamp": 1765755712189}, {"id": "1011887802", "price": 129.4, "amount": 344.42, "side": "sell", "timestamp": 1765755712207}, {"id": "1011887803", "price": 129.39, "amount": 3.72, "side": "sell", "timestamp": 1765755712405}, {"id": "1011887804", "price": 129.39, "amount": 4.0, "side": "buy", "timestamp": 1765755712636}, {"id": "1011887805", "price": 129.38, "amount": 0.3, "side": "sell", "timestamp": 1765755712812}, {"id": "1011887806", "price": 129.38, "amount": 48.25, "side": "sell", "timestamp": 1765755713039}, {"id": "1011887807", "price": 129.37, "amount": 6.72, "side": "sell", "timestamp": 1765755713135}, {"id": "1011887808", "price": 129.38, "amount": 5.46, "side": "buy", "timestamp": 1765755713164}, {"id": "1011887809", "price": 129.37, "amount": 2.71, "side": "sell", "timestamp": 1765755713371}, {"id": "1011887810", "price": 129.38, "amount": 2.28, "side": "buy", "timestamp": 1765755713401}, {"id": "1011887811", "price": 129.37, "amount": 2.45, "side": "sell", "timestamp": 1765755713582}, {"id": "1011887812", "price": 129.38, "amount": 2.27, "side": "buy", "timestamp": 1765755713651}, {"id": "1011887813", "price": 129.38, "amount": 0.11, "side": "buy", "timestamp": 1765755713778}, {"id": "1011887814", "price": 129.37, "amount": 0.96, "side": "sell", "timestamp": 1765755713807}, {"id": "1011887815", "price": 129.38, "amount": 0.98, "side": "buy", "timestamp": 1765755713979}, {"id": "1011887816", "price": 129.37, "amount": 2.65, "side": "sell", "timestamp": 1765755714930}, {"id": "1011887817", "price": 129.37, "amount": 5.31, "side": "sell", "timestamp": 1765755715085}, {"id": "1011887818", "price": 129.37, "amount": 27.92, "side": "sell", "timestamp": 1765755715421}, {"id": "1011887819", "price": 129.38, "amount": 0.06, "side": "buy", "timestamp": 1765755715497}, {"id": "1011887820", "price": 129.38, "amount": 6.18, "side": "buy", "timestamp": 1765755716118}, {"id": "1011887821", "price": 129.37, "amount": 0.11, "side": "sell", "timestamp": 1765755716158}, {"id": "1011887822", "price": 129.37, "amount": 1.03, "side": "sell", "timestamp": 1765755717068}, {"id": "1011887823", "price": 129.37, "amount": 144.9, "side": "sell", "timestamp": 1765755717171}, {"id": "1011887824", "price": 129.36, "amount": 112.88, "side": "sell", "timestamp": 1765755717213}, {"id": "1011887825", "price": 129.35, "amount": 75.16, "side": "sell", "timestamp": 1765755717239}, {"id": "1011887826", "price": 129.34, "amount": 3.46, "side": "sell", "timestamp": 1765755717307}, {"id": "1011887827", "price": 129.35, "amount": 0.6, "side": "buy", "timestamp": 1765755717527}, {"id": "1011887828", "price": 129.34, "amount": 0.07, "side": "sell", "timestamp": 1765755717775}, {"id": "1011887829", "price": 129.35, "amount": 0.25, "side": "buy", "timestamp": 1765755717848}, {"id": "1011887830", "price": 129.35, "amount": 0.19, "side": "buy", "timestamp": 1765755717990}, {"id": "1011887831", "price": 129.34, "amount": 0.18, "side": "sell", "timestamp": 1765755718120}, {"id": "1011888038", "price": 129.23, "amount": 0.74, "side": "sell", "timestamp": 1765755757858}, {"id": "1011888039", "price": 129.24, "amount": 0.68, "side": "buy", "timestamp": 1765755758081}, {"id": "1011888040", "price": 129.23, "amount": 0.05, "side": "sell", "timestamp": 1765755758143}, {"id": "1011888041", "price": 129.23, "amount": 3.86, "side": "sell", "timestamp": 1765755758958}, {"id": "1011888042", "price": 129.23, "amount": 0.4, "side": "sell", "timestamp": 1765755759304}, {"id": "1011888043", "price": 129.23, "amount": 9.45, "side": "sell", "timestamp": 1765755759694}, {"id": "1011888044", "price": 129.24, "amount": 217.38, "side": "buy", "timestamp": 1765755759748}, {"id": "1011888045", "price": 129.25, "amount": 9.0, "side": "buy", "timestamp": 1765755759790}, {"id": "1011888046", "price": 129.25, "amount": 0.11, "side": "sell", "timestamp": 1765755759901}, {"id": "1011888047", "price": 129.25, "amount": 2.84, "side": "sell", "timestamp": 1765755760135}, {"id": "1011888048", "price": 129.26, "amount": 1.0, "side": "buy", "timestamp": 1765755760373}, {"id": "1011888049", "price": 129.26, "amount": 0.15, "side": "buy", "timestamp": 1765755761298}, {"id": "1011888050", "price": 129.25, "amount": 0.08, "side": "sell", "timestamp": 1765755761434}, {"id": "1011888051", "price": 129.25, "amount": 0.11, "side": "sell", "timestamp": 1765755762126}, {"id": "1011888052", "price": 129.25, "amount": 6.52, "side": "sell", "timestamp": 1765755762833}, {"id": "1011888053", "price": 129.25, "amount": 3.06, "side": "sell", "timestamp": 1765755762964}, {"id": "1011888054", "price": 129.26, "amount": 4.0, "side": "buy", "timestamp": 1765755763764}, {"id": "1011888055", "price": 129.26, "amount": 32.4, "side": "buy", "timestamp": 1765755764113}, {"id": "1011888056", "price": 129.26, "amount": 38.68, "side": "buy", "timestamp": 1765755764757}, {"id": "1011888057", "price": 129.25, "amount": 0.91, "side": "sell", "timestamp": 1765755764818}, {"id": "1011888058", "price": 129.26, "amount": 107.12, "side": "buy", "timestamp": 1765755764820}, {"id": "1011888059", "price": 129.27, "amount": 0.07, "side": "buy", "timestamp": 1765755764843}, {"id": "1011888060", "price": 129.26, "amount": 0.11, "side": "sell", "timestamp": 1765755765158}, {"id": "1011888061", "price": 129.27, "amount": 88.63, "side": "buy", "timestamp": 1765755765565}, {"id": "1011888062", "price": 129.28, "amount": 0.3, "side": "buy", "timestamp": 1765755765568}, {"id": "1011888063", "price": 129.27, "amount": 9.02, "side": "sell", "timestamp": 1765755765713}, {"id": "1011888064", "price": 129.27, "amount": 281.26, "side": "sell", "timestamp": 1765755766322}, {"id": "1011888065", "price": 129.26, "amount": 11.33, "side": "sell", "timestamp": 1765755766367}, {"id": "1011888066", "price": 129.26, "amount": 2.63, "side": "sell", "timestamp": 1765755766714}, {"id": "1011888067", "price": 129.26, "amount": 0.25, "side": "sell", "timestamp": 1765755766894}, {"id": "1011888068", "price": 129.27, "amount": 0.07, "side": "buy", "timestamp": 1765755766945}, {"id": "1011888069", "price": 129.26, "amount": 4.71, "side": "sell", "timestamp": 1765755767098}, {"id": "1011888070", "price": 129.27, "amount": 517.3, "side": "buy", "timestamp": 1765755767183}, {"id": "1011888071", "price": 129.26, "amount": 0.12, "side": "sell", "timestamp": 1765755767406}, {"id": "1011888072", "price": 129.27, "amount": 9.7, "side": "buy", "timestamp": 1765755767553}, {"id": "1011888073", "price": 129.26, "amount": 0.11, "side": "sell", "timestamp": 1765755768032}, {"id": "1011888074", "price": 129.26, "amount": 0.11, "side": "sell", "timestamp": 1765755768355}, {"id": "1011888075", "price": 129.27, "amount": 0.68, "side": "buy", "timestamp": 1765755768441}, {"id": "1011888076", "price": 129.26, "amount": 29.91, "side": "sell", "timestamp": 1765755768683}, {"id": "1011888077", "price": 129.26, "amount": 0.19, "side": "sell", "timestamp": 1765755768905}, {"id": "1011888078", "price": 129.27, "amount": 0.52, "side": "buy", "timestamp": 1765755769138}, {"id": "1011888079", "price": 129.26, "amount": 45.01, "side": "sell", "timestamp": 1765755770230}, {"id": "1011888080", "price": 129.26, "amount": 0.09, "side": "sell", "timestamp": 1765755770563}, {"id": "1011888081", "price": 129.26, "amount": 6.27, "side": "sell", "timestamp": 1765755770681}, {"id": "1011888082", "price": 129.26, "amount": 0.52, "side": "sell", "timestamp": 1765755770947}, {"id": "1011888083", "price": 129.26, "amount": 0.11, "side": "sell", "timestamp": 1765755771062}, {"id": "1011888084", "price": 129.26, "amount": 1.59, "side": "sell", "timestamp": 1765755771915}, {"id": "1011888085", "price": 129.26, "amount": 3.94, "side": "sell", "timestamp": 1765755772152}, {"id": "1011888086", "price": 129.26, "amount": 83.65, "side": "sell", "timestamp": 1765755772391}, {"id": "1011888087", "price": 129.27, "amount": 7.83, "side": "buy", "timestamp": 1765755772407}, {"id": "1011888296", "price": 129.46, "amount": 15.67, "side": "buy", "timestamp": 1765755817596}, {"id": "1011888297", "price": 129.46, "amount": 0.16, "side": "sell", "timestamp": 1765755817819}, {"id": "1011888298", "price": 129.46, "amount": 97.36, "side": "sell", "timestamp": 1765755818315}, {"id": "1011888299", "price": 129.47, "amount": 1.0, "side": "buy", "timestamp": 1765755818835}, {"id": "1011888300", "price": 129.47, "amount": 10.0, "side": "buy", "timestamp": 1765755818979}, {"id": "1011888301", "price": 129.46, "amount": 0.11, "side": "sell", "timestamp": 1765755819025}, {"id": "1011888302", "price": 129.47, "amount": 1.0, "side": "buy", "timestamp": 1765755819086}, {"id": "1011888303", "price": 129.46, "amount": 0.42, "side": "sell", "timestamp": 1765755819201}, {"id": "1011888304", "price": 129.47, "amount": 1.0, "side": "buy", "timestamp": 1765755819372}, {"id": "1011888305", "price": 129.47, "amount": 1.0, "side": "buy", "timestamp": 1765755819623}, {"id": "1011888306", "price": 129.47, "amount": 159.28, "side": "buy", "timestamp": 1765755819801}, {"id": "1011888307", "price": 129.47, "amount": 32.49, "side": "buy", "timestamp": 1765755820020}, {"id": "1011888308", "price": 129.46, "amount": 0.19, "side": "sell", "timestamp": 1765755820056}, {"id": "1011888309", "price": 129.47, "amount": 0.5, "side": "buy", "timestamp": 1765755820063}, {"id": "1011888310", "price": 129.48, "amount": 1.0, "side": "buy", "timestamp": 1765755820391}, {"id": "1011888311", "price": 129.47, "amount": 144.96, "side": "sell", "timestamp": 1765755820928}, {"id": "1011888312", "price": 129.46, "amount": 53.03, "side": "sell", "timestamp": 1765755820934}, {"id": "1011888313", "price": 129.46, "amount": 0.68, "side": "buy", "timestamp": 1765755821462}, {"id": "1011888314", "price": 129.46, "amount": 146.42, "side": "buy", "timestamp": 1765755821576}, {"id": "1011888315", "price": 129.47, "amount": 329.18, "side": "buy", "timestamp": 1765755821576}, {"id": "1011888316", "price": 129.46, "amount": 0.78, "side": "sell", "timestamp": 1765755821621}, {"id": "1011888317", "price": 129.47, "amount": 6.17, "side": "buy", "timestamp": 1765755821725}, {"id": "1011888318", "price": 129.47, "amount": 9.92, "side": "buy", "timestamp": 1765755821863}, {"id": "1011888319", "price": 129.46, "amount": 5.77, "side": "sell", "timestamp": 1765755821878}, {"id": "1011888320", "price": 129.46, "amount": 0.16, "side": "sell", "timestamp": 1765755822065}, {"id": "1011888321", "price": 129.47, "amount": 55.3, "side": "buy", "timestamp": 1765755822208}, {"id": "1011888322", "price": 129.47, "amount": 52.77, "side": "buy", "timestamp": 1765755822358}, {"id": "1011888323", "price": 129.47, "amount": 8.53, "side": "buy", "timestamp": 1765755822497}, {"id": "1011888324", "price": 129.47, "amount": 0.08, "side": "sell", "timestamp": 1765755822787}, {"id": "1011888325", "price": 129.48, "amount": 80.0, "side": "buy", "timestamp": 1765755822961}, {"id": "1011888326", "price": 129.47, "amount": 65.44, "side": "sell", "timestamp": 1765755823187}, {"id": "1011888327", "price": 129.46, "amount": 68.56, "side": "sell", "timestamp": 1765755823188}, {"id": "1011888328", "price": 129.46, "amount": 0.15, "side": "buy", "timestamp": 1765755823200}, {"id": "1011888329", "price": 129.46, "amount": 39.11, "side": "buy", "timestamp": 1765755823407}, {"id": "1011888330", "price": 129.46, "amount": 8.07, "side": "buy", "timestamp": 1765755823650}, {"id": "1011888331", "price": 129.45, "amount": 0.04, "side": "sell", "timestamp": 1765755824831}, {"id": "1011888332", "price": 129.46, "amount": 17.44, "side": "buy", "timestamp": 1765755824871}, {"id": "1011888333", "price": 129.45, "amount": 0.11, "side": "sell", "timestamp": 1765755825181}, {"id": "1011888334", "price": 129.46, "amount": 1.54, "side": "buy", "timestamp": 1765755825397}, {"id": "1011888335", "price": 129.45, "amount": 0.46, "side": "sell", "timestamp": 1765755825414}, {"id": "1011888336", "price": 129.46, "amount": 0.17, "side": "buy", "timestamp": 1765755826187}, {"id": "1011888337", "price": 129.45, "amount": 0.07, "side": "sell", "timestamp": 1765755826548}, {"id": "1011888338", "price": 129.45, "amount": 76.61, "side": "sell", "timestamp": 1765755826874}, {"id": "1011888339", "price": 129.44, "amount": 59.4, "side": "sell", "timestamp": 1765755826926}, {"id": "1011888340", "price": 129.43, "amount": 58.37, "side": "sell", "timestamp": 1765755826928}, {"id": "1011888341", "price": 129.44, "amount": 15.86, "side": "buy", "timestamp": 1765755827239}, {"id": "1011888342", "price": 129.44, "amount": 0.6, "side": "buy", "timestamp": 1765755827575}, {"id": "1011888343", "price": 129.44, "amount": 132.89, "side": "buy", "timestamp": 1765755827699}, {"id": "1011888344", "price": 129.43, "amount": 0.1, "side": "sell", "timestamp": 1765755827757}, {"id": "1011888345", "price": 129.44, "amount": 3.86, "side": "buy", "timestamp": 1765755827761}, {"id": "1011888508", "price": 129.38, "amount": 0.08, "side": "buy", "timestamp": 1765755872701}, {"id": "1011888509", "price": 129.37, "amount": 21.74, "side": "sell", "timestamp": 1765755873007}, {"id": "1011888510", "price": 129.36, "amount": 0.45, "side": "sell", "timestamp": 1765755873166}, {"id": "1011888511", "price": 129.36, "amount": 29.81, "side": "sell", "timestamp": 1765755873751}, {"id": "1011888512", "price": 129.35, "amount": 7.57, "side": "sell", "timestamp": 1765755873855}, {"id": "1011888513", "price": 129.34, "amount": 0.05, "side": "sell", "timestamp": 1765755874121}, {"id": "1011888514", "price": 129.35, "amount": 0.68, "side": "buy", "timestamp": 1765755874389}, {"id": "1011888515", "price": 129.35, "amount": 0.05, "side": "buy", "timestamp": 1765755874560}, {"id": "1011888516", "price": 129.34, "amount": 42.96, "side": "sell", "timestamp": 1765755874884}, {"id": "1011888517", "price": 129.34, "amount": 0.49, "side": "buy", "timestamp": 1765755875093}, {"id": "1011888518", "price": 129.33, "amount": 19.3, "side": "sell", "timestamp": 1765755875101}, {"id": "1011888519", "price": 129.32, "amount": 1.69, "side": "sell", "timestamp": 1765755875162}, {"id": "1011888520", "price": 129.32, "amount": 0.85, "side": "sell", "timestamp": 1765755875383}, {"id": "1011888521", "price": 129.32, "amount": 0.85, "side": "sell", "timestamp": 1765755875548}, {"id": "1011888522", "price": 129.33, "amount": 15.5, "side": "buy", "timestamp": 1765755875565}, {"id": "1011888523", "price": 129.32, "amount": 16.55, "side": "sell", "timestamp": 1765755875725}, {"id": "1011888524", "price": 129.32, "amount": 4.84, "side": "buy", "timestamp": 1765755875753}, {"id": "1011888525", "price": 129.31, "amount": 0.11, "side": "sell", "timestamp": 1765755875975}, {"id": "1011888526", "price": 129.32, "amount": 3.58, "side": "buy", "timestamp": 1765755876224}, {"id": "1011888527", "price": 129.32, "amount": 0.05, "side": "buy", "timestamp": 1765755876562}, {"id": "1011888528", "price": 129.31, "amount": 0.87, "side": "sell", "timestamp": 1765755876794}, {"id": "1011888529", "price": 129.32, "amount": 13.43, "side": "buy", "timestamp": 1765755876893}, {"id": "1011888530", "price": 129.31, "amount": 182.59, "side": "sell", "timestamp": 1765755876901}, {"id": "1011888531", "price": 129.3, "amount": 86.51, "side": "sell", "timestamp": 1765755876927}, {"id": "1011888532", "price": 129.3, "amount": 69.72, "side": "buy", "timestamp": 1765755877117}, {"id": "1011888533", "price": 129.3, "amount": 10.22, "side": "sell", "timestamp": 1765755877248}, {"id": "1011888534", "price": 129.31, "amount": 9.6, "side": "buy", "timestamp": 1765755877379}, {"id": "1011888535", "price": 129.3, "amount": 1.23, "side": "sell", "timestamp": 1765755877422}, {"id": "1011888536", "price": 129.31, "amount": 29.7, "side": "buy", "timestamp": 1765755877501}, {"id": "1011888537", "price": 129.32, "amount": 0.05, "side": "buy", "timestamp": 1765755877562}, {"id": "1011888538", "price": 129.31, "amount": 52.08, "side": "sell", "timestamp": 1765755877584}, {"id": "1011888539", "price": 129.31, "amount": 0.5, "side": "sell", "timestamp": 1765755878018}, {"id": "1011888540", "price": 129.32, "amount": 500.0, "side": "buy", "timestamp": 1765755878094}, {"id": "1011888541", "price": 129.31, "amount": 0.47, "side": "sell", "timestamp": 1765755878319}, {"id": "1011888542", "price": 129.32, "amount": 3.66, "side": "buy", "timestamp": 1765755878995}, {"id": "1011888543", "price": 129.33, "amount": 0.05, "side": "buy", "timestamp": 1765755879345}, {"id": "1011888544", "price": 129.33, "amount": 20.0, "side": "buy", "timestamp": 1765755879446}, {"id": "1011888545", "price": 129.33, "amount": 0.05, "side": "buy", "timestamp": 1765755879563}, {"id": "1011888546", "price": 129.33, "amount": 1.0, "side": "buy", "timestamp": 1765755880410}, {"id": "1011888547", "price": 129.32, "amount": 30.0, "side": "sell", "timestamp": 1765755880419}, {"id": "1011888548", "price": 129.33, "amount": 0.05, "side": "buy", "timestamp": 1765755880563}, {"id": "1011888549", "price": 129.33, "amount": 7.89, "side": "buy", "timestamp": 1765755880864}, {"id": "1011888550", "price": 129.32, "amount": 0.11, "side": "sell", "timestamp": 1765755881072}, {"id": "1011888551", "price": 129.33, "amount": 93.36, "side": "buy", "timestamp": 1765755881386}, {"id": "1011888552", "price": 129.34, "amount": 9.17, "side": "buy", "timestamp": 1765755881402}, {"id": "1011888553", "price": 129.35, "amount": 0.05, "side": "buy", "timestamp": 1765755881563}, {"id": "1011888554", "price": 129.35, "amount": 1.7, "side": "buy", "timestamp": 1765755881691}, {"id": "1011888555", "price": 129.34, "amount": 0.32, "side": "sell", "timestamp": 1765755882162}, {"id": "1011888556", "price": 129.34, "amount": 77.09, "side": "sell", "timestamp": 1765755882351}, {"id": "1011888557", "price": 129.34, "amount": 0.05, "side": "buy", "timestamp": 1765755882562}, {"id": "1011888769", "price": 129.39, "amount": 11.68, "side": "sell", "timestamp": 1765755924571}, {"id": "1011888770", "price": 129.38, "amount": 15.25, "side": "sell", "timestamp": 1765755924730}, {"id": "1011888771", "price": 129.37, "amount": 10.1, "side": "sell", "timestamp": 1765755924752}, {"id": "1011888772", "price": 129.37, "amount": 0.21, "side": "buy", "timestamp": 1765755924966}, {"id": "1011888773", "price": 129.36, "amount": 31.16, "side": "sell", "timestamp": 1765755925049}, {"id": "1011888774", "price": 129.37, "amount": 5.0, "side": "buy", "timestamp": 1765755925226}, {"id": "1011888775", "price": 129.36, "amount": 2.12, "side": "sell", "timestamp": 1765755925231}, {"id": "1011888776", "price": 129.37, "amount": 1.35, "side": "buy", "timestamp": 1765755925560}, {"id": "1011888777", "price": 129.37, "amount": 0.01, "side": "buy", "timestamp": 1765755925905}, {"id": "1011888778", "price": 129.36, "amount": 0.41, "side": "sell", "timestamp": 1765755925957}, {"id": "1011888779", "price": 129.36, "amount": 0.15, "side": "sell", "timestamp": 1765755926060}, {"id": "1011888780", "price": 129.36, "amount": 1.29, "side": "sell", "timestamp": 1765755926209}, {"id": "1011888781", "price": 129.37, "amount": 1.42, "side": "buy", "timestamp": 1765755927223}, {"id": "1011888782", "price": 129.36, "amount": 36.73, "side": "sell", "timestamp": 1765755927269}, {"id": "1011888783", "price": 129.37, "amount": 644.13, "side": "buy", "timestamp": 1765755927648}, {"id": "1011888784", "price": 129.38, "amount": 634.3, "side": "buy", "timestamp": 1765755927648}, {"id": "1011888785", "price": 129.38, "amount": 0.11, "side": "sell", "timestamp": 1765755927802}, {"id": "1011888786", "price": 129.39, "amount": 5.03, "side": "buy", "timestamp": 1765755928113}, {"id": "1011888787", "price": 129.39, "amount": 0.42, "side": "sell", "timestamp": 1765755928519}, {"id": "1011888788", "price": 129.4, "amount": 5.71, "side": "buy", "timestamp": 1765755928892}, {"id": "1011888789", "price": 129.39, "amount": 0.19, "side": "sell", "timestamp": 1765755928976}, {"id": "1011888790", "price": 129.4, "amount": 30.0, "side": "buy", "timestamp": 1765755929325}, {"id": "1011888791", "price": 129.39, "amount": 45.31, "side": "sell", "timestamp": 1765755929354}, {"id": "1011888792", "price": 129.39, "amount": 0.04, "side": "sell", "timestamp": 1765755929466}, {"id": "1011888793", "price": 129.39, "amount": 0.23, "side": "sell", "timestamp": 1765755929957}, {"id": "1011888794", "price": 129.39, "amount": 0.11, "side": "sell", "timestamp": 1765755930108}, {"id": "1011888795", "price": 129.4, "amount": 45.15, "side": "buy", "timestamp": 1765755930183}, {"id": "1011888796", "price": 129.41, "amount": 8.1, "side": "buy", "timestamp": 1765755930183}, {"id": "1011888797", "price": 129.41, "amount": 38.78, "side": "buy", "timestamp": 1765755930799}, {"id": "1011888798", "price": 129.4, "amount": 47.28, "side": "sell", "timestamp": 1765755930887}, {"id": "1011888799", "price": 129.39, "amount": 0.12, "side": "sell", "timestamp": 1765755930911}, {"id": "1011888800", "price": 129.39, "amount": 6.5, "side": "sell", "timestamp": 1765755931813}, {"id": "1011888801", "price": 129.4, "amount": 40.56, "side": "buy", "timestamp": 1765755931839}, {"id": "1011888802", "price": 129.4, "amount": 0.02, "side": "buy", "timestamp": 1765755931985}, {"id": "1011888803", "price": 129.4, "amount": 1.93, "side": "buy", "timestamp": 1765755932508}, {"id": "1011888804", "price": 129.39, "amount": 46.45, "side": "sell", "timestamp": 1765755932683}, {"id": "1011888805", "price": 129.39, "amount": 0.49, "side": "sell", "timestamp": 1765755933167}, {"id": "1011888806", "price": 129.39, "amount": 217.69, "side": "sell", "timestamp": 1765755933372}, {"id": "1011888807", "price": 129.39, "amount": 0.09, "side": "buy", "timestamp": 1765755933556}, {"id": "1011888808", "price": 129.38, "amount": 0.33, "side": "sell", "timestamp": 1765755934140}, {"id": "1011888809", "price": 129.39, "amount": 0.04, "side": "buy", "timestamp": 1765755934932}, {"id": "1011888810", "price": 129.39, "amount": 3.13, "side": "buy", "timestamp": 1765755935459}, {"id": "1011888811", "price": 129.38, "amount": 0.06, "side": "sell", "timestamp": 1765755935639}, {"id": "1011888812", "price": 129.39, "amount": 0.09, "side": "buy", "timestamp": 1765755935693}, {"id": "1011888813", "price": 129.39, "amount": 0.31, "side": "buy", "timestamp": 1765755935794}, {"id": "1011888814", "price": 129.38, "amount": 3.5, "side": "sell", "timestamp": 1765755935980}, {"id": "1011888815", "price": 129.38, "amount": 0.11, "side": "sell", "timestamp": 1765755936081}, {"id": "1011888816", "price": 129.39, "amount": 3.69, "side": "buy", "timestamp": 1765755936214}, {"id": "1011888817", "price": 129.38, "amount": 0.12, "side": "sell", "timestamp": 1765755936893}, {"id": "1011888818", "price": 129.38, "amount": 0.03, "side": "sell", "timestamp": 1765755937061}, {"id": "1011889050", "price": 129.18, "amount": 8.47, "side": "buy", "timestamp": 1765755980839}, {"id": "1011889051", "price": 129.17, "amount": 0.11, "side": "sell", "timestamp": 1765755981110}, {"id": "1011889052", "price": 129.18, "amount": 5.0, "side": "buy", "timestamp": 1765755981223}, {"id": "1011889053", "price": 129.18, "amount": 0.61, "side": "buy", "timestamp": 1765755981377}, {"id": "1011889054", "price": 129.18, "amount": 0.24, "side": "buy", "timestamp": 1765755981580}, {"id": "1011889055", "price": 129.18, "amount": 97.51, "side": "buy", "timestamp": 1765755981721}, {"id": "1011889056", "price": 129.19, "amount": 8.81, "side": "buy", "timestamp": 1765755981733}, {"id": "1011889057", "price": 129.2, "amount": 0.49, "side": "buy", "timestamp": 1765755981795}, {"id": "1011889058", "price": 129.2, "amount": 0.01, "side": "buy", "timestamp": 1765755982852}, {"id": "1011889059", "price": 129.19, "amount": 206.77, "side": "sell", "timestamp": 1765755982868}, {"id": "1011889060", "price": 129.18, "amount": 0.04, "side": "sell", "timestamp": 1765755982962}, {"id": "1011889061", "price": 129.19, "amount": 0.02, "side": "buy", "timestamp": 1765755983235}, {"id": "1011889062", "price": 129.19, "amount": 0.12, "side": "buy", "timestamp": 1765755983369}, {"id": "1011889063", "price": 129.18, "amount": 1.93, "side": "sell", "timestamp": 1765755983397}, {"id": "1011889064", "price": 129.19, "amount": 35.0, "side": "buy", "timestamp": 1765755983882}, {"id": "1011889065", "price": 129.18, "amount": 91.42, "side": "sell", "timestamp": 1765755983913}, {"id": "1011889066", "price": 129.17, "amount": 0.11, "side": "sell", "timestamp": 1765755984013}, {"id": "1011889067", "price": 129.18, "amount": 0.01, "side": "buy", "timestamp": 1765755984221}, {"id": "1011889068", "price": 129.18, "amount": 0.5, "side": "buy", "timestamp": 1765755984547}, {"id": "1011889069", "price": 129.18, "amount": 9.74, "side": "buy", "timestamp": 1765755985190}, {"id": "1011889070", "price": 129.19, "amount": 6.73, "side": "buy", "timestamp": 1765755985344}, {"id": "1011889071", "price": 129.2, "amount": 8.0, "side": "buy", "timestamp": 1765755985437}, {"id": "1011889072", "price": 129.2, "amount": 2.0, "side": "buy", "timestamp": 1765755985648}, {"id": "1011889073", "price": 129.2, "amount": 0.04, "side": "buy", "timestamp": 1765755986176}, {"id": "1011889074", "price": 129.19, "amount": 2.05, "side": "sell", "timestamp": 1765755986253}, {"id": "1011889075", "price": 129.2, "amount": 0.01, "side": "buy", "timestamp": 1765755986465}, {"id": "1011889076", "price": 129.19, "amount": 0.13, "side": "sell", "timestamp": 1765755986893}, {"id": "1011889077", "price": 129.19, "amount": 9.38, "side": "sell", "timestamp": 1765755987061}, {"id": "1011889078", "price": 129.2, "amount": 154.54, "side": "buy", "timestamp": 1765755987889}, {"id": "1011889079", "price": 129.21, "amount": 551.39, "side": "buy", "timestamp": 1765755987889}, {"id": "1011889080", "price": 129.22, "amount": 694.07, "side": "buy", "timestamp": 1765755987889}, {"id": "1011889081", "price": 129.21, "amount": 0.15, "side": "sell", "timestamp": 1765755987891}, {"id": "1011889082", "price": 129.22, "amount": 0.15, "side": "buy", "timestamp": 1765755987897}, {"id": "1011889083", "price": 129.22, "amount": 22.4, "side": "buy", "timestamp": 1765755988182}, {"id": "1011889084", "price": 129.21, "amount": 4.34, "side": "sell", "timestamp": 1765755988572}, {"id": "1011889085", "price": 129.21, "amount": 0.1, "side": "sell", "timestamp": 1765755988964}, {"id": "1011889086", "price": 129.21, "amount": 162.09, "side": "sell", "timestamp": 1765755989299}, {"id": "1011889087", "price": 129.2, "amount": 42.33, "side": "sell", "timestamp": 1765755989377}, {"id": "1011889088", "price": 129.19, "amount": 23.1, "side": "sell", "timestamp": 1765755989381}, {"id": "1011889089", "price": 129.18, "amount": 1.54, "side": "sell", "timestamp": 1765755989522}, {"id": "1011889090", "price": 129.19, "amount": 1.86, "side": "buy", "timestamp": 1765755989534}, {"id": "1011889091", "price": 129.18, "amount": 0.05, "side": "sell", "timestamp": 1765755989639}, {"id": "1011889092", "price": 129.18, "amount": 0.23, "side": "sell", "timestamp": 1765755989753}, {"id": "1011889093", "price": 129.18, "amount": 0.19, "side": "sell", "timestamp": 1765755990096}, {"id": "1011889094", "price": 129.19, "amount": 0.3, "side": "buy", "timestamp": 1765755990247}, {"id": "1011889095", "price": 129.18, "amount": 0.1, "side": "sell", "timestamp": 1765755990379}, {"id": "1011889096", "price": 129.18, "amount": 0.05, "side": "sell", "timestamp": 1765755990809}, {"id": "1011889097", "price": 129.18, "amount": 0.07, "side": "sell", "timestamp": 1765755990955}, {"id": "1011889098", "price": 129.19, "amount": 6.75, "side": "buy", "timestamp": 1765755991267}, {"id": "1011889099", "price": 129.19, "amount": 9.0, "side": "buy", "timestamp": 1765755991454}, {"id": "1011889297", "price": 129.27, "amount": 0.05, "side": "sell", "timestamp": 1765756034548}, {"id": "1011889298", "price": 129.28, "amount": 2.47, "side": "buy", "timestamp": 1765756034665}, {"id": "1011889299", "price": 129.28, "amount": 0.02, "side": "buy", "timestamp": 1765756034798}, {"id": "1011889300", "price": 129.28, "amount": 19.34, "side": "buy", "timestamp": 1765756034962}, {"id": "1011889301", "price": 129.28, "amount": 3.03, "side": "buy", "timestamp": 1765756035064}, {"id": "1011889302", "price": 129.27, "amount": 0.05, "side": "sell", "timestamp": 1765756035697}, {"id": "1011889303", "price": 129.27, "amount": 0.07, "side": "sell", "timestamp": 1765756035961}, {"id": "1011889304", "price": 129.28, "amount": 50.0, "side": "buy", "timestamp": 1765756036066}, {"id": "1011889305", "price": 129.27, "amount": 285.48, "side": "sell", "timestamp": 1765756036310}, {"id": "1011889306", "price": 129.26, "amount": 16.68, "side": "sell", "timestamp": 1765756036354}, {"id": "1011889307", "price": 129.25, "amount": 132.24, "side": "sell", "timestamp": 1765756036369}, {"id": "1011889308", "price": 129.25, "amount": 1.61, "side": "buy", "timestamp": 1765756036771}, {"id": "1011889309", "price": 129.24, "amount": 5.25, "side": "sell", "timestamp": 1765756037154}, {"id": "1011889310", "price": 129.25, "amount": 97.85, "side": "buy", "timestamp": 1765756037172}, {"id": "1011889311", "price": 129.26, "amount": 13.12, "side": "buy", "timestamp": 1765756037241}, {"id": "1011889312", "price": 129.26, "amount": 31.7, "side": "buy", "timestamp": 1765756037750}, {"id": "1011889313", "price": 129.25, "amount": 6.23, "side": "sell", "timestamp": 1765756038125}, {"id": "1011889314", "price": 129.26, "amount": 40.33, "side": "buy", "timestamp": 1765756038192}, {"id": "1011889315", "price": 129.27, "amount": 265.01, "side": "buy", "timestamp": 1765756039401}, {"id": "1011889316", "price": 129.28, "amount": 377.07, "side": "buy", "timestamp": 1765756039406}, {"id": "1011889317", "price": 129.29, "amount": 0.23, "side": "buy", "timestamp": 1765756039567}, {"id": "1011889318", "price": 129.28, "amount": 0.08, "side": "sell", "timestamp": 1765756039576}, {"id": "1011889319", "price": 129.29, "amount": 0.05, "side": "buy", "timestamp": 1765756039591}, {"id": "1011889320", "price": 129.28, "amount": 0.09, "side": "sell", "timestamp": 1765756039992}, {"id": "1011889321", "price": 129.29, "amount": 0.92, "side": "buy", "timestamp": 1765756040055}, {"id": "1011889322", "price": 129.28, "amount": 1.1, "side": "sell", "timestamp": 1765756040129}, {"id": "1011889323", "price": 129.28, "amount": 0.09, "side": "sell", "timestamp": 1765756040246}, {"id": "1011889324", "price": 129.28, "amount": 0.23, "side": "sell", "timestamp": 1765756040428}, {"id": "1011889325", "price": 129.29, "amount": 130.89, "side": "buy", "timestamp": 1765756040451}, {"id": "1011889326", "price": 129.3, "amount": 31.81, "side": "buy", "timestamp": 1765756040506}, {"id": "1011889327", "price": 129.31, "amount": 0.23, "side": "buy", "timestamp": 1765756040515}, {"id": "1011889328", "price": 129.3, "amount": 0.05, "side": "sell", "timestamp": 1765756040691}, {"id": "1011889329", "price": 129.3, "amount": 0.1, "side": "sell", "timestamp": 1765756040946}, {"id": "1011889330", "price": 129.31, "amount": 1.0, "side": "buy", "timestamp": 1765756041344}, {"id": "1011889331", "price": 129.3, "amount": 1.45, "side": "sell", "timestamp": 1765756041385}, {"id": "1011889332", "price": 129.3, "amount": 0.05, "side": "sell", "timestamp": 1765756041528}, {"id": "1011889333", "price": 129.3, "amount": 1.02, "side": "sell", "timestamp": 1765756041777}, {"id": "1011889334", "price": 129.3, "amount": 64.48, "side": "sell", "timestamp": 1765756041893}, {"id": "1011889335", "price": 129.3, "amount": 15.46, "side": "buy", "timestamp": 1765756042064}, {"id": "1011889336", "price": 129.3, "amount": 12.38, "side": "buy", "timestamp": 1765756042165}, {"id": "1011889337", "price": 129.3, "amount": 0.05, "side": "buy", "timestamp": 1765756042945}, {"id": "1011889338", "price": 129.29, "amount": 0.45, "side": "sell", "timestamp": 1765756043012}, {"id": "1011889339", "price": 129.3, "amount": 0.09, "side": "buy", "timestamp": 1765756043692}, {"id": "1011889340", "price": 129.3, "amount": 28.48, "side": "buy", "timestamp": 1765756043852}, {"id": "1011889341", "price": 129.3, "amount": 0.01, "side": "buy", "timestamp": 1765756044231}, {"id": "1011889342", "price": 129.29, "amount": 0.53, "side": "sell", "timestamp": 1765756044465}, {"id": "1011889343", "price": 129.3, "amount": 27.16, "side": "buy", "timestamp": 1765756045025}, {"id": "1011889344", "price": 129.31, "amount": 8.51, "side": "buy", "timestamp": 1765756045478}, {"id": "1011889345", "price": 129.3, "amount": 0.11, "side": "sell", "timestamp": 1765756046084}, {"id": "1011889346", "price": 129.31, "amount": 18.75, "side": "buy", "timestamp": 1765756046558}, {"id": "1011889537", "price": 129.33, "amount": 0.04, "side": "sell", "timestamp": 1765756088985}, {"id": "1011889538", "price": 129.34, "amount": 2.0, "side": "buy", "timestamp": 1765756089911}, {"id": "1011889539", "price": 129.33, "amount": 0.24, "side": "sell", "timestamp": 1765756089995}, {"id": "1011889540", "price": 129.33, "amount": 0.11, "side": "sell", "timestamp": 1765756090130}, {"id": "1011889541", "price": 129.34, "amount": 632.92, "side": "buy", "timestamp": 1765756090483}, {"id": "1011889542", "price": 129.35, "amount": 631.49, "side": "buy", "timestamp": 1765756090483}, {"id": "1011889543", "price": 129.36, "amount": 76.9, "side": "buy", "timestamp": 1765756090483}, {"id": "1011889544", "price": 129.36, "amount": 92.62, "side": "buy", "timestamp": 1765756090599}, {"id": "1011889545", "price": 129.37, "amount": 0.71, "side": "buy", "timestamp": 1765756091429}, {"id": "1011889546", "price": 129.37, "amount": 0.05, "side": "buy", "timestamp": 1765756091599}, {"id": "1011889547", "price": 129.37, "amount": 0.2, "side": "buy", "timestamp": 1765756091880}, {"id": "1011889548", "price": 129.36, "amount": 0.2, "side": "sell", "timestamp": 1765756091894}, {"id": "1011889549", "price": 129.36, "amount": 10.0, "side": "sell", "timestamp": 1765756092042}, {"id": "1011889550", "price": 129.37, "amount": 0.02, "side": "buy", "timestamp": 1765756092043}, {"id": "1011889551", "price": 129.36, "amount": 73.2, "side": "sell", "timestamp": 1765756092187}, {"id": "1011889552", "price": 129.35, "amount": 0.11, "side": "sell", "timestamp": 1765756093201}, {"id": "1011889553", "price": 129.35, "amount": 0.14, "side": "sell", "timestamp": 1765756093329}, {"id": "1011889554", "price": 129.36, "amount": 0.28, "side": "buy", "timestamp": 1765756093614}, {"id": "1011889555", "price": 129.36, "amount": 176.62, "side": "buy", "timestamp": 1765756094251}, {"id": "1011889556", "price": 129.35, "amount": 120.42, "side": "sell", "timestamp": 1765756094524}, {"id": "1011889557", "price": 129.34, "amount": 12.13, "side": "sell", "timestamp": 1765756094542}, {"id": "1011889558", "price": 129.33, "amount": 84.01, "side": "sell", "timestamp": 1765756094546}, {"id": "1011889559", "price": 129.33, "amount": 1.0, "side": "buy", "timestamp": 1765756094587}, {"id": "1011889560", "price": 129.32, "amount": 1.7, "side": "sell", "timestamp": 1765756094811}, {"id": "1011889561", "price": 129.32, "amount": 1.54, "side": "sell", "timestamp": 1765756095537}, {"id": "1011889562", "price": 129.32, "amount": 4.9, "side": "sell", "timestamp": 1765756095779}, {"id": "1011889563", "price": 129.32, "amount": 0.11, "side": "sell", "timestamp": 1765756096139}, {"id": "1011889564", "price": 129.33, "amount": 0.1, "side": "buy", "timestamp": 1765756096609}, {"id": "1011889565", "price": 129.33, "amount": 126.4, "side": "buy", "timestamp": 1765756097068}, {"id": "1011889566", "price": 129.34, "amount": 88.45, "side": "buy", "timestamp": 1765756097079}, {"id": "1011889567", "price": 129.35, "amount": 108.11, "side": "buy", "timestamp": 1765756097209}, {"id": "1011889568", "price": 129.36, "amount": 1.7, "side": "buy", "timestamp": 1765756097404}, {"id": "1011889569", "price": 129.36, "amount": 0.12, "side": "buy", "timestamp": 1765756097802}, {"id": "1011889570", "price": 129.36, "amount": 0.04, "side": "buy", "timestamp": 1765756098001}, {"id": "1011889571", "price": 129.36, "amount": 0.45, "side": "buy", "timestamp": 1765756098445}, {"id": "1011889572", "price": 129.35, "amount": 0.11, "side": "sell", "timestamp": 1765756099034}, {"id": "1011889573", "price": 129.35, "amount": 8.7, "side": "sell", "timestamp": 1765756099453}, {"id": "1011889574", "price": 129.36, "amount": 1.83, "side": "buy", "timestamp": 1765756099783}, {"id": "1011889575", "price": 129.36, "amount": 627.49, "side": "buy", "timestamp": 1765756099919}, {"id": "1011889576", "price": 129.37, "amount": 348.11, "side": "buy", "timestamp": 1765756100080}, {"id": "1011889577", "price": 129.38, "amount": 0.12, "side": "buy", "timestamp": 1765756100158}, {"id": "1011889578", "price": 129.37, "amount": 0.06, "side": "sell", "timestamp": 1765756100229}, {"id": "1011889579", "price": 129.38, "amount": 83.58, "side": "buy", "timestamp": 1765756100416}, {"id": "1011889580", "price": 129.39, "amount": 6.36, "side": "buy", "timestamp": 1765756100669}, {"id": "1011889581", "price": 129.39, "amount": 0.45, "side": "sell", "timestamp": 1765756100780}, {"id": "1011889582", "price": 129.4, "amount": 7.98, "side": "buy", "timestamp": 1765756101054}, {"id": "1011889583", "price": 129.4, "amount": 55.12, "side": "buy", "timestamp": 1765756101385}, {"id": "1011889584", "price": 129.41, "amount": 1.23, "side": "buy", "timestamp": 1765756101451}, {"id": "1011889585", "price": 129.41, "amount": 0.67, "side": "buy", "timestamp": 1765756101615}, {"id": "1011889586", "price": 129.41, "amount": 0.85, "side": "buy", "timestamp": 1765756101967}, {"id": "1011889780", "price": 129.42, "amount": 0.23, "side": "buy", "timestamp": 1765756145227}, {"id": "1011889781", "price": 129.42, "amount": 7.67, "side": "buy", "timestamp": 1765756145444}, {"id": "1011889782", "price": 129.42, "amount": 0.76, "side": "buy", "timestamp": 1765756145572}, {"id": "1011889783", "price": 129.41, "amount": 0.2, "side": "sell", "timestamp": 1765756145802}, {"id": "1011889784", "price": 129.42, "amount": 9.87, "side": "buy", "timestamp": 1765756145997}, {"id": "1011889785", "price": 129.42, "amount": 0.26, "side": "sell", "timestamp": 1765756146052}, {"id": "1011889786", "price": 129.43, "amount": 1.85, "side": "buy", "timestamp": 1765756146095}, {"id": "1011889787", "price": 129.42, "amount": 379.28, "side": "sell", "timestamp": 1765756146199}, {"id": "1011889788", "price": 129.41, "amount": 81.44, "side": "sell", "timestamp": 1765756146324}, {"id": "1011889789", "price": 129.4, "amount": 28.19, "side": "sell", "timestamp": 1765756146333}, {"id": "1011889790", "price": 129.39, "amount": 11.01, "side": "sell", "timestamp": 1765756146513}, {"id": "1011889791", "price": 129.39, "amount": 82.24, "side": "buy", "timestamp": 1765756146633}, {"id": "1011889792", "price": 129.39, "amount": 1.95, "side": "buy", "timestamp": 1765756146798}, {"id": "1011889793", "price": 129.38, "amount": 11.2, "side": "sell", "timestamp": 1765756147100}, {"id": "1011889794", "price": 129.38, "amount": 20.37, "side": "buy", "timestamp": 1765756147334}, {"id": "1011889795", "price": 129.38, "amount": 10.0, "side": "buy", "timestamp": 1765756147501}, {"id": "1011889796", "price": 129.38, "amount": 1.74, "side": "buy", "timestamp": 1765756147822}, {"id": "1011889797", "price": 129.37, "amount": 0.33, "side": "sell", "timestamp": 1765756148397}, {"id": "1011889798", "price": 129.37, "amount": 0.6, "side": "sell", "timestamp": 1765756148836}, {"id": "1011889799", "price": 129.38, "amount": 116.02, "side": "buy", "timestamp": 1765756149004}, {"id": "1011889800", "price": 129.39, "amount": 1.8, "side": "buy", "timestamp": 1765756149031}, {"id": "1011889801", "price": 129.38, "amount": 0.1, "side": "sell", "timestamp": 1765756149268}, {"id": "1011889802", "price": 129.39, "amount": 18.32, "side": "buy", "timestamp": 1765756149733}, {"id": "1011889803", "price": 129.38, "amount": 0.17, "side": "sell", "timestamp": 1765756149752}, {"id": "1011889804", "price": 129.38, "amount": 0.24, "side": "sell", "timestamp": 1765756149928}, {"id": "1011889805", "price": 129.38, "amount": 0.23, "side": "sell", "timestamp": 1765756150042}, {"id": "1011889806", "price": 129.39, "amount": 88.2, "side": "buy", "timestamp": 1765756150507}, {"id": "1011889807", "price": 129.39, "amount": 0.23, "side": "buy", "timestamp": 1765756150715}, {"id": "1011889808", "price": 129.39, "amount": 0.12, "side": "buy", "timestamp": 1765756151052}, {"id": "1011889809", "price": 129.38, "amount": 0.12, "side": "sell", "timestamp": 1765756151268}, {"id": "1011889810", "price": 129.39, "amount": 0.15, "side": "buy", "timestamp": 1765756151577}, {"id": "1011889811", "price": 129.38, "amount": 0.09, "side": "sell", "timestamp": 1765756151692}, {"id": "1011889812", "price": 129.39, "amount": 4.0, "side": "buy", "timestamp": 1765756151923}, {"id": "1011889813", "price": 129.39, "amount": 123.75, "side": "buy", "timestamp": 1765756152506}, {"id": "1011889814", "price": 129.4, "amount": 92.13, "side": "buy", "timestamp": 1765756152608}, {"id": "1011889815", "price": 129.41, "amount": 1.85, "side": "buy", "timestamp": 1765756152619}, {"id": "1011889816", "price": 129.41, "amount": 25.29, "side": "buy", "timestamp": 1765756153039}, {"id": "1011889817", "price": 129.42, "amount": 2.13, "side": "buy", "timestamp": 1765756153044}, {"id": "1011889818", "price": 129.43, "amount": 14.15, "side": "buy", "timestamp": 1765756153050}, {"id": "1011889819", "price": 129.43, "amount": 0.11, "side": "sell", "timestamp": 1765756153258}, {"id": "1011889820", "price": 129.44, "amount": 0.71, "side": "buy", "timestamp": 1765756155134}, {"id": "1011889821", "price": 129.43, "amount": 57.53, "side": "sell", "timestamp": 1765756155159}, {"id": "1011889822", "price": 129.43, "amount": 19.0, "side": "sell", "timestamp": 1765756155268}, {"id": "1011889823", "price": 129.44, "amount": 0.12, "side": "buy", "timestamp": 1765756155624}, {"id": "1011889824", "price": 129.44, "amount": 0.1, "side": "buy", "timestamp": 1765756155741}, {"id": "1011889825", "price": 129.43, "amount": 0.11, "side": "sell", "timestamp": 1765756156109}, {"id": "1011889826", "price": 129.44, "amount": 22.98, "side": "buy", "timestamp": 1765756156148}, {"id": "1011889827", "price": 129.43, "amount": 0.09, "side": "sell", "timestamp": 1765756156247}, {"id": "1011889828", "price": 129.44, "amount": 763.01, "side": "buy", "timestamp": 1765756156700}, {"id": "1011889829", "price": 129.43, "amount": 0.86, "side": "sell", "timestamp": 1765756156903}, {"id": "1011890071", "price": 129.4, "amount": 0.05, "side": "buy", "timestamp": 1765756201555}, {"id": "1011890072", "price": 129.4, "amount": 0.39, "side": "buy", "timestamp": 1765756201819}, {"id": "1011890073", "price": 129.4, "amount": 5.02, "side": "buy", "timestamp": 1765756201935}, {"id": "1011890074", "price": 129.4, "amount": 1.05, "side": "buy", "timestamp": 1765756202065}, {"id": "1011890075", "price": 129.41, "amount": 39.56, "side": "buy", "timestamp": 1765756202250}, {"id": "1011890076", "price": 129.41, "amount": 21.7, "side": "buy", "timestamp": 1765756202428}, {"id": "1011890077", "price": 129.41, "amount": 0.05, "side": "buy", "timestamp": 1765756202550}, {"id": "1011890078", "price": 129.41, "amount": 3.42, "side": "buy", "timestamp": 1765756202949}, {"id": "1011890079", "price": 129.42, "amount": 0.05, "side": "buy", "timestamp": 1765756203548}, {"id": "1011890080", "price": 129.41, "amount": 0.3, "side": "sell", "timestamp": 1765756203600}, {"id": "1011890081", "price": 129.42, "amount": 2.83, "side": "buy", "timestamp": 1765756203713}, {"id": "1011890082", "price": 129.41, "amount": 7.4, "side": "sell", "timestamp": 1765756203823}, {"id": "1011890083", "price": 129.41, "amount": 0.11, "side": "sell", "timestamp": 1765756204058}, {"id": "1011890084", "price": 129.41, "amount": 0.13, "side": "sell", "timestamp": 1765756204251}, {"id": "1011890085", "price": 129.42, "amount": 1.26, "side": "buy", "timestamp": 1765756204373}, {"id": "1011890086", "price": 129.42, "amount": 7.85, "side": "buy", "timestamp": 1765756204549}, {"id": "1011890087", "price": 129.42, "amount": 0.19, "side": "buy", "timestamp": 1765756204679}, {"id": "1011890088", "price": 129.42, "amount": 0.05, "side": "buy", "timestamp": 1765756205014}, {"id": "1011890089", "price": 129.41, "amount": 0.09, "side": "sell", "timestamp": 1765756205022}, {"id": "1011890090", "price": 129.41, "amount": 0.09, "side": "sell", "timestamp": 1765756205184}, {"id": "1011890091", "price": 129.42, "amount": 0.05, "side": "buy", "timestamp": 1765756205230}, {"id": "1011890092", "price": 129.41, "amount": 0.2, "side": "sell", "timestamp": 1765756205296}, {"id": "1011890093", "price": 129.42, "amount": 0.13, "side": "buy", "timestamp": 1765756205548}, {"id": "1011890094", "price": 129.41, "amount": 0.11, "side": "sell", "timestamp": 1765756205608}, {"id": "1011890095", "price": 129.42, "amount": 0.81, "side": "buy", "timestamp": 1765756206472}, {"id": "1011890096", "price": 129.42, "amount": 0.06, "side": "buy", "timestamp": 1765756207031}, {"id": "1011890097", "price": 129.41, "amount": 0.11, "side": "sell", "timestamp": 1765756207032}, {"id": "1011890098", "price": 129.42, "amount": 0.05, "side": "buy", "timestamp": 1765756207549}, {"id": "1011890099", "price": 129.42, "amount": 15.19, "side": "buy", "timestamp": 1765756207692}, {"id": "1011890100", "price": 129.41, "amount": 0.06, "side": "sell", "timestamp": 1765756207937}, {"id": "1011890101", "price": 129.42, "amount": 0.52, "side": "buy", "timestamp": 1765756208016}, {"id": "1011890102", "price": 129.41, "amount": 15.44, "side": "sell", "timestamp": 1765756208149}, {"id": "1011890103", "price": 129.41, "amount": 0.08, "side": "sell", "timestamp": 1765756208256}, {"id": "1011890104", "price": 129.42, "amount": 5.14, "side": "buy", "timestamp": 1765756208278}, {"id": "1011890105", "price": 129.41, "amount": 2.0, "side": "sell", "timestamp": 1765756208284}, {"id": "1011890106", "price": 129.42, "amount": 1.75, "side": "buy", "timestamp": 1765756208540}, {"id": "1011890107", "price": 129.41, "amount": 77.26, "side": "sell", "timestamp": 1765756208934}, {"id": "1011890108", "price": 129.42, "amount": 98.0, "side": "buy", "timestamp": 1765756209097}, {"id": "1011890109", "price": 129.42, "amount": 122.15, "side": "buy", "timestamp": 1765756209369}, {"id": "1011890110", "price": 129.43, "amount": 112.13, "side": "buy", "timestamp": 1765756209372}, {"id": "1011890111", "price": 129.44, "amount": 223.04, "side": "buy", "timestamp": 1765756209388}, {"id": "1011890112", "price": 129.45, "amount": 0.05, "side": "buy", "timestamp": 1765756209550}, {"id": "1011890113", "price": 129.44, "amount": 199.62, "side": "sell", "timestamp": 1765756209677}, {"id": "1011890114", "price": 129.43, "amount": 2.33, "side": "sell", "timestamp": 1765756209765}, {"id": "1011890115", "price": 129.42, "amount": 0.11, "side": "sell", "timestamp": 1765756210095}, {"id": "1011890116", "price": 129.43, "amount": 0.15, "side": "buy", "timestamp": 1765756210374}, {"id": "1011890117", "price": 129.43, "amount": 0.05, "side": "buy", "timestamp": 1765756210551}, {"id": "1011890118", "price": 129.42, "amount": 0.05, "side": "sell", "timestamp": 1765756211484}, {"id": "1011890119", "price": 129.43, "amount": 4.83, "side": "buy", "timestamp": 1765756211549}, {"id": "1011890120", "price": 129.43, "amount": 0.3, "side": "buy", "timestamp": 1765756212007}, {"id": "1011890325", "price": 129.47, "amount": 9.39, "side": "buy", "timestamp": 1765756254521}, {"id": "1011890326", "price": 129.47, "amount": 7.72, "side": "buy", "timestamp": 1765756254764}, {"id": "1011890327", "price": 129.46, "amount": 0.11, "side": "sell", "timestamp": 1765756255049}, {"id": "1011890328", "price": 129.46, "amount": 0.09, "side": "sell", "timestamp": 1765756256216}, {"id": "1011890329", "price": 129.47, "amount": 0.68, "side": "buy", "timestamp": 1765756256354}, {"id": "1011890330", "price": 129.47, "amount": 208.77, "side": "buy", "timestamp": 1765756256491}, {"id": "1011890331", "price": 129.46, "amount": 0.14, "side": "sell", "timestamp": 1765756256894}, {"id": "1011890332", "price": 129.47, "amount": 0.07, "side": "buy", "timestamp": 1765756257013}, {"id": "1011890333", "price": 129.46, "amount": 1.15, "side": "sell", "timestamp": 1765756257274}, {"id": "1011890334", "price": 129.47, "amount": 0.06, "side": "buy", "timestamp": 1765756257398}, {"id": "1011890335", "price": 129.46, "amount": 3.19, "side": "sell", "timestamp": 1765756258056}, {"id": "1011890336", "price": 129.47, "amount": 386.21, "side": "buy", "timestamp": 1765756258213}, {"id": "1011890337", "price": 129.46, "amount": 0.81, "side": "sell", "timestamp": 1765756258694}, {"id": "1011890338", "price": 129.46, "amount": 28.12, "side": "sell", "timestamp": 1765756258846}, {"id": "1011890339", "price": 129.46, "amount": 248.17, "side": "sell", "timestamp": 1765756258953}, {"id": "1011890340", "price": 129.47, "amount": 23.17, "side": "buy", "timestamp": 1765756259400}, {"id": "1011890341", "price": 129.46, "amount": 18.77, "side": "sell", "timestamp": 1765756259498}, {"id": "1011890342", "price": 129.46, "amount": 0.07, "side": "sell", "timestamp": 1765756259694}, {"id": "1011890343", "price": 129.47, "amount": 9.0, "side": "buy", "timestamp": 1765756259986}, {"id": "1011890344", "price": 129.47, "amount": 2.29, "side": "buy", "timestamp": 1765756260571}, {"id": "1011890345", "price": 129.46, "amount": 1.15, "side": "sell", "timestamp": 1765756261061}, {"id": "1011890346", "price": 129.46, "amount": 6.86, "side": "sell", "timestamp": 1765756261330}, {"id": "1011890347", "price": 129.47, "amount": 0.15, "side": "buy", "timestamp": 1765756261343}, {"id": "1011890348", "price": 129.46, "amount": 193.99, "side": "sell", "timestamp": 1765756261895}, {"id": "1011890349", "price": 129.45, "amount": 209.9, "side": "sell", "timestamp": 1765756261912}, {"id": "1011890350", "price": 129.45, "amount": 0.04, "side": "buy", "timestamp": 1765756262179}, {"id": "1011890351", "price": 129.44, "amount": 0.09, "side": "sell", "timestamp": 1765756262205}, {"id": "1011890352", "price": 129.44, "amount": 1.11, "side": "sell", "timestamp": 1765756262397}, {"id": "1011890353", "price": 129.45, "amount": 0.84, "side": "buy", "timestamp": 1765756262579}, {"id": "1011890354", "price": 129.44, "amount": 119.92, "side": "sell", "timestamp": 1765756262662}, {"id": "1011890355", "price": 129.43, "amount": 5.07, "side": "sell", "timestamp": 1765756262717}, {"id": "1011890356", "price": 129.43, "amount": 20.32, "side": "buy", "timestamp": 1765756262884}, {"id": "1011890357", "price": 129.43, "amount": 0.39, "side": "buy", "timestamp": 1765756263001}, {"id": "1011890358", "price": 129.42, "amount": 0.11, "side": "sell", "timestamp": 1765756264161}, {"id": "1011890359", "price": 129.43, "amount": 0.1, "side": "buy", "timestamp": 1765756264184}, {"id": "1011890360", "price": 129.43, "amount": 1.73, "side": "buy", "timestamp": 1765756264365}, {"id": "1011890361", "price": 129.42, "amount": 264.83, "side": "sell", "timestamp": 1765756264415}, {"id": "1011890362", "price": 129.41, "amount": 0.13, "side": "sell", "timestamp": 1765756264499}, {"id": "1011890363", "price": 129.42, "amount": 0.17, "side": "buy", "timestamp": 1765756264609}, {"id": "1011890364", "price": 129.42, "amount": 0.43, "side": "buy", "timestamp": 1765756264760}, {"id": "1011890365", "price": 129.42, "amount": 0.15, "side": "buy", "timestamp": 1765756264876}, {"id": "1011890366", "price": 129.41, "amount": 4.79, "side": "sell", "timestamp": 1765756265044}, {"id": "1011890367", "price": 129.41, "amount": 59.79, "side": "sell", "timestamp": 1765756265193}, {"id": "1011890368", "price": 129.42, "amount": 1.42, "side": "buy", "timestamp": 1765756265234}, {"id": "1011890369", "price": 129.42, "amount": 0.53, "side": "buy", "timestamp": 1765756265513}, {"id": "1011890370", "price": 129.42, "amount": 0.58, "side": "buy", "timestamp": 1765756266137}, {"id": "1011890371", "price": 129.42, "amount": 20.0, "side": "buy", "timestamp": 1765756266744}, {"id": "1011890372", "price": 129.41, "amount": 4.37, "side": "sell", "timestamp": 1765756266766}, {"id": "1011890373", "price": 129.42, "amount": 578.22, "side": "buy", "timestamp": 1765756266914}, {"id": "1011890374", "price": 129.43, "amount": 544.41, "side": "buy", "timestamp": 1765756266918}, {"id": "1011890648", "price": 129.61, "amount": 279.92, "side": "sell", "timestamp": 1765756314827}, {"id": "1011890649", "price": 129.6, "amount": 79.25, "side": "sell", "timestamp": 1765756314968}, {"id": "1011890650", "price": 129.6, "amount": 0.16, "side": "sell", "timestamp": 1765756315080}, {"id": "1011890651", "price": 129.6, "amount": 190.37, "side": "sell", "timestamp": 1765756315212}, {"id": "1011890652", "price": 129.6, "amount": 20.15, "side": "buy", "timestamp": 1765756315228}, {"id": "1011890653", "price": 129.59, "amount": 29.94, "side": "sell", "timestamp": 1765756315293}, {"id": "1011890654", "price": 129.59, "amount": 20.0, "side": "buy", "timestamp": 1765756315406}, {"id": "1011890655", "price": 129.58, "amount": 0.05, "side": "sell", "timestamp": 1765756315483}, {"id": "1011890656", "price": 129.59, "amount": 50.69, "side": "buy", "timestamp": 1765756315491}, {"id": "1011890657", "price": 129.58, "amount": 1.1, "side": "sell", "timestamp": 1765756315574}, {"id": "1011890658", "price": 129.58, "amount": 23.19, "side": "sell", "timestamp": 1765756315682}, {"id": "1011890659", "price": 129.58, "amount": 0.05, "side": "sell", "timestamp": 1765756315833}, {"id": "1011890660", "price": 129.59, "amount": 30.31, "side": "buy", "timestamp": 1765756315869}, {"id": "1011890661", "price": 129.59, "amount": 7.74, "side": "buy", "timestamp": 1765756316636}, {"id": "1011890662", "price": 129.59, "amount": 0.79, "side": "buy", "timestamp": 1765756316739}, {"id": "1011890663", "price": 129.58, "amount": 0.88, "side": "sell", "timestamp": 1765756316866}, {"id": "1011890664", "price": 129.58, "amount": 0.55, "side": "sell", "timestamp": 1765756317156}, {"id": "1011890665", "price": 129.59, "amount": 1.65, "side": "buy", "timestamp": 1765756317217}, {"id": "1011890666", "price": 129.58, "amount": 228.76, "side": "sell", "timestamp": 1765756317342}, {"id": "1011890667", "price": 129.58, "amount": 0.15, "side": "buy", "timestamp": 1765756317390}, {"id": "1011890668", "price": 129.57, "amount": 169.74, "side": "sell", "timestamp": 1765756317563}, {"id": "1011890669", "price": 129.56, "amount": 0.06, "side": "sell", "timestamp": 1765756317688}, {"id": "1011890670", "price": 129.56, "amount": 39.83, "side": "sell", "timestamp": 1765756317872}, {"id": "1011890671", "price": 129.56, "amount": 65.43, "side": "buy", "timestamp": 1765756317930}, {"id": "1011890672", "price": 129.55, "amount": 0.49, "side": "sell", "timestamp": 1765756318156}, {"id": "1011890673", "price": 129.55, "amount": 0.36, "side": "sell", "timestamp": 1765756318353}, {"id": "1011890674", "price": 129.56, "amount": 273.77, "side": "buy", "timestamp": 1765756318455}, {"id": "1011890675", "price": 129.55, "amount": 176.05, "side": "sell", "timestamp": 1765756318709}, {"id": "1011890676", "price": 129.54, "amount": 44.1, "side": "sell", "timestamp": 1765756319435}, {"id": "1011890677", "price": 129.54, "amount": 1.8, "side": "buy", "timestamp": 1765756319508}, {"id": "1011890678", "price": 129.53, "amount": 141.36, "side": "sell", "timestamp": 1765756319629}, {"id": "1011890679", "price": 129.52, "amount": 0.04, "side": "sell", "timestamp": 1765756319820}, {"id": "1011890680", "price": 129.52, "amount": 3.0, "side": "sell", "timestamp": 1765756320085}, {"id": "1011890681", "price": 129.53, "amount": 33.11, "side": "buy", "timestamp": 1765756320205}, {"id": "1011890682", "price": 129.54, "amount": 8.45, "side": "buy", "timestamp": 1765756320222}, {"id": "1011890683", "price": 129.54, "amount": 0.04, "side": "sell", "timestamp": 1765756320472}, {"id": "1011890684", "price": 129.55, "amount": 130.82, "side": "buy", "timestamp": 1765756320620}, {"id": "1011890685", "price": 129.56, "amount": 59.54, "side": "buy", "timestamp": 1765756320625}, {"id": "1011890686", "price": 129.56, "amount": 4.63, "side": "buy", "timestamp": 1765756320753}, {"id": "1011890687", "price": 129.56, "amount": 0.49, "side": "buy", "timestamp": 1765756321111}, {"id": "1011890688", "price": 129.55, "amount": 0.11, "side": "sell", "timestamp": 1765756321204}, {"id": "1011890689", "price": 129.56, "amount": 6.71, "side": "buy", "timestamp": 1765756321337}, {"id": "1011890690", "price": 129.55, "amount": 0.1, "side": "sell", "timestamp": 1765756321348}, {"id": "1011890691", "price": 129.56, "amount": 15.7, "side": "buy", "timestamp": 1765756321619}, {"id": "1011890692", "price": 129.57, "amount": 77.41, "side": "buy", "timestamp": 1765756321623}, {"id": "1011890693", "price": 129.57, "amount": 1.93, "side": "sell", "timestamp": 1765756321950}, {"id": "1011890694", "price": 129.58, "amount": 1.69, "side": "buy", "timestamp": 1765756321963}, {"id": "1011890695", "price": 129.59, "amount": 123.73, "side": "buy", "timestamp": 1765756322188}, {"id": "1011890696", "price": 129.59, "amount": 0.76, "side": "sell", "timestamp": 1765756322198}, {"id": "1011890697", "price": 129.6, "amount": 23.32, "side": "buy", "timestamp": 1765756322199}, {"id": "1011890931", "price": 129.59, "amount": 0.46, "side": "buy", "timestamp": 1765756363740}, {"id": "1011890932", "price": 129.58, "amount": 0.06, "side": "sell", "timestamp": 1765756364568}, {"id": "1011890933", "price": 129.58, "amount": 0.09, "side": "sell", "timestamp": 1765756364911}, {"id": "1011890934", "price": 129.59, "amount": 0.2, "side": "buy", "timestamp": 1765756364915}, {"id": "1011890935", "price": 129.59, "amount": 97.71, "side": "buy", "timestamp": 1765756365167}, {"id": "1011890936", "price": 129.58, "amount": 1.64, "side": "sell", "timestamp": 1765756365497}, {"id": "1011890937", "price": 129.58, "amount": 0.08, "side": "sell", "timestamp": 1765756365630}, {"id": "1011890938", "price": 129.59, "amount": 1.79, "side": "buy", "timestamp": 1765756365800}, {"id": "1011890939", "price": 129.59, "amount": 0.11, "side": "buy", "timestamp": 1765756366068}, {"id": "1011890940", "price": 129.58, "amount": 0.11, "side": "sell", "timestamp": 1765756366070}, {"id": "1011890941", "price": 129.59, "amount": 12.15, "side": "buy", "timestamp": 1765756366143}, {"id": "1011890942", "price": 129.58, "amount": 0.3, "side": "sell", "timestamp": 1765756366465}, {"id": "1011890943", "price": 129.59, "amount": 0.07, "side": "buy", "timestamp": 1765756366745}, {"id": "1011890944", "price": 129.59, "amount": 0.22, "side": "buy", "timestamp": 1765756367010}, {"id": "1011890945", "price": 129.58, "amount": 0.06, "side": "sell", "timestamp": 1765756367073}, {"id": "1011890946", "price": 129.58, "amount": 0.08, "side": "sell", "timestamp": 1765756367212}, {"id": "1011890947", "price": 129.59, "amount": 0.1, "side": "buy", "timestamp": 1765756367250}, {"id": "1011890948", "price": 129.58, "amount": 0.26, "side": "sell", "timestamp": 1765756367363}, {"id": "1011890949", "price": 129.58, "amount": 7.12, "side": "sell", "timestamp": 1765756367494}, {"id": "1011890950", "price": 129.59, "amount": 0.14, "side": "buy", "timestamp": 1765756367645}, {"id": "1011890951", "price": 129.58, "amount": 0.09, "side": "sell", "timestamp": 1765756367695}, {"id": "1011890952", "price": 129.59, "amount": 12.08, "side": "buy", "timestamp": 1765756367958}, {"id": "1011890953", "price": 129.6, "amount": 0.15, "side": "buy", "timestamp": 1765756367998}, {"id": "1011890954", "price": 129.59, "amount": 0.11, "side": "sell", "timestamp": 1765756369093}, {"id": "1011890955", "price": 129.59, "amount": 0.04, "side": "sell", "timestamp": 1765756369280}, {"id": "1011890956", "price": 129.6, "amount": 97.59, "side": "buy", "timestamp": 1765756369418}, {"id": "1011890957", "price": 129.61, "amount": 0.15, "side": "buy", "timestamp": 1765756369448}, {"id": "1011890958", "price": 129.61, "amount": 1.5, "side": "buy", "timestamp": 1765756369842}, {"id": "1011890959", "price": 129.6, "amount": 0.07, "side": "sell", "timestamp": 1765756369963}, {"id": "1011890960", "price": 129.6, "amount": 0.45, "side": "sell", "timestamp": 1765756370102}, {"id": "1011890961", "price": 129.6, "amount": 0.33, "side": "sell", "timestamp": 1765756370542}, {"id": "1011890962", "price": 129.6, "amount": 0.05, "side": "sell", "timestamp": 1765756370915}, {"id": "1011890963", "price": 129.61, "amount": 1.79, "side": "buy", "timestamp": 1765756371821}, {"id": "1011890964", "price": 129.61, "amount": 2.68, "side": "buy", "timestamp": 1765756371982}, {"id": "1011890965", "price": 129.61, "amount": 1.42, "side": "buy", "timestamp": 1765756372100}, {"id": "1011890966", "price": 129.6, "amount": 0.08, "side": "sell", "timestamp": 1765756372109}, {"id": "1011890967", "price": 129.61, "amount": 102.87, "side": "buy", "timestamp": 1765756372131}, {"id": "1011890968", "price": 129.61, "amount": 0.11, "side": "sell", "timestamp": 1765756372135}, {"id": "1011890969", "price": 129.62, "amount": 31.44, "side": "buy", "timestamp": 1765756372252}, {"id": "1011890970", "price": 129.63, "amount": 78.22, "side": "buy", "timestamp": 1765756372309}, {"id": "1011890971", "price": 129.64, "amount": 1.09, "side": "buy", "timestamp": 1765756372420}, {"id": "1011890972", "price": 129.63, "amount": 0.14, "side": "sell", "timestamp": 1765756372982}, {"id": "1011890973", "price": 129.64, "amount": 2.7, "side": "buy", "timestamp": 1765756373878}, {"id": "1011890974", "price": 129.64, "amount": 6.17, "side": "buy", "timestamp": 1765756374245}, {"id": "1011890975", "price": 129.63, "amount": 0.32, "side": "sell", "timestamp": 1765756374495}, {"id": "1011890976", "price": 129.64, "amount": 7.71, "side": "buy", "timestamp": 1765756374579}, {"id": "1011890977", "price": 129.63, "amount": 0.18, "side": "sell", "timestamp": 1765756374992}, {"id": "1011890978", "price": 129.63, "amount": 0.6, "side": "sell", "timestamp": 1765756376487}, {"id": "1011890979", "price": 129.63, "amount": 0.42, "side": "sell", "timestamp": 1765756376789}, {"id": "1011890980", "price": 129.64, "amount": 87.5, "side": "buy", "timestamp": 1765756376825}, {"id": "1011891165", "price": 129.54, "amount": 11.63, "side": "sell", "timestamp": 1765756417324}, {"id": "1011891166", "price": 129.55, "amount": 0.77, "side": "buy", "timestamp": 1765756417683}, {"id": "1011891167", "price": 129.54, "amount": 0.06, "side": "sell", "timestamp": 1765756418005}, {"id": "1011891168", "price": 129.55, "amount": 2.99, "side": "buy", "timestamp": 1765756418478}, {"id": "1011891169", "price": 129.55, "amount": 3.85, "side": "buy", "timestamp": 1765756418658}, {"id": "1011891170", "price": 129.54, "amount": 23.99, "side": "sell", "timestamp": 1765756419060}, {"id": "1011891171", "price": 129.55, "amount": 0.8, "side": "buy", "timestamp": 1765756419664}, {"id": "1011891172", "price": 129.54, "amount": 0.6, "side": "sell", "timestamp": 1765756420100}, {"id": "1011891173", "price": 129.54, "amount": 0.19, "side": "sell", "timestamp": 1765756420259}, {"id": "1011891174", "price": 129.55, "amount": 0.87, "side": "buy", "timestamp": 1765756420586}, {"id": "1011891175", "price": 129.54, "amount": 0.51, "side": "sell", "timestamp": 1765756421195}, {"id": "1011891176", "price": 129.55, "amount": 158.63, "side": "buy", "timestamp": 1765756421218}, {"id": "1011891177", "price": 129.56, "amount": 46.6, "side": "buy", "timestamp": 1765756421251}, {"id": "1011891178", "price": 129.57, "amount": 173.63, "side": "buy", "timestamp": 1765756421323}, {"id": "1011891179", "price": 129.58, "amount": 1.9, "side": "buy", "timestamp": 1765756421783}, {"id": "1011891180", "price": 129.57, "amount": 92.88, "side": "sell", "timestamp": 1765756421990}, {"id": "1011891181", "price": 129.57, "amount": 163.54, "side": "sell", "timestamp": 1765756422992}, {"id": "1011891182", "price": 129.56, "amount": 145.15, "side": "sell", "timestamp": 1765756423036}, {"id": "1011891183", "price": 129.55, "amount": 0.11, "side": "sell", "timestamp": 1765756423161}, {"id": "1011891184", "price": 129.56, "amount": 30.7, "side": "buy", "timestamp": 1765756423212}, {"id": "1011891185", "price": 129.55, "amount": 8.88, "side": "sell", "timestamp": 1765756423269}, {"id": "1011891186", "price": 129.56, "amount": 0.3, "side": "buy", "timestamp": 1765756423638}, {"id": "1011891187", "price": 129.56, "amount": 100.0, "side": "buy", "timestamp": 1765756423817}, {"id": "1011891188", "price": 129.56, "amount": 39.19, "side": "buy", "timestamp": 1765756424011}, {"id": "1011891189", "price": 129.57, "amount": 2.74, "side": "buy", "timestamp": 1765756424017}, {"id": "1011891190", "price": 129.58, "amount": 42.43, "side": "buy", "timestamp": 1765756424029}, {"id": "1011891191", "price": 129.57, "amount": 4.23, "side": "sell", "timestamp": 1765756424313}, {"id": "1011891192", "price": 129.58, "amount": 5.35, "side": "buy", "timestamp": 1765756425488}, {"id": "1011891193", "price": 129.57, "amount": 0.43, "side": "sell", "timestamp": 1765756426089}, {"id": "1011891194", "price": 129.57, "amount": 0.08, "side": "sell", "timestamp": 1765756426316}, {"id": "1011891195", "price": 129.57, "amount": 1.24, "side": "sell", "timestamp": 1765756426429}, {"id": "1011891196", "price": 129.57, "amount": 0.22, "side": "sell", "timestamp": 1765756427272}, {"id": "1011891197", "price": 129.58, "amount": 0.46, "side": "buy", "timestamp": 1765756427449}, {"id": "1011891198", "price": 129.58, "amount": 3.0, "side": "buy", "timestamp": 1765756427640}, {"id": "1011891199", "price": 129.57, "amount": 0.1, "side": "sell", "timestamp": 1765756427795}, {"id": "1011891200", "price": 129.58, "amount": 10.89, "side": "buy", "timestamp": 1765756428616}, {"id": "1011891201", "price": 129.57, "amount": 0.16, "side": "sell", "timestamp": 1765756429043}, {"id": "1011891202", "price": 129.57, "amount": 0.34, "side": "sell", "timestamp": 1765756429284}, {"id": "1011891203", "price": 129.58, "amount": 192.93, "side": "buy", "timestamp": 1765756429367}, {"id": "1011891204", "price": 129.58, "amount": 0.76, "side": "buy", "timestamp": 1765756429966}, {"id": "1011891205", "price": 129.57, "amount": 7.66, "side": "sell", "timestamp": 1765756430035}, {"id": "1011891206", "price": 129.57, "amount": 0.08, "side": "sell", "timestamp": 1765756430392}, {"id": "1011891207", "price": 129.58, "amount": 7.7, "side": "buy", "timestamp": 1765756430604}, {"id": "1011891208", "price": 129.57, "amount": 0.67, "side": "sell", "timestamp": 1765756431073}, {"id": "1011891209", "price": 129.58, "amount": 0.06, "side": "buy", "timestamp": 1765756431102}, {"id": "1011891210", "price": 129.57, "amount": 0.3, "side": "sell", "timestamp": 1765756431108}, {"id": "1011891211", "price": 129.58, "amount": 0.25, "side": "buy", "timestamp": 1765756431546}, {"id": "1011891212", "price": 129.57, "amount": 155.77, "side": "sell", "timestamp": 1765756431821}, {"id": "1011891213", "price": 129.56, "amount": 504.83, "side": "sell", "timestamp": 1765756431821}, {"id": "1011891214", "price": 129.55, "amount": 39.4, "side": "sell", "timestamp": 1765756431821}, {"id": "1011891353", "price": 129.55, "amount": 12.25, "side": "buy", "timestamp": 1765756470191}, {"id": "1011891354", "price": 129.54, "amount": 0.07, "side": "sell", "timestamp": 1765756470852}, {"id": "1011891355", "price": 129.54, "amount": 0.28, "side": "sell", "timestamp": 1765756471083}, {"id": "1011891356", "price": 129.54, "amount": 15.49, "side": "sell", "timestamp": 1765756471423}, {"id": "1011891357", "price": 129.54, "amount": 0.04, "side": "sell", "timestamp": 1765756471895}, {"id": "1011891358", "price": 129.55, "amount": 7.23, "side": "buy", "timestamp": 1765756472254}, {"id": "1011891359", "price": 129.54, "amount": 0.1, "side": "sell", "timestamp": 1765756472258}, {"id": "1011891360", "price": 129.55, "amount": 0.23, "side": "buy", "timestamp": 1765756472259}, {"id": "1011891361", "price": 129.55, "amount": 5.0, "side": "buy", "timestamp": 1765756472679}, {"id": "1011891362", "price": 129.54, "amount": 90.71, "side": "sell", "timestamp": 1765756472737}, {"id": "1011891363", "price": 129.54, "amount": 20.0, "side": "buy", "timestamp": 1765756472895}, {"id": "1011891364", "price": 129.53, "amount": 0.33, "side": "sell", "timestamp": 1765756473109}, {"id": "1011891365", "price": 129.53, "amount": 0.07, "side": "sell", "timestamp": 1765756473784}, {"id": "1011891366", "price": 129.53, "amount": 0.11, "side": "sell", "timestamp": 1765756474106}, {"id": "1011891367", "price": 129.54, "amount": 4.63, "side": "buy", "timestamp": 1765756474416}, {"id": "1011891368", "price": 129.54, "amount": 0.75, "side": "buy", "timestamp": 1765756474550}, {"id": "1011891369", "price": 129.54, "amount": 394.98, "side": "buy", "timestamp": 1765756474930}, {"id": "1011891370", "price": 129.54, "amount": 50.0, "side": "buy", "timestamp": 1765756475493}, {"id": "1011891371", "price": 129.53, "amount": 0.06, "side": "sell", "timestamp": 1765756475545}, {"id": "1011891372", "price": 129.53, "amount": 0.09, "side": "sell", "timestamp": 1765756475695}, {"id": "1011891373", "price": 129.54, "amount": 250.05, "side": "buy", "timestamp": 1765756475927}, {"id": "1011891374", "price": 129.55, "amount": 3.93, "side": "buy", "timestamp": 1765756476678}, {"id": "1011891375", "price": 129.54, "amount": 371.94, "side": "sell", "timestamp": 1765756477152}, {"id": "1011891376", "price": 129.53, "amount": 45.8, "side": "sell", "timestamp": 1765756477260}, {"id": "1011891377", "price": 129.53, "amount": 0.06, "side": "sell", "timestamp": 1765756477367}, {"id": "1011891378", "price": 129.54, "amount": 2.0, "side": "buy", "timestamp": 1765756477411}, {"id": "1011891379", "price": 129.53, "amount": 3.37, "side": "sell", "timestamp": 1765756477606}, {"id": "1011891380", "price": 129.52, "amount": 87.42, "side": "sell", "timestamp": 1765756478125}, {"id": "1011891381", "price": 129.51, "amount": 0.09, "side": "sell", "timestamp": 1765756479475}, {"id": "1011891382", "price": 129.51, "amount": 102.77, "side": "sell", "timestamp": 1765756479726}, {"id": "1011891383", "price": 129.5, "amount": 0.05, "side": "sell", "timestamp": 1765756479881}, {"id": "1011891384", "price": 129.5, "amount": 0.11, "side": "sell", "timestamp": 1765756480024}, {"id": "1011891385", "price": 129.51, "amount": 0.96, "side": "buy", "timestamp": 1765756480093}, {"id": "1011891386", "price": 129.5, "amount": 0.12, "side": "sell", "timestamp": 1765756480223}, {"id": "1011891387", "price": 129.51, "amount": 1.76, "side": "buy", "timestamp": 1765756480358}, {"id": "1011891388", "price": 129.51, "amount": 50.0, "side": "buy", "timestamp": 1765756480587}, {"id": "1011891389", "price": 129.51, "amount": 360.53, "side": "buy", "timestamp": 1765756482214}, {"id": "1011891390", "price": 129.51, "amount": 0.23, "side": "sell", "timestamp": 1765756482223}, {"id": "1011891391", "price": 129.52, "amount": 8.33, "side": "buy", "timestamp": 1765756482228}, {"id": "1011891392", "price": 129.52, "amount": 0.6, "side": "sell", "timestamp": 1765756482243}, {"id": "1011891393", "price": 129.53, "amount": 0.59, "side": "buy", "timestamp": 1765756482732}, {"id": "1011891394", "price": 129.52, "amount": 0.11, "side": "sell", "timestamp": 1765756483038}, {"id": "1011891395", "price": 129.52, "amount": 1.77, "side": "sell", "timestamp": 1765756483232}, {"id": "1011891396", "price": 129.53, "amount": 20.77, "side": "buy", "timestamp": 1765756485075}, {"id": "1011891397", "price": 129.52, "amount": 0.08, "side": "sell", "timestamp": 1765756485180}, {"id": "1011891398", "price": 129.52, "amount": 0.08, "side": "sell", "timestamp": 1765756485432}, {"id": "1011891399", "price": 129.53, "amount": 1.0, "side": "buy", "timestamp": 1765756485523}, {"id": "1011891400", "price": 129.52, "amount": 0.05, "side": "sell", "timestamp": 1765756485918}, {"id": "1011891401", "price": 129.52, "amount": 0.15, "side": "sell", "timestamp": 1765756486080}, {"id": "1011891402", "price": 129.53, "amount": 2.8, "side": "buy", "timestamp": 1765756486479}, {"id": "1011891548", "price": 129.5, "amount": 0.44, "side": "sell", "timestamp": 1765756525112}, {"id": "1011891549", "price": 129.51, "amount": 0.05, "side": "buy", "timestamp": 1765756525344}, {"id": "1011891550", "price": 129.5, "amount": 0.42, "side": "sell", "timestamp": 1765756526221}, {"id": "1011891551", "price": 129.51, "amount": 0.05, "side": "buy", "timestamp": 1765756526345}, {"id": "1011891552", "price": 129.5, "amount": 2.36, "side": "sell", "timestamp": 1765756526579}, {"id": "1011891553", "price": 129.5, "amount": 0.34, "side": "sell", "timestamp": 1765756527063}, {"id": "1011891554", "price": 129.51, "amount": 0.05, "side": "buy", "timestamp": 1765756527345}, {"id": "1011891555", "price": 129.5, "amount": 0.56, "side": "sell", "timestamp": 1765756528169}, {"id": "1011891556", "price": 129.51, "amount": 3.0, "side": "buy", "timestamp": 1765756528214}, {"id": "1011891557", "price": 129.5, "amount": 0.05, "side": "sell", "timestamp": 1765756528403}, {"id": "1011891558", "price": 129.5, "amount": 13.08, "side": "sell", "timestamp": 1765756528823}, {"id": "1011891559", "price": 129.51, "amount": 290.23, "side": "buy", "timestamp": 1765756528829}, {"id": "1011891560", "price": 129.52, "amount": 64.72, "side": "buy", "timestamp": 1765756528861}, {"id": "1011891561", "price": 129.53, "amount": 5.42, "side": "buy", "timestamp": 1765756528953}, {"id": "1011891562", "price": 129.54, "amount": 100.38, "side": "buy", "timestamp": 1765756529057}, {"id": "1011891563", "price": 129.55, "amount": 155.22, "side": "buy", "timestamp": 1765756529138}, {"id": "1011891564", "price": 129.56, "amount": 7.8, "side": "buy", "timestamp": 1765756529207}, {"id": "1011891565", "price": 129.55, "amount": 0.05, "side": "sell", "timestamp": 1765756529379}, {"id": "1011891566", "price": 129.56, "amount": 0.59, "side": "buy", "timestamp": 1765756529781}, {"id": "1011891567", "price": 129.55, "amount": 7.55, "side": "sell", "timestamp": 1765756529882}, {"id": "1011891568", "price": 129.55, "amount": 25.57, "side": "sell", "timestamp": 1765756530859}, {"id": "1011891569", "price": 129.55, "amount": 0.11, "side": "sell", "timestamp": 1765756531090}, {"id": "1011891570", "price": 129.55, "amount": 7.75, "side": "sell", "timestamp": 1765756531423}, {"id": "1011891571", "price": 129.55, "amount": 0.23, "side": "sell", "timestamp": 1765756532421}, {"id": "1011891572", "price": 129.55, "amount": 524.9, "side": "sell", "timestamp": 1765756532554}, {"id": "1011891573", "price": 129.54, "amount": 27.44, "side": "sell", "timestamp": 1765756532618}, {"id": "1011891574", "price": 129.54, "amount": 272.9, "side": "buy", "timestamp": 1765756533284}, {"id": "1011891575", "price": 129.55, "amount": 339.35, "side": "buy", "timestamp": 1765756533340}, {"id": "1011891576", "price": 129.55, "amount": 6.54, "side": "buy", "timestamp": 1765756534045}, {"id": "1011891577", "price": 129.54, "amount": 0.11, "side": "sell", "timestamp": 1765756534125}, {"id": "1011891578", "price": 129.54, "amount": 3.85, "side": "sell", "timestamp": 1765756534622}, {"id": "1011891579", "price": 129.55, "amount": 0.5, "side": "buy", "timestamp": 1765756534941}, {"id": "1011891580", "price": 129.55, "amount": 15.41, "side": "buy", "timestamp": 1765756536338}, {"id": "1011891581", "price": 129.55, "amount": 2.38, "side": "buy", "timestamp": 1765756536722}, {"id": "1011891582", "price": 129.54, "amount": 0.11, "side": "sell", "timestamp": 1765756537151}, {"id": "1011891583", "price": 129.54, "amount": 4.94, "side": "sell", "timestamp": 1765756537360}, {"id": "1011891584", "price": 129.54, "amount": 0.33, "side": "sell", "timestamp": 1765756537654}, {"id": "1011891585", "price": 129.55, "amount": 1.01, "side": "buy", "timestamp": 1765756538039}, {"id": "1011891586", "price": 129.55, "amount": 0.07, "side": "buy", "timestamp": 1765756538149}, {"id": "1011891587", "price": 129.54, "amount": 2.31, "side": "sell", "timestamp": 1765756538497}, {"id": "1011891588", "price": 129.55, "amount": 5.91, "side": "buy", "timestamp": 1765756538901}, {"id": "1011891589", "price": 129.54, "amount": 138.43, "side": "sell", "timestamp": 1765756539379}, {"id": "1011891590", "price": 129.54, "amount": 37.96, "side": "buy", "timestamp": 1765756539515}, {"id": "1011891591", "price": 129.54, "amount": 0.77, "side": "buy", "timestamp": 1765756539662}, {"id": "1011891592", "price": 129.53, "amount": 0.16, "side": "sell", "timestamp": 1765756540185}, {"id": "1011891593", "price": 129.54, "amount": 0.07, "side": "buy", "timestamp": 1765756540727}, {"id": "1011891594", "price": 129.53, "amount": 0.39, "side": "sell", "timestamp": 1765756541041}, {"id": "1011891595", "price": 129.54, "amount": 63.69, "side": "buy", "timestamp": 1765756541326}, {"id": "1011891596", "price": 129.55, "amount": 7.77, "side": "buy", "timestamp": 1765756541357}, {"id": "1011891597", "price": 129.55, "amount": 1.83, "side": "buy", "timestamp": 1765756541488}, {"id": "1011891735", "price": 129.51, "amount": 4.15, "side": "buy", "timestamp": 1765756585679}, {"id": "1011891736", "price": 129.5, "amount": 2.12, "side": "sell", "timestamp": 1765756586159}, {"id": "1011891737", "price": 129.51, "amount": 5.9, "side": "buy", "timestamp": 1765756586302}, {"id": "1011891738", "price": 129.5, "amount": 0.4, "side": "sell", "timestamp": 1765756587308}, {"id": "1011891739", "price": 129.5, "amount": 0.88, "side": "sell", "timestamp": 1765756587627}, {"id": "1011891740", "price": 129.5, "amount": 0.05, "side": "sell", "timestamp": 1765756587809}, {"id": "1011891741", "price": 129.5, "amount": 0.11, "side": "sell", "timestamp": 1765756588194}, {"id": "1011891742", "price": 129.51, "amount": 31.26, "side": "buy", "timestamp": 1765756588269}, {"id": "1011891743", "price": 129.5, "amount": 2.7, "side": "sell", "timestamp": 1765756588706}, {"id": "1011891744", "price": 129.51, "amount": 3.13, "side": "buy", "timestamp": 1765756589155}, {"id": "1011891745", "price": 129.5, "amount": 0.08, "side": "sell", "timestamp": 1765756590225}, {"id": "1011891746", "price": 129.51, "amount": 1.37, "side": "buy", "timestamp": 1765756590634}, {"id": "1011891747", "price": 129.5, "amount": 16.89, "side": "sell", "timestamp": 1765756590766}, {"id": "1011891748", "price": 129.5, "amount": 0.19, "side": "sell", "timestamp": 1765756591009}, {"id": "1011891749", "price": 129.5, "amount": 0.38, "side": "sell", "timestamp": 1765756591190}, {"id": "1011891750", "price": 129.51, "amount": 1.08, "side": "buy", "timestamp": 1765756591199}, {"id": "1011891751", "price": 129.5, "amount": 0.05, "side": "sell", "timestamp": 1765756591882}, {"id": "1011891752", "price": 129.5, "amount": 3.33, "side": "sell", "timestamp": 1765756592069}, {"id": "1011891753", "price": 129.5, "amount": 0.39, "side": "sell", "timestamp": 1765756592295}, {"id": "1011891754", "price": 129.5, "amount": 0.23, "side": "sell", "timestamp": 1765756592694}, {"id": "1011891755", "price": 129.51, "amount": 0.54, "side": "buy", "timestamp": 1765756592765}, {"id": "1011891756", "price": 129.51, "amount": 1.46, "side": "buy", "timestamp": 1765756592892}, {"id": "1011891757", "price": 129.5, "amount": 0.06, "side": "sell", "timestamp": 1765756592986}, {"id": "1011891758", "price": 129.5, "amount": 0.09, "side": "sell", "timestamp": 1765756593211}, {"id": "1011891759", "price": 129.5, "amount": 0.11, "side": "sell", "timestamp": 1765756594037}, {"id": "1011891760", "price": 129.51, "amount": 0.15, "side": "buy", "timestamp": 1765756594053}, {"id": "1011891761", "price": 129.5, "amount": 909.23, "side": "sell", "timestamp": 1765756594214}, {"id": "1011891762", "price": 129.49, "amount": 271.74, "side": "sell", "timestamp": 1765756594224}, {"id": "1011891763", "price": 129.48, "amount": 54.12, "side": "sell", "timestamp": 1765756594276}, {"id": "1011891764", "price": 129.47, "amount": 176.34, "side": "sell", "timestamp": 1765756594282}, {"id": "1011891765", "price": 129.46, "amount": 36.11, "side": "sell", "timestamp": 1765756594284}, {"id": "1011891766", "price": 129.47, "amount": 0.33, "side": "buy", "timestamp": 1765756594308}, {"id": "1011891767", "price": 129.46, "amount": 2.0, "side": "sell", "timestamp": 1765756594310}, {"id": "1011891768", "price": 129.47, "amount": 0.3, "side": "buy", "timestamp": 1765756594313}, {"id": "1011891769", "price": 129.46, "amount": 5.01, "side": "sell", "timestamp": 1765756594316}, {"id": "1011891770", "price": 129.47, "amount": 0.22, "side": "buy", "timestamp": 1765756594328}, {"id": "1011891771", "price": 129.46, "amount": 65.95, "side": "sell", "timestamp": 1765756594336}, {"id": "1011891772", "price": 129.46, "amount": 1.54, "side": "buy", "timestamp": 1765756594343}, {"id": "1011891773", "price": 129.45, "amount": 122.27, "side": "sell", "timestamp": 1765756594359}, {"id": "1011891774", "price": 129.44, "amount": 42.96, "side": "sell", "timestamp": 1765756594362}, {"id": "1011891775", "price": 129.43, "amount": 13.1, "side": "sell", "timestamp": 1765756594377}, {"id": "1011891776", "price": 129.43, "amount": 4.46, "side": "buy", "timestamp": 1765756594504}, {"id": "1011891777", "price": 129.42, "amount": 0.76, "side": "sell", "timestamp": 1765756595036}, {"id": "1011891778", "price": 129.42, "amount": 149.16, "side": "sell", "timestamp": 1765756595141}, {"id": "1011891779", "price": 129.42, "amount": 2.39, "side": "buy", "timestamp": 1765756596005}, {"id": "1011891780", "price": 129.41, "amount": 0.09, "side": "sell", "timestamp": 1765756596109}, {"id": "1011891781", "price": 129.42, "amount": 0.04, "side": "buy", "timestamp": 1765756596136}, {"id": "1011891782", "price": 129.41, "amount": 2.04, "side": "sell", "timestamp": 1765756596237}, {"id": "1011891783", "price": 129.42, "amount": 0.4, "side": "buy", "timestamp": 1765756596667}, {"id": "1011891784", "price": 129.41, "amount": 107.69, "side": "sell", "timestamp": 1765756596668}, {"id": "1011891998", "price": 129.27, "amount": 0.08, "side": "buy", "timestamp": 1765756642376}, {"id": "1011891999", "price": 129.26, "amount": 2.84, "side": "sell", "timestamp": 1765756642426}, {"id": "1011892000", "price": 129.26, "amount": 5.0, "side": "sell", "timestamp": 1765756642566}, {"id": "1011892001", "price": 129.27, "amount": 0.26, "side": "buy", "timestamp": 1765756642651}, {"id": "1011892002", "price": 129.27, "amount": 2.6, "side": "buy", "timestamp": 1765756642873}, {"id": "1011892003", "price": 129.27, "amount": 85.02, "side": "buy", "timestamp": 1765756643116}, {"id": "1011892004", "price": 129.28, "amount": 117.12, "side": "buy", "timestamp": 1765756643122}, {"id": "1011892005", "price": 129.28, "amount": 0.15, "side": "sell", "timestamp": 1765756643146}, {"id": "1011892006", "price": 129.29, "amount": 5.4, "side": "buy", "timestamp": 1765756643187}, {"id": "1011892007", "price": 129.28, "amount": 0.11, "side": "sell", "timestamp": 1765756643255}, {"id": "1011892008", "price": 129.29, "amount": 5.32, "side": "buy", "timestamp": 1765756643314}, {"id": "1011892009", "price": 129.29, "amount": 14.79, "side": "sell", "timestamp": 1765756643499}, {"id": "1011892010", "price": 129.29, "amount": 2.0, "side": "sell", "timestamp": 1765756644051}, {"id": "1011892011", "price": 129.3, "amount": 0.36, "side": "buy", "timestamp": 1765756644112}, {"id": "1011892012", "price": 129.29, "amount": 23.0, "side": "sell", "timestamp": 1765756644215}, {"id": "1011892013", "price": 129.3, "amount": 1.19, "side": "buy", "timestamp": 1765756644902}, {"id": "1011892014", "price": 129.3, "amount": 86.04, "side": "buy", "timestamp": 1765756645212}, {"id": "1011892015", "price": 129.3, "amount": 0.08, "side": "sell", "timestamp": 1765756645227}, {"id": "1011892016", "price": 129.31, "amount": 4.86, "side": "buy", "timestamp": 1765756645352}, {"id": "1011892017", "price": 129.3, "amount": 2.44, "side": "sell", "timestamp": 1765756645890}, {"id": "1011892018", "price": 129.3, "amount": 1.82, "side": "sell", "timestamp": 1765756646048}, {"id": "1011892019", "price": 129.31, "amount": 10.99, "side": "buy", "timestamp": 1765756646166}, {"id": "1011892020", "price": 129.3, "amount": 15.46, "side": "sell", "timestamp": 1765756646384}, {"id": "1011892021", "price": 129.31, "amount": 19.24, "side": "buy", "timestamp": 1765756646399}, {"id": "1011892022", "price": 129.31, "amount": 14.05, "side": "buy", "timestamp": 1765756646625}, {"id": "1011892023", "price": 129.32, "amount": 193.78, "side": "buy", "timestamp": 1765756647073}, {"id": "1011892024", "price": 129.32, "amount": 4.21, "side": "sell", "timestamp": 1765756647354}, {"id": "1011892025", "price": 129.32, "amount": 23.0, "side": "sell", "timestamp": 1765756647762}, {"id": "1011892026", "price": 129.33, "amount": 5.34, "side": "buy", "timestamp": 1765756647766}, {"id": "1011892027", "price": 129.33, "amount": 1.0, "side": "buy", "timestamp": 1765756648015}, {"id": "1011892028", "price": 129.32, "amount": 0.04, "side": "sell", "timestamp": 1765756648234}, {"id": "1011892029", "price": 129.33, "amount": 41.46, "side": "buy", "timestamp": 1765756648245}, {"id": "1011892030", "price": 129.33, "amount": 2.02, "side": "buy", "timestamp": 1765756648790}, {"id": "1011892031", "price": 129.33, "amount": 0.11, "side": "sell", "timestamp": 1765756649014}, {"id": "1011892032", "price": 129.34, "amount": 1.7, "side": "buy", "timestamp": 1765756649108}, {"id": "1011892033", "price": 129.33, "amount": 0.9, "side": "sell", "timestamp": 1765756649339}, {"id": "1011892034", "price": 129.33, "amount": 0.77, "side": "sell", "timestamp": 1765756649762}, {"id": "1011892035", "price": 129.34, "amount": 11.63, "side": "buy", "timestamp": 1765756650006}, {"id": "1011892036", "price": 129.34, "amount": 2.0, "side": "sell", "timestamp": 1765756650014}, {"id": "1011892037", "price": 129.35, "amount": 70.63, "side": "buy", "timestamp": 1765756650015}, {"id": "1011892038", "price": 129.36, "amount": 27.75, "side": "buy", "timestamp": 1765756650051}, {"id": "1011892039", "price": 129.36, "amount": 5.12, "side": "buy", "timestamp": 1765756650168}, {"id": "1011892040", "price": 129.36, "amount": 129.28, "side": "sell", "timestamp": 1765756650474}, {"id": "1011892041", "price": 129.36, "amount": 0.85, "side": "buy", "timestamp": 1765756650602}, {"id": "1011892042", "price": 129.35, "amount": 0.05, "side": "sell", "timestamp": 1765756650663}, {"id": "1011892043", "price": 129.35, "amount": 0.37, "side": "sell", "timestamp": 1765756650998}, {"id": "1011892044", "price": 129.36, "amount": 0.23, "side": "buy", "timestamp": 1765756651139}, {"id": "1011892045", "price": 129.35, "amount": 4.21, "side": "sell", "timestamp": 1765756651464}, {"id": "1011892046", "price": 129.36, "amount": 8.47, "side": "buy", "timestamp": 1765756651525}, {"id": "1011892047", "price": 129.35, "amount": 23.0, "side": "sell", "timestamp": 1765756651887}, {"id": "1011892187", "price": 129.24, "amount": 21.94, "side": "buy", "timestamp": 1765756690681}, {"id": "1011892188", "price": 129.23, "amount": 0.68, "side": "sell", "timestamp": 1765756691143}, {"id": "1011892189", "price": 129.23, "amount": 0.12, "side": "sell", "timestamp": 1765756691246}, {"id": "1011892190", "price": 129.24, "amount": 14.18, "side": "buy", "timestamp": 1765756691326}, {"id": "1011892191", "price": 129.24, "amount": 0.33, "side": "sell", "timestamp": 1765756691422}, {"id": "1011892192", "price": 129.25, "amount": 0.09, "side": "buy", "timestamp": 1765756691688}, {"id": "1011892193", "price": 129.24, "amount": 15.69, "side": "sell", "timestamp": 1765756692149}, {"id": "1011892194", "price": 129.24, "amount": 1.52, "side": "sell", "timestamp": 1765756692289}, {"id": "1011892195", "price": 129.24, "amount": 0.14, "side": "sell", "timestamp": 1765756692404}, {"id": "1011892196", "price": 129.24, "amount": 3.94, "side": "sell", "timestamp": 1765756693151}, {"id": "1011892197", "price": 129.25, "amount": 0.1, "side": "buy", "timestamp": 1765756693659}, {"id": "1011892198", "price": 129.25, "amount": 2.89, "side": "buy", "timestamp": 1765756693923}, {"id": "1011892199", "price": 129.24, "amount": 20.31, "side": "sell", "timestamp": 1765756694180}, {"id": "1011892200", "price": 129.24, "amount": 403.68, "side": "sell", "timestamp": 1765756694286}, {"id": "1011892201", "price": 129.23, "amount": 53.87, "side": "sell", "timestamp": 1765756694304}, {"id": "1011892202", "price": 129.23, "amount": 2.32, "side": "sell", "timestamp": 1765756694428}, {"id": "1011892203", "price": 129.23, "amount": 32.99, "side": "sell", "timestamp": 1765756694547}, {"id": "1011892204", "price": 129.23, "amount": 0.23, "side": "sell", "timestamp": 1765756694655}, {"id": "1011892205", "price": 129.23, "amount": 0.59, "side": "sell", "timestamp": 1765756694812}, {"id": "1011892206", "price": 129.24, "amount": 90.32, "side": "buy", "timestamp": 1765756695027}, {"id": "1011892207", "price": 129.24, "amount": 8.2, "side": "sell", "timestamp": 1765756695228}, {"id": "1011892208", "price": 129.24, "amount": 0.04, "side": "sell", "timestamp": 1765756695640}, {"id": "1011892209", "price": 129.24, "amount": 0.11, "side": "sell", "timestamp": 1765756696030}, {"id": "1011892210", "price": 129.25, "amount": 104.38, "side": "buy", "timestamp": 1765756696398}, {"id": "1011892211", "price": 129.26, "amount": 10.0, "side": "buy", "timestamp": 1765756696521}, {"id": "1011892212", "price": 129.26, "amount": 77.37, "side": "buy", "timestamp": 1765756696656}, {"id": "1011892213", "price": 129.26, "amount": 4.13, "side": "buy", "timestamp": 1765756696865}, {"id": "1011892214", "price": 129.26, "amount": 2.72, "side": "buy", "timestamp": 1765756697066}, {"id": "1011892215", "price": 129.25, "amount": 1.64, "side": "sell", "timestamp": 1765756697588}, {"id": "1011892216", "price": 129.26, "amount": 0.32, "side": "buy", "timestamp": 1765756697632}, {"id": "1011892217", "price": 129.26, "amount": 0.11, "side": "sell", "timestamp": 1765756699055}, {"id": "1011892218", "price": 129.26, "amount": 0.08, "side": "sell", "timestamp": 1765756699237}, {"id": "1011892219", "price": 129.27, "amount": 0.23, "side": "buy", "timestamp": 1765756699307}, {"id": "1011892220", "price": 129.27, "amount": 4.77, "side": "buy", "timestamp": 1765756699586}, {"id": "1011892221", "price": 129.27, "amount": 0.45, "side": "buy", "timestamp": 1765756700683}, {"id": "1011892222", "price": 129.26, "amount": 0.56, "side": "sell", "timestamp": 1765756700979}, {"id": "1011892223", "price": 129.26, "amount": 0.22, "side": "sell", "timestamp": 1765756701163}, {"id": "1011892224", "price": 129.27, "amount": 0.5, "side": "buy", "timestamp": 1765756701198}, {"id": "1011892225", "price": 129.26, "amount": 0.11, "side": "sell", "timestamp": 1765756702082}, {"id": "1011892226", "price": 129.27, "amount": 3.85, "side": "buy", "timestamp": 1765756702599}, {"id": "1011892227", "price": 129.26, "amount": 0.24, "side": "sell", "timestamp": 1765756702863}, {"id": "1011892228", "price": 129.27, "amount": 0.25, "side": "buy", "timestamp": 1765756703225}, {"id": "1011892229", "price": 129.27, "amount": 5.9, "side": "buy", "timestamp": 1765756703326}, {"id": "1011892230", "price": 129.27, "amount": 4.79, "side": "buy", "timestamp": 1765756703454}, {"id": "1011892231", "price": 129.27, "amount": 5.34, "side": "buy", "timestamp": 1765756703659}, {"id": "1011892232", "price": 129.27, "amount": 3.5, "side": "buy", "timestamp": 1765756704095}, {"id": "1011892233", "price": 129.26, "amount": 0.11, "side": "sell", "timestamp": 1765756705105}, {"id": "1011892234", "price": 129.27, "amount": 0.48, "side": "buy", "timestamp": 1765756705527}, {"id": "1011892235", "price": 129.26, "amount": 0.08, "side": "sell", "timestamp": 1765756706196}, {"id": "1011892236", "price": 129.27, "amount": 20.11, "side": "buy", "timestamp": 1765756706567}, {"id": "1011892401", "price": 129.23, "amount": 97.23, "side": "buy", "timestamp": 1765756749180}, {"id": "1011892402", "price": 129.23, "amount": 0.15, "side": "sell", "timestamp": 1765756749182}, {"id": "1011892403", "price": 129.24, "amount": 8.01, "side": "buy", "timestamp": 1765756749191}, {"id": "1011892404", "price": 129.23, "amount": 0.07, "side": "sell", "timestamp": 1765756749305}, {"id": "1011892405", "price": 129.24, "amount": 0.26, "side": "buy", "timestamp": 1765756749327}, {"id": "1011892406", "price": 129.23, "amount": 467.97, "side": "sell", "timestamp": 1765756749341}, {"id": "1011892407", "price": 129.24, "amount": 3.41, "side": "buy", "timestamp": 1765756749422}, {"id": "1011892408", "price": 129.23, "amount": 356.27, "side": "sell", "timestamp": 1765756749516}, {"id": "1011892409", "price": 129.22, "amount": 97.73, "side": "sell", "timestamp": 1765756749516}, {"id": "1011892410", "price": 129.23, "amount": 0.08, "side": "buy", "timestamp": 1765756749546}, {"id": "1011892411", "price": 129.22, "amount": 10.99, "side": "sell", "timestamp": 1765756749601}, {"id": "1011892412", "price": 129.22, "amount": 8.9, "side": "sell", "timestamp": 1765756749707}, {"id": "1011892413", "price": 129.23, "amount": 8.53, "side": "buy", "timestamp": 1765756749722}, {"id": "1011892414", "price": 129.22, "amount": 3.86, "side": "sell", "timestamp": 1765756750910}, {"id": "1011892415", "price": 129.23, "amount": 82.11, "side": "buy", "timestamp": 1765756751780}, {"id": "1011892416", "price": 129.24, "amount": 42.25, "side": "buy", "timestamp": 1765756751838}, {"id": "1011892417", "price": 129.25, "amount": 9.59, "side": "buy", "timestamp": 1765756751848}, {"id": "1011892418", "price": 129.26, "amount": 48.9, "side": "buy", "timestamp": 1765756751974}, {"id": "1011892419", "price": 129.27, "amount": 278.9, "side": "buy", "timestamp": 1765756752023}, {"id": "1011892420", "price": 129.26, "amount": 0.11, "side": "sell", "timestamp": 1765756752036}, {"id": "1011892421", "price": 129.27, "amount": 0.15, "side": "buy", "timestamp": 1765756752401}, {"id": "1011892422", "price": 129.26, "amount": 0.05, "side": "sell", "timestamp": 1765756752963}, {"id": "1011892423", "price": 129.27, "amount": 5.52, "side": "buy", "timestamp": 1765756753486}, {"id": "1011892424", "price": 129.27, "amount": 0.05, "side": "sell", "timestamp": 1765756754675}, {"id": "1011892425", "price": 129.28, "amount": 314.9, "side": "buy", "timestamp": 1765756754903}, {"id": "1011892426", "price": 129.29, "amount": 103.1, "side": "buy", "timestamp": 1765756755054}, {"id": "1011892427", "price": 129.29, "amount": 0.11, "side": "sell", "timestamp": 1765756755085}, {"id": "1011892428", "price": 129.3, "amount": 0.04, "side": "buy", "timestamp": 1765756755437}, {"id": "1011892429", "price": 129.3, "amount": 11.58, "side": "buy", "timestamp": 1765756756045}, {"id": "1011892430", "price": 129.29, "amount": 2.98, "side": "sell", "timestamp": 1765756756142}, {"id": "1011892431", "price": 129.29, "amount": 0.33, "side": "sell", "timestamp": 1765756756257}, {"id": "1011892432", "price": 129.29, "amount": 0.05, "side": "sell", "timestamp": 1765756756408}, {"id": "1011892433", "price": 129.3, "amount": 62.71, "side": "buy", "timestamp": 1765756756667}, {"id": "1011892434", "price": 129.3, "amount": 8.52, "side": "buy", "timestamp": 1765756756785}, {"id": "1011892435", "price": 129.3, "amount": 26.99, "side": "buy", "timestamp": 1765756757019}, {"id": "1011892436", "price": 129.29, "amount": 0.08, "side": "sell", "timestamp": 1765756757241}, {"id": "1011892437", "price": 129.3, "amount": 0.05, "side": "buy", "timestamp": 1765756757822}, {"id": "1011892438", "price": 129.29, "amount": 0.96, "side": "sell", "timestamp": 1765756757954}, {"id": "1011892439", "price": 129.3, "amount": 10.01, "side": "buy", "timestamp": 1765756757989}, {"id": "1011892440", "price": 129.29, "amount": 0.11, "side": "sell", "timestamp": 1765756758103}, {"id": "1011892441", "price": 129.3, "amount": 13.92, "side": "buy", "timestamp": 1765756759412}, {"id": "1011892442", "price": 129.29, "amount": 0.05, "side": "sell", "timestamp": 1765756759595}, {"id": "1011892443", "price": 129.29, "amount": 0.18, "side": "sell", "timestamp": 1765756759731}, {"id": "1011892444", "price": 129.3, "amount": 13.12, "side": "buy", "timestamp": 1765756759864}, {"id": "1011892445", "price": 129.31, "amount": 1.18, "side": "buy", "timestamp": 1765756760398}, {"id": "1011892446", "price": 129.3, "amount": 0.96, "side": "sell", "timestamp": 1765756760398}, {"id": "1011892447", "price": 129.31, "amount": 7.73, "side": "buy", "timestamp": 1765756760546}, {"id": "1011892448", "price": 129.3, "amount": 0.11, "side": "sell", "timestamp": 1765756761129}, {"id": "1011892449", "price": 129.3, "amount": 565.62, "side": "sell", "timestamp": 1765756761686}, {"id": "1011892450", "price": 129.29, "amount": 19.71, "side": "sell", "timestamp": 1765756761710}]