[{"symbol": "XRPUSDT", "bids": [[2.0355, 55402.1], [2.0354, 18823.0], [2.0353, 11194.8], [2.0352, 21238.0], [2.0351, 22523.5], [2.035, 40891.2], [2.0349, 81927.9], [2.0348, 43699.5], [2.0347, 39615.8], [2.0346, 41570.9], [2.0345, 40782.5], [2.0344, 59751.5], [2.0343, 30252.2], [2.0342, 15998.7], [2.0341, 19897.8], [2.034, 21575.7], [2.0339, 56672.3], [2.0338, 38664.1], [2.0337, 40757.5], [2.0336, 12793.4]], "asks": [[2.0356, 7427.4], [2.0357, 7758.8], [2.0358, 8126.7], [2.0359, 12809.6], [2.036, 23471.0], [2.0361, 21755.7], [2.0362, 17297.9], [2.0363, 29654.9], [2.0364, 27988.3], [2.0365, 69938.0], [2.0366, 23848.9], [2.0367, 29496.6], [2.0368, 25032.4], [2.0369, 51619.3], [2.037, 40297.1], [2.0371, 24464.6], [2.0372, 24445.8], [2.0373, 39423.9], [2.0374, 39927.2], [2.0375, 34262.3]], "timestamp": "2025-12-13T09:00:23.429531+00:00"}, {"symbol": "XRPUSDT", "bids": [[2.0359, 32696.7], [2.0358, 18093.0], [2.0357, 18464.4], [2.0356, 9599.5], [2.0355, 15736.0], [2.0354, 23444.1], [2.0353, 20966.9], [2.0352, 19332.7], [2.0351, 32936.3], [2.035, 37398.4], [2.0349, 85666.5], [2.0348, 27589.4], [2.0347, 23488.6], [2.0346, 31921.2], [2.0345, 25344.3], [2.0344, 56182.8], [2.0343, 27829.7], [2.0342, 10954.5], [2.0341, 21660.4], [2.034, 32818.8]], "asks": [[2.036, 15270.7], [2.0361, 7009.1], [2.0362, 18736.8], [2.0363, 18244.1], [2.0364, 25706.2], [2.0365, 54714.2], [2.0366, 19869.1], [2.0367, 29616.1], [2.0368, 14803.0], [2.0369, 24679.1], [2.037, 45197.2], [2.0371, 29858.6], [2.0372, 33568.4], [2.0373, 23253.6], [2.0374, 28009.8], [2.0375, 50203.6], [2.0376, 107770.0], [2.0377, 35589.6], [2.0378, 21924.0], [2.0379, 26533.3]], "timestamp": "2025-12-13T09:01:17.432317+00:00"}, {"symbol": "XRPUSDT", "bids": [[2.0364, 21117.3], [2.0363, 22321.2], [2.0362, 14993.1], [2.0361, 23950.8], [2.036, 46093.1], [2.0359, 18982.9], [2.0358, 26091.5], [2.0357, 17011.3], [2.0356, 57807.2], [2.0355, 44965.9], [2.0354, 47936.9], [2.0353, 33619.0], [2.0352, 14850.9], [2.0351, 24234.8], [2.035, 29351.8], [2.0349, 47080.8], [2.0348, 15548.0], [2.0347, 20562.4], [2.0346, 32756.7], [2.0345, 25993.3]], "asks": [[2.0365, 7095.4], [2.0366, 19016.2], [2.0367, 16114.6], [2.0368, 21545.2], [2.0369, 29422.6], [2.037, 21058.3], [2.0371, 30244.1], [2.0372, 44373.5], [2.0373, 52065.0], [2.0374, 73917.7], [2.0375, 24412.0], [2.0376, 11927.8], [2.0377, 13198.9], [2.0378, 21257.6], [2.0379, 25249.8], [2.038, 36836.0], [2.0381, 32945.0], [2.0382, 29175.7], [2.0383, 23731.9], [2.0384, 49312.2]], "timestamp": "2025-12-13T09:02:11.872522+00:00"}, {"symbol": "XRPUSDT", "bids": [[2.036, 4236.3], [2.0359, 6089.2], [2.0358, 7254.6], [2.0357, 12080.4], [2.0356, 17245.5], [2.0355, 20306.9], [2.0354, 51918.8], [2.0353, 31911.0], [2.0352, 20148.2], [2.0351, 33822.5], [2.035, 46956.9], [2.0349, 46033.7], [2.0348, 14137.6], [2.0347, 22311.7], [2.0346, 37327.9], [2.0345, 30242.4], [2.0344, 46975.6], [2.0343, 21741.1], [2.0342, 6903.5], [2.0341, 30410.7]], "asks": [[2.0361, 35200.6], [2.0362, 30081.1], [2.0363, 23944.2], [2.0364, 20436.7], [2.0365, 22449.1], [2.0366, 25617.2], [2.0367, 18177.6], [2.0368, 23429.9], [2.0369, 23205.4], [2.037, 20158.9], [2.0371, 34749.8], [2.0372, 58248.1], [2.0373, 24450.6], [2.0374, 30365.2], [2.0375, 23058.7], [2.0376, 24139.4], [2.0377, 36766.5], [2.0378, 12132.2], [2.0379, 32723.4], [2.038, 47340.8]], "timestamp": "2025-12-13T09:03:06.452708+00:00"}, {"symbol": "XRPUSDT", "bids": [[2.0355, 12182.2], [2.0354, 10371.9], [2.0353, 12350.4], [2.0352, 25094.5], [2.0351, 32516.3], [2.035, 31439.8], [2.0349, 57669.0], [2.0348, 30491.9], [2.0347, 22506.5], [2.0346, 44257.7], [2.0345, 26207.0], [2.0344, 46236.1], [2.0343, 18345.1], [2.0342, 6634.6], [2.0341, 35903.5], [2.034, 29441.5], [2.0339, 43882.7], [2.0338, 40809.1], [2.0337, 26487.9], [2.0336, 16108.5]], "asks": [[2.0356, 40501.8], [2.0357, 14964.4], [2.0358, 14943.8], [2.0359, 19666.0], [2.036, 27689.0], [2.0361, 23507.2], [2.0362, 24924.3], [2.0363, 26789.4], [2.0364, 26993.2], [2.0365, 32862.3], [2.0366, 31202.5], [2.0367, 31628.1], [2.0368, 22570.2], [2.0369, 26342.8], [2.037, 20280.1], [2.0371, 28447.9], [2.0372, 63330.6], [2.0373, 18924.2], [2.0374, 33841.0], [2.0375, 28965.7]], "timestamp": "2025-12-13T09:04:00.622659+00:00"}, {"symbol": "XRPUSDT", "bids": [[2.0351, 1359.3], [2.035, 12858.7], [2.0349, 39221.1], [2.0348, 10676.3], [2.0347, 21474.8], [2.0346, 24603.9], [2.0345, 29964.6], [2.0344, 56224.1], [2.0343, 25866.6], [2.0342, 14859.0], [2.0341, 36277.4], [2.034, 31175.2], [2.0339, 50225.1], [2.0338, 40813.7], [2.0337, 27178.3], [2.0336, 14464.9], [2.0335, 18458.5], [2.0334, 29201.6], [2.0333, 36985.4], [2.0332, 36451.9]], "asks": [[2.0352, 28229.2], [2.0353, 11574.6], [2.0354, 21628.1], [2.0355, 21729.8], [2.0356, 24096.6], [2.0357, 31753.3], [2.0358, 30056.7], [2.0359, 28970.6], [2.036, 28474.0], [2.0361, 34506.5], [2.0362, 41593.0], [2.0363, 22682.7], [2.0364, 20643.6], [2.0365, 41040.9], [2.0366, 18423.0], [2.0367, 33324.0], [2.0368, 17054.2], [2.0369, 31028.1], [2.037, 45902.9], [2.0371, 24318.3]], "timestamp": "2025-12-13T09:04:54.716044+00:00"}, {"symbol": "XRPUSDT", "bids": [[2.0343, 1256.8], [2.0342, 8489.9], [2.0341, 5056.5], [2.034, 13600.9], [2.0339, 28738.2], [2.0338, 29278.7], [2.0337, 33485.7], [2.0336, 58486.0], [2.0335, 34689.4], [2.0334, 16971.7], [2.0333, 40885.0], [2.0332, 28603.5], [2.0331, 52101.4], [2.033, 11821.7], [2.0329, 18263.0], [2.0328, 26121.0], [2.0327, 31344.3], [2.0326, 44738.4], [2.0325, 18816.3], [2.0324, 17763.8]], "asks": [[2.0344, 21573.0], [2.0345, 15754.0], [2.0346, 27419.3], [2.0347, 32969.6], [2.0348, 49489.6], [2.0349, 19417.8], [2.035, 38969.4], [2.0351, 38574.3], [2.0352, 64958.3], [2.0353, 23770.9], [2.0354, 11188.4], [2.0355, 23625.8], [2.0356, 19368.1], [2.0357, 51970.5], [2.0358, 23997.1], [2.0359, 22703.9], [2.036, 6957.4], [2.0361, 35042.7], [2.0362, 61916.0], [2.0363, 46351.9]], "timestamp": "2025-12-13T09:05:48.892180+00:00"}, {"symbol": "XRPUSDT", "bids": [[2.0354, 10663.0], [2.0353, 8814.2], [2.0352, 17599.8], [2.0351, 24399.6], [2.035, 32416.8], [2.0349, 45553.3], [2.0348, 57938.7], [2.0347, 27996.5], [2.0346, 30879.6], [2.0345, 33844.9], [2.0344, 35775.9], [2.0343, 26421.5], [2.0342, 46628.9], [2.0341, 23178.1], [2.034, 10444.9], [2.0339, 22273.6], [2.0338, 20631.5], [2.0337, 38472.2], [2.0336, 46659.7], [2.0335, 24203.5]], "asks": [[2.0355, 19976.6], [2.0356, 7824.8], [2.0357, 16840.5], [2.0358, 23906.6], [2.0359, 10390.9], [2.036, 25261.6], [2.0361, 38476.7], [2.0362, 66487.1], [2.0363, 30315.9], [2.0364, 20609.4], [2.0365, 37294.3], [2.0366, 17152.9], [2.0367, 41458.2], [2.0368, 17140.7], [2.0369, 22402.3], [2.037, 25503.0], [2.0371, 28356.2], [2.0372, 54414.9], [2.0373, 31915.8], [2.0374, 28974.9]], "timestamp": "2025-12-13T09:06:43.543074+00:00"}, {"symbol": "XRPUSDT", "bids": [[2.0348, 5288.2], [2.0347, 11267.2], [2.0346, 9523.2], [2.0345, 9235.9], [2.0344, 22582.2], [2.0343, 26268.9], [2.0342, 57045.9], [2.0341, 37356.6], [2.034, 23947.2], [2.0339, 35646.7], [2.0338, 25210.5], [2.0337, 41029.5], [2.0336, 46340.1], [2.0335, 25089.7], [2.0334, 26095.0], [2.0333, 29949.6], [2.0332, 23120.3], [2.0331, 48649.8], [2.033, 15538.4], [2.0329, 13858.2]], "asks": [[2.0349, 18563.4], [2.035, 11051.7], [2.0351, 21397.3], [2.0352, 21210.2], [2.0353, 29923.0], [2.0354, 40075.2], [2.0355, 15747.9], [2.0356, 18951.2], [2.0357, 57800.4], [2.0358, 27647.8], [2.0359, 27757.9], [2.036, 19612.7], [2.0361, 29926.6], [2.0362, 40078.9], [2.0363, 27120.4], [2.0364, 24999.4], [2.0365, 31532.2], [2.0366, 39009.0], [2.0367, 45413.5], [2.0368, 75750.5]], "timestamp": "2025-12-13T09:07:37.713481+00:00"}, {"symbol": "XRPUSDT", "bids": [[2.0351, 30738.9], [2.035, 18138.8], [2.0349, 25303.0], [2.0348, 54929.9], [2.0347, 37100.3], [2.0346, 45303.3], [2.0345, 35810.1], [2.0344, 52347.1], [2.0343, 18629.5], [2.0342, 73650.4], [2.0341, 25731.0], [2.034, 5262.7], [2.0339, 21574.9], [2.0338, 13174.1], [2.0337, 35916.1], [2.0336, 48106.5], [2.0335, 23949.6], [2.0334, 8278.1], [2.0333, 38009.5], [2.0332, 38918.4]], "asks": [[2.0352, 14081.3], [2.0353, 5938.3], [2.0354, 13562.9], [2.0355, 11355.3], [2.0356, 20871.8], [2.0357, 26436.7], [2.0358, 37120.4], [2.0359, 50878.4], [2.036, 20094.3], [2.0361, 31958.0], [2.0362, 48818.4], [2.0363, 22563.4], [2.0364, 19641.6], [2.0365, 42336.8], [2.0366, 23314.0], [2.0367, 35787.3], [2.0368, 14083.0], [2.0369, 27252.7], [2.037, 50857.9], [2.0371, 24818.9]], "timestamp": "2025-12-13T09:08:32.088579+00:00"}, {"symbol": "XRPUSDT", "bids": [[2.0354, 7507.6], [2.0353, 11350.7], [2.0352, 19369.0], [2.0351, 23699.4], [2.035, 34458.3], [2.0349, 48120.8], [2.0348, 68710.9], [2.0347, 56647.6], [2.0346, 42073.7], [2.0345, 44441.8], [2.0344, 48259.9], [2.0343, 10671.1], [2.0342, 56352.3], [2.0341, 27870.8], [2.034, 6646.9], [2.0339, 19339.3], [2.0338, 5905.1], [2.0337, 37130.2], [2.0336, 48643.6], [2.0335, 30558.8]], "asks": [[2.0355, 16507.7], [2.0356, 8167.1], [2.0357, 18673.4], [2.0358, 15973.1], [2.0359, 20785.2], [2.036, 32144.4], [2.0361, 37204.0], [2.0362, 47070.9], [2.0363, 32324.0], [2.0364, 29125.4], [2.0365, 64634.7], [2.0366, 19858.7], [2.0367, 35597.7], [2.0368, 24265.0], [2.0369, 36730.9], [2.037, 17013.7], [2.0371, 21053.6], [2.0372, 54326.9], [2.0373, 24635.6], [2.0374, 28605.0]], "timestamp": "2025-12-13T09:09:26.195690+00:00"}, {"symbol": "XRPUSDT", "bids": [[2.0353, 15039.1], [2.0352, 18038.4], [2.0351, 30299.3], [2.035, 37026.7], [2.0349, 40808.5], [2.0348, 65257.5], [2.0347, 57267.3], [2.0346, 39066.2], [2.0345, 28067.7], [2.0344, 47161.4], [2.0343, 10944.7], [2.0342, 57534.7], [2.0341, 22896.1], [2.034, 6521.2], [2.0339, 23126.6], [2.0338, 22437.3], [2.0337, 19119.1], [2.0336, 45366.1], [2.0335, 23681.3], [2.0334, 20457.8]], "asks": [[2.0354, 3811.2], [2.0355, 10430.6], [2.0356, 10319.1], [2.0357, 12108.4], [2.0358, 19172.3], [2.0359, 21407.1], [2.036, 30378.4], [2.0361, 31520.7], [2.0362, 39352.9], [2.0363, 27951.1], [2.0364, 25857.6], [2.0365, 64977.3], [2.0366, 22068.9], [2.0367, 35196.5], [2.0368, 25497.4], [2.0369, 26197.4], [2.037, 44293.0], [2.0371, 26111.9], [2.0372, 54065.2], [2.0373, 23823.9]], "timestamp": "2025-12-13T09:10:20.531571+00:00"}, {"symbol": "XRPUSDT", "bids": [[2.0357, 10483.1], [2.0356, 23461.8], [2.0355, 29827.6], [2.0354, 28580.4], [2.0353, 42815.9], [2.0352, 36516.9], [2.0351, 38641.9], [2.035, 48814.9], [2.0349, 16085.1], [2.0348, 55407.6], [2.0347, 37401.1], [2.0346, 27027.8], [2.0345, 20461.0], [2.0344, 45497.0], [2.0343, 18048.3], [2.0342, 69032.6], [2.0341, 104562.3], [2.034, 6169.6], [2.0339, 23988.2], [2.0338, 35236.4]], "asks": [[2.0358, 8528.5], [2.0359, 10687.8], [2.036, 10448.8], [2.0361, 6635.0], [2.0362, 25173.4], [2.0363, 19118.1], [2.0364, 35613.9], [2.0365, 63330.8], [2.0366, 30237.8], [2.0367, 43552.0], [2.0368, 27666.7], [2.0369, 32847.1], [2.037, 57617.3], [2.0371, 31491.7], [2.0372, 61183.1], [2.0373, 15183.4], [2.0374, 28045.3], [2.0375, 35166.4], [2.0376, 32937.9], [2.0377, 22030.8]], "timestamp": "2025-12-13T09:11:14.701536+00:00"}, {"symbol": "XRPUSDT", "bids": [[2.0358, 30162.5], [2.0357, 13311.2], [2.0356, 16891.3], [2.0355, 27611.3], [2.0354, 31608.6], [2.0353, 50907.9], [2.0352, 29628.1], [2.0351, 21589.3], [2.035, 37487.0], [2.0349, 32018.5], [2.0348, 52615.3], [2.0347, 35043.5], [2.0346, 26081.1], [2.0345, 15773.1], [2.0344, 46435.6], [2.0343, 25055.3], [2.0342, 68116.8], [2.0341, 104223.4], [2.034, 16461.2], [2.0339, 62395.4]], "asks": [[2.0359, 4835.8], [2.036, 4637.5], [2.0361, 9241.4], [2.0362, 17587.6], [2.0363, 26949.5], [2.0364, 26376.8], [2.0365, 45274.1], [2.0366, 20805.7], [2.0367, 43999.2], [2.0368, 25019.8], [2.0369, 29142.0], [2.037, 27877.5], [2.0371, 20201.6], [2.0372, 75263.6], [2.0373, 44409.9], [2.0374, 21130.1], [2.0375, 19813.5], [2.0376, 35036.5], [2.0377, 41595.3], [2.0378, 22962.3]], "timestamp": "2025-12-13T09:12:08.769934+00:00"}, {"symbol": "XRPUSDT", "bids": [[2.0368, 1611.3], [2.0367, 4370.1], [2.0366, 11993.5], [2.0365, 22430.6], [2.0364, 25019.6], [2.0363, 28081.9], [2.0362, 39269.3], [2.0361, 58604.0], [2.036, 61780.7], [2.0359, 32866.0], [2.0358, 38310.6], [2.0357, 18459.9], [2.0356, 38759.8], [2.0355, 14741.6], [2.0354, 39878.2], [2.0353, 36130.2], [2.0352, 24494.1], [2.0351, 26179.0], [2.035, 48501.4], [2.0349, 42300.6]], "asks": [[2.0369, 35892.5], [2.037, 34037.2], [2.0371, 38230.5], [2.0372, 62700.4], [2.0373, 25149.8], [2.0374, 9710.7], [2.0375, 12890.0], [2.0376, 36848.5], [2.0377, 25699.1], [2.0378, 19438.5], [2.0379, 31060.6], [2.038, 34717.3], [2.0381, 44255.1], [2.0382, 14606.3], [2.0383, 16598.5], [2.0384, 43606.0], [2.0385, 29058.4], [2.0386, 73340.3], [2.0387, 19249.8], [2.0388, 20927.8]], "timestamp": "2025-12-13T09:13:02.530318+00:00"}, {"symbol": "XRPUSDT", "bids": [[2.0355, 19363.6], [2.0354, 14722.2], [2.0353, 16997.4], [2.0352, 22219.6], [2.0351, 24896.6], [2.035, 28596.2], [2.0349, 34068.1], [2.0348, 47389.1], [2.0347, 38943.1], [2.0346, 34325.1], [2.0345, 21302.3], [2.0344, 40062.0], [2.0343, 20900.1], [2.0342, 59297.1], [2.0341, 29496.6], [2.034, 10354.6], [2.0339, 26438.7], [2.0338, 17728.6], [2.0337, 16262.5], [2.0336, 57678.5]], "asks": [[2.0356, 3037.2], [2.0357, 9473.2], [2.0358, 15318.6], [2.0359, 19221.0], [2.036, 14389.0], [2.0361, 30098.3], [2.0362, 29110.6], [2.0363, 27186.3], [2.0364, 72515.1], [2.0365, 26200.0], [2.0366, 13780.4], [2.0367, 20000.2], [2.0368, 30696.2], [2.0369, 75300.5], [2.037, 17118.9], [2.0371, 13325.3], [2.0372, 9656.9], [2.0373, 26579.9], [2.0374, 17298.1], [2.0375, 41840.1]], "timestamp": "2025-12-13T09:13:56.803203+00:00"}, {"symbol": "XRPUSDT", "bids": [[2.0352, 31656.4], [2.0351, 19722.6], [2.035, 27316.3], [2.0349, 26399.1], [2.0348, 32227.2], [2.0347, 55567.7], [2.0346, 34316.4], [2.0345, 20020.4], [2.0344, 48430.6], [2.0343, 17403.9], [2.0342, 59511.4], [2.0341, 31155.6], [2.034, 13524.3], [2.0339, 23774.3], [2.0338, 17238.1], [2.0337, 20210.5], [2.0336, 44079.6], [2.0335, 31291.1], [2.0334, 16325.1], [2.0333, 29924.6]], "asks": [[2.0353, 3659.9], [2.0354, 9395.8], [2.0355, 13633.5], [2.0356, 20785.0], [2.0357, 27752.2], [2.0358, 53264.7], [2.0359, 40378.7], [2.036, 17338.5], [2.0361, 21619.7], [2.0362, 41332.1], [2.0363, 32910.8], [2.0364, 58682.1], [2.0365, 17036.3], [2.0366, 14808.7], [2.0367, 23523.8], [2.0368, 33201.1], [2.0369, 76865.2], [2.037, 47443.4], [2.0371, 24012.5], [2.0372, 24978.8]], "timestamp": "2025-12-13T09:14:51.076180+00:00"}, {"symbol": "XRPUSDT", "bids": [[2.0347, 8383.5], [2.0346, 2805.0], [2.0345, 16653.0], [2.0344, 32931.7], [2.0343, 24727.5], [2.0342, 39925.6], [2.0341, 34189.4], [2.034, 40090.3], [2.0339, 35340.6], [2.0338, 38389.1], [2.0337, 35431.3], [2.0336, 49377.1], [2.0335, 34351.1], [2.0334, 16960.3], [2.0333, 26270.9], [2.0332, 29752.6], [2.0331, 56948.6], [2.033, 19084.6], [2.0329, 20662.6], [2.0328, 34736.1]], "asks": [[2.0348, 20628.5], [2.0349, 17735.0], [2.035, 28979.3], [2.0351, 27135.7], [2.0352, 43363.8], [2.0353, 29898.5], [2.0354, 20903.8], [2.0355, 26917.6], [2.0356, 34291.5], [2.0357, 47938.6], [2.0358, 28009.4], [2.0359, 25136.7], [2.036, 34419.4], [2.0361, 18218.5], [2.0362, 31320.4], [2.0363, 33493.6], [2.0364, 44255.8], [2.0365, 23259.5], [2.0366, 82074.9], [2.0367, 20002.6]], "timestamp": "2025-12-13T09:15:44.836764+00:00"}, {"symbol": "XRPUSDT", "bids": [[2.0355, 13762.7], [2.0354, 22929.3], [2.0353, 35276.1], [2.0352, 41130.5], [2.0351, 37855.9], [2.035, 49884.2], [2.0349, 42228.2], [2.0348, 46299.8], [2.0347, 51683.2], [2.0346, 60022.9], [2.0345, 37770.0], [2.0344, 35252.0], [2.0343, 24669.8], [2.0342, 50843.0], [2.0341, 35248.5], [2.034, 9758.9], [2.0339, 29992.1], [2.0338, 17367.9], [2.0337, 23200.5], [2.0336, 51359.4]], "asks": [[2.0356, 8898.7], [2.0357, 7819.5], [2.0358, 15596.4], [2.0359, 16510.8], [2.036, 25674.6], [2.0361, 21235.1], [2.0362, 33255.4], [2.0363, 40120.8], [2.0364, 60118.2], [2.0365, 19334.7], [2.0366, 10004.1], [2.0367, 25150.4], [2.0368, 22670.1], [2.0369, 82100.6], [2.037, 11585.0], [2.0371, 21394.7], [2.0372, 6710.8], [2.0373, 18548.7], [2.0374, 22150.9], [2.0375, 56818.6]], "timestamp": "2025-12-13T09:16:39.313856+00:00"}, {"symbol": "XRPUSDT", "bids": [[2.0366, 15257.7], [2.0365, 8258.1], [2.0364, 11050.6], [2.0363, 25595.2], [2.0362, 49973.5], [2.0361, 34841.8], [2.036, 48684.1], [2.0359, 44854.1], [2.0358, 21701.9], [2.0357, 65097.0], [2.0356, 34107.5], [2.0355, 24946.0], [2.0354, 16061.7], [2.0353, 26411.0], [2.0352, 44838.9], [2.0351, 14158.3], [2.035, 20713.4], [2.0349, 27711.1], [2.0348, 40216.0], [2.0347, 43212.5]], "asks": [[2.0367, 10323.4], [2.0368, 13816.4], [2.0369, 16760.1], [2.037, 29142.4], [2.0371, 18273.9], [2.0372, 13405.7], [2.0373, 21166.5], [2.0374, 24931.6], [2.0375, 31504.4], [2.0376, 53371.0], [2.0377, 30578.1], [2.0378, 22869.2], [2.0379, 28733.9], [2.038, 26654.0], [2.0381, 46522.0], [2.0382, 27550.7], [2.0383, 21431.6], [2.0384, 23704.7], [2.0385, 33168.2], [2.0386, 78299.3]], "timestamp": "2025-12-13T09:17:32.784016+00:00"}, {"symbol": "XRPUSDT", "bids": [[2.0362, 8522.1], [2.0361, 13590.2], [2.036, 20543.6], [2.0359, 9035.6], [2.0358, 22391.3], [2.0357, 36493.7], [2.0356, 36671.0], [2.0355, 14347.7], [2.0354, 25843.5], [2.0353, 39724.4], [2.0352, 54875.5], [2.0351, 20557.7], [2.035, 27747.6], [2.0349, 25807.8], [2.0348, 31540.5], [2.0347, 34966.3], [2.0346, 29518.5], [2.0345, 14523.1], [2.0344, 7150.5], [2.0343, 30193.2]], "asks": [[2.0363, 10917.0], [2.0364, 17440.3], [2.0365, 23717.9], [2.0366, 36808.3], [2.0367, 35485.1], [2.0368, 33166.2], [2.0369, 29971.5], [2.037, 25637.8], [2.0371, 64389.6], [2.0372, 17156.4], [2.0373, 26634.2], [2.0374, 11337.9], [2.0375, 24299.3], [2.0376, 43249.1], [2.0377, 30485.3], [2.0378, 17765.2], [2.0379, 32613.6], [2.038, 46720.0], [2.0381, 61365.6], [2.0382, 30404.0]], "timestamp": "2025-12-13T09:18:26.135631+00:00"}, {"symbol": "XRPUSDT", "bids": [[2.0362, 4716.4], [2.0361, 8522.4], [2.036, 26678.8], [2.0359, 13746.6], [2.0358, 26717.4], [2.0357, 41408.4], [2.0356, 35606.9], [2.0355, 14892.1], [2.0354, 26117.3], [2.0353, 39541.8], [2.0352, 55323.0], [2.0351, 17091.2], [2.035, 25583.8], [2.0349, 25953.4], [2.0348, 31596.6], [2.0347, 35949.6], [2.0346, 34785.0], [2.0345, 13592.8], [2.0344, 7953.8], [2.0343, 34276.2]], "asks": [[2.0363, 19986.3], [2.0364, 16035.9], [2.0365, 25493.2], [2.0366, 25615.2], [2.0367, 37997.0], [2.0368, 41975.0], [2.0369, 28503.9], [2.037, 36024.8], [2.0371, 59915.4], [2.0372, 18222.9], [2.0373, 27438.0], [2.0374, 9010.7], [2.0375, 25175.6], [2.0376, 47618.4], [2.0377, 52297.7], [2.0378, 11767.4], [2.0379, 33212.3], [2.038, 51041.1], [2.0381, 61414.8], [2.0382, 31366.8]], "timestamp": "2025-12-13T09:19:19.676136+00:00"}, {"symbol": "XRPUSDT", "bids": [[2.036, 32954.7], [2.0359, 13407.4], [2.0358, 24653.6], [2.0357, 37656.0], [2.0356, 27438.2], [2.0355, 20521.2], [2.0354, 29707.8], [2.0353, 47955.4], [2.0352, 59151.2], [2.0351, 17473.5], [2.035, 25620.4], [2.0349, 26428.0], [2.0348, 32644.3], [2.0347, 34867.8], [2.0346, 34214.4], [2.0345, 14180.4], [2.0344, 14881.4], [2.0343, 28065.9], [2.0342, 45839.2], [2.0341, 22340.9]], "asks": [[2.0361, 2028.9], [2.0362, 7566.5], [2.0363, 9949.0], [2.0364, 19566.6], [2.0365, 30539.1], [2.0366, 73399.7], [2.0367, 35745.6], [2.0368, 30533.6], [2.0369, 30253.2], [2.037, 34536.2], [2.0371, 63250.2], [2.0372, 18742.2], [2.0373, 25935.6], [2.0374, 11372.1], [2.0375, 41472.8], [2.0376, 42050.2], [2.0377, 33514.3], [2.0378, 17850.0], [2.0379, 41013.3], [2.038, 50200.5]], "timestamp": "2025-12-13T09:20:13.230071+00:00"}, {"symbol": "XRPUSDT", "bids": [[2.0362, 23319.7], [2.0361, 9888.8], [2.036, 27009.0], [2.0359, 19273.6], [2.0358, 27972.1], [2.0357, 55600.5], [2.0356, 61071.0], [2.0355, 24486.5], [2.0354, 14766.2], [2.0353, 38982.0], [2.0352, 48213.6], [2.0351, 16711.4], [2.035, 22471.5], [2.0349, 24771.6], [2.0348, 33332.1], [2.0347, 44064.9], [2.0346, 24533.2], [2.0345, 15411.0], [2.0344, 24743.6], [2.0343, 25781.9]], "asks": [[2.0363, 2420.3], [2.0364, 9876.3], [2.0365, 18915.5], [2.0366, 11747.7], [2.0367, 24630.0], [2.0368, 33194.8], [2.0369, 24230.5], [2.037, 26305.1], [2.0371, 70184.0], [2.0372, 18682.3], [2.0373, 18802.9], [2.0374, 12917.2], [2.0375, 25864.9], [2.0376, 46767.8], [2.0377, 44204.3], [2.0378, 33099.0], [2.0379, 40195.1], [2.038, 37581.2], [2.0381, 56297.4], [2.0382, 24429.4]], "timestamp": "2025-12-13T09:21:07.729956+00:00"}, {"symbol": "XRPUSDT", "bids": [[2.0362, 28052.6], [2.0361, 10850.7], [2.036, 30737.1], [2.0359, 16683.8], [2.0358, 28055.0], [2.0357, 54212.1], [2.0356, 60770.4], [2.0355, 22251.3], [2.0354, 22162.4], [2.0353, 27960.0], [2.0352, 45552.4], [2.0351, 20255.7], [2.035, 22834.0], [2.0349, 25077.3], [2.0348, 32880.2], [2.0347, 38292.9], [2.0346, 31464.0], [2.0345, 14298.0], [2.0344, 21664.2], [2.0343, 28206.7]], "asks": [[2.0363, 6912.5], [2.0364, 5241.1], [2.0365, 20073.0], [2.0366, 12270.8], [2.0367, 19323.0], [2.0368, 33980.1], [2.0369, 24879.8], [2.037, 33408.4], [2.0371, 64465.8], [2.0372, 25250.9], [2.0373, 19043.3], [2.0374, 11904.7], [2.0375, 28305.6], [2.0376, 45989.7], [2.0377, 46999.5], [2.0378, 22175.7], [2.0379, 38508.1], [2.038, 34686.0], [2.0381, 47142.9], [2.0382, 33987.4]], "timestamp": "2025-12-13T09:22:02.334403+00:00"}, {"symbol": "XRPUSDT", "bids": [[2.0366, 1427.7], [2.0365, 3260.5], [2.0364, 9246.9], [2.0363, 23613.5], [2.0362, 27166.1], [2.0361, 46172.2], [2.036, 44500.8], [2.0359, 29191.6], [2.0358, 35721.9], [2.0357, 61711.8], [2.0356, 38995.1], [2.0355, 22254.1], [2.0354, 26642.4], [2.0353, 29268.2], [2.0352, 40418.3], [2.0351, 32321.1], [2.035, 30267.7], [2.0349, 27857.1], [2.0348, 37869.8], [2.0347, 45466.1]], "asks": [[2.0367, 44289.2], [2.0368, 26390.6], [2.0369, 22140.2], [2.037, 31167.4], [2.0371, 34914.9], [2.0372, 23873.1], [2.0373, 15015.2], [2.0374, 21392.3], [2.0375, 38438.6], [2.0376, 53778.9], [2.0377, 30446.6], [2.0378, 9588.2], [2.0379, 30234.8], [2.038, 33696.8], [2.0381, 44558.3], [2.0382, 30039.6], [2.0383, 17798.0], [2.0384, 19158.7], [2.0385, 92838.9], [2.0386, 98549.1]], "timestamp": "2025-12-13T09:22:57.277169+00:00"}, {"symbol": "XRPUSDT", "bids": [[2.036, 15957.4], [2.0359, 12182.3], [2.0358, 12623.3], [2.0357, 13467.0], [2.0356, 25017.7], [2.0355, 29560.5], [2.0354, 24627.5], [2.0353, 43280.6], [2.0352, 69335.0], [2.0351, 37510.3], [2.035, 33491.3], [2.0349, 23858.3], [2.0348, 35945.7], [2.0347, 41814.1], [2.0346, 25973.6], [2.0345, 23637.9], [2.0344, 22982.9], [2.0343, 32524.4], [2.0342, 46468.1], [2.0341, 39101.3]], "asks": [[2.0361, 10598.2], [2.0362, 10144.3], [2.0363, 14454.7], [2.0364, 25093.6], [2.0365, 38886.9], [2.0366, 68707.2], [2.0367, 31295.5], [2.0368, 33612.4], [2.0369, 19425.7], [2.037, 36857.6], [2.0371, 53769.7], [2.0372, 26497.3], [2.0373, 15975.6], [2.0374, 7975.7], [2.0375, 25426.2], [2.0376, 65317.3], [2.0377, 23691.9], [2.0378, 27439.7], [2.0379, 61748.6], [2.038, 60090.4]], "timestamp": "2025-12-13T09:23:52.061388+00:00"}, {"symbol": "XRPUSDT", "bids": [[2.0358, 25314.3], [2.0357, 14095.8], [2.0356, 8398.5], [2.0355, 15093.9], [2.0354, 29270.9], [2.0353, 32479.7], [2.0352, 39272.2], [2.0351, 43994.2], [2.035, 43391.9], [2.0349, 45498.7], [2.0348, 37869.9], [2.0347, 42285.2], [2.0346, 24497.8], [2.0345, 30000.6], [2.0344, 17077.2], [2.0343, 25959.9], [2.0342, 54558.1], [2.0341, 30718.2], [2.034, 33094.3], [2.0339, 37713.6]], "asks": [[2.0359, 15487.6], [2.036, 6975.3], [2.0361, 16981.4], [2.0362, 19246.6], [2.0363, 23851.4], [2.0364, 28550.8], [2.0365, 50986.3], [2.0366, 57000.5], [2.0367, 20163.8], [2.0368, 26159.9], [2.0369, 16291.8], [2.037, 19149.8], [2.0371, 55169.6], [2.0372, 25543.2], [2.0373, 26946.8], [2.0374, 16485.6], [2.0375, 44836.8], [2.0376, 51614.2], [2.0377, 42523.5], [2.0378, 79566.1]], "timestamp": "2025-12-13T09:24:47.154932+00:00"}, {"symbol": "XRPUSDT", "bids": [[2.0354, 15780.5], [2.0353, 7861.2], [2.0352, 14172.9], [2.0351, 22659.8], [2.035, 30400.3], [2.0349, 23958.8], [2.0348, 40632.0], [2.0347, 68207.3], [2.0346, 34818.2], [2.0345, 25414.0], [2.0344, 18510.7], [2.0343, 27176.3], [2.0342, 50865.3], [2.0341, 30197.1], [2.034, 36416.6], [2.0339, 32793.3], [2.0338, 7246.9], [2.0337, 37391.9], [2.0336, 47583.3], [2.0335, 36993.9]], "asks": [[2.0355, 6881.7], [2.0356, 12166.1], [2.0357, 13318.7], [2.0358, 19222.0], [2.0359, 24613.1], [2.036, 39944.3], [2.0361, 44203.9], [2.0362, 13704.7], [2.0363, 15500.6], [2.0364, 27738.5], [2.0365, 42013.5], [2.0366, 45621.0], [2.0367, 5008.3], [2.0368, 22887.8], [2.0369, 15933.2], [2.037, 33193.0], [2.0371, 55572.3], [2.0372, 25245.1], [2.0373, 105535.1], [2.0374, 41782.8]], "timestamp": "2025-12-13T09:25:41.938654+00:00"}, {"symbol": "XRPUSDT", "bids": [[2.036, 22832.4], [2.0359, 14309.5], [2.0358, 18785.8], [2.0357, 13454.9], [2.0356, 18431.0], [2.0355, 24444.5], [2.0354, 39556.7], [2.0353, 56691.4], [2.0352, 67057.0], [2.0351, 33806.6], [2.035, 19258.2], [2.0349, 34911.1], [2.0348, 17088.0], [2.0347, 50038.9], [2.0346, 22896.9], [2.0345, 27156.5], [2.0344, 14784.2], [2.0343, 24387.8], [2.0342, 52778.4], [2.0341, 31279.5]], "asks": [[2.0361, 13743.7], [2.0362, 8145.4], [2.0363, 12263.4], [2.0364, 17561.9], [2.0365, 28274.0], [2.0366, 45430.7], [2.0367, 15484.8], [2.0368, 44509.3], [2.0369, 17041.3], [2.037, 29960.4], [2.0371, 58370.0], [2.0372, 25980.1], [2.0373, 16971.9], [2.0374, 14091.0], [2.0375, 35769.7], [2.0376, 52040.2], [2.0377, 16617.4], [2.0378, 22663.2], [2.0379, 41290.4], [2.038, 60130.9]], "timestamp": "2025-12-13T09:26:36.555576+00:00"}, {"symbol": "XRPUSDT", "bids": [[2.0359, 14087.0], [2.0358, 9351.4], [2.0357, 15177.5], [2.0356, 14815.4], [2.0355, 32823.8], [2.0354, 32729.4], [2.0353, 58684.4], [2.0352, 66316.0], [2.0351, 50177.9], [2.035, 23265.0], [2.0349, 33443.8], [2.0348, 14220.7], [2.0347, 53551.6], [2.0346, 22950.5], [2.0345, 26456.0], [2.0344, 15552.9], [2.0343, 27012.6], [2.0342, 46681.8], [2.0341, 36757.4], [2.034, 29952.0]], "asks": [[2.036, 20556.5], [2.0361, 16943.0], [2.0362, 10260.8], [2.0363, 11068.3], [2.0364, 26679.8], [2.0365, 35844.2], [2.0366, 49391.4], [2.0367, 9200.8], [2.0368, 39713.1], [2.0369, 17364.3], [2.037, 32375.2], [2.0371, 55119.6], [2.0372, 25719.9], [2.0373, 16852.8], [2.0374, 21766.7], [2.0375, 51745.3], [2.0376, 52001.1], [2.0377, 16573.0], [2.0378, 31936.2], [2.0379, 106261.1]], "timestamp": "2025-12-13T09:27:31.110910+00:00"}, {"symbol": "XRPUSDT", "bids": [[2.0358, 5099.5], [2.0357, 11194.7], [2.0356, 15970.8], [2.0355, 26133.3], [2.0354, 35830.3], [2.0353, 58020.1], [2.0352, 66323.5], [2.0351, 47144.6], [2.035, 10983.4], [2.0349, 40362.7], [2.0348, 18690.7], [2.0347, 52814.0], [2.0346, 22948.2], [2.0345, 26399.8], [2.0344, 19109.9], [2.0343, 23997.3], [2.0342, 46683.9], [2.0341, 36757.6], [2.034, 22374.0], [2.0339, 36935.6]], "asks": [[2.0359, 25832.1], [2.036, 8920.4], [2.0361, 18353.3], [2.0362, 15719.2], [2.0363, 16948.3], [2.0364, 27939.4], [2.0365, 33520.6], [2.0366, 46148.4], [2.0367, 19142.0], [2.0368, 29697.8], [2.0369, 12281.1], [2.037, 30249.8], [2.0371, 55098.0], [2.0372, 26389.0], [2.0373, 21887.7], [2.0374, 34134.0], [2.0375, 27335.8], [2.0376, 48515.2], [2.0377, 21311.7], [2.0378, 33880.5]], "timestamp": "2025-12-13T09:28:25.268315+00:00"}, {"symbol": "XRPUSDT", "bids": [[2.0348, 1027.6], [2.0347, 10653.4], [2.0346, 9633.8], [2.0345, 17186.6], [2.0344, 19243.2], [2.0343, 24300.9], [2.0342, 68904.3], [2.0341, 49307.3], [2.034, 10768.8], [2.0339, 32314.2], [2.0338, 27103.4], [2.0337, 34307.3], [2.0336, 53992.9], [2.0335, 33405.0], [2.0334, 14050.2], [2.0333, 26699.8], [2.0332, 41719.4], [2.0331, 53400.5], [2.033, 31604.0], [2.0329, 57289.8]], "asks": [[2.0349, 57712.9], [2.035, 17165.5], [2.0351, 14525.0], [2.0352, 14817.3], [2.0353, 25752.6], [2.0354, 15691.4], [2.0355, 31097.7], [2.0356, 25205.8], [2.0357, 28556.3], [2.0358, 29838.3], [2.0359, 28197.9], [2.036, 41492.0], [2.0361, 26111.8], [2.0362, 17234.8], [2.0363, 28356.5], [2.0364, 17734.9], [2.0365, 37591.0], [2.0366, 69988.8], [2.0367, 21371.3], [2.0368, 91581.6]], "timestamp": "2025-12-13T09:29:19.470681+00:00"}, {"symbol": "XRPUSDT", "bids": [[2.0345, 13861.5], [2.0344, 5984.0], [2.0343, 11794.7], [2.0342, 43777.8], [2.0341, 15797.9], [2.034, 30139.6], [2.0339, 41225.2], [2.0338, 36279.5], [2.0337, 45536.8], [2.0336, 66430.7], [2.0335, 34341.2], [2.0334, 20422.5], [2.0333, 25087.7], [2.0332, 38126.8], [2.0331, 55414.6], [2.033, 20632.7], [2.0329, 21306.2], [2.0328, 25781.5], [2.0327, 19995.0], [2.0326, 69389.9]], "asks": [[2.0346, 16867.0], [2.0347, 12879.8], [2.0348, 21563.6], [2.0349, 27840.0], [2.035, 23263.4], [2.0351, 18669.4], [2.0352, 17777.6], [2.0353, 21494.0], [2.0354, 51218.0], [2.0355, 48910.5], [2.0356, 13595.1], [2.0357, 14656.0], [2.0358, 20840.2], [2.0359, 21852.9], [2.036, 44360.7], [2.0361, 25947.4], [2.0362, 32005.6], [2.0363, 23815.8], [2.0364, 24148.9], [2.0365, 46735.2]], "timestamp": "2025-12-13T09:30:12.839223+00:00"}, {"symbol": "XRPUSDT", "bids": [[2.0373, 45196.8], [2.0372, 15103.5], [2.0371, 15328.4], [2.037, 19350.2], [2.0369, 30197.1], [2.0368, 27091.3], [2.0367, 63369.4], [2.0366, 16818.4], [2.0365, 31209.7], [2.0364, 51412.1], [2.0363, 52008.7], [2.0362, 53451.8], [2.0361, 35304.5], [2.036, 33624.1], [2.0359, 40656.3], [2.0358, 22573.5], [2.0357, 41510.2], [2.0356, 38795.0], [2.0355, 12689.7], [2.0354, 21260.8]], "asks": [[2.0374, 4278.8], [2.0375, 8245.2], [2.0376, 6170.4], [2.0377, 9753.4], [2.0378, 11871.1], [2.0379, 15633.4], [2.038, 47484.3], [2.0381, 47205.0], [2.0382, 18828.6], [2.0383, 19924.5], [2.0384, 30108.1], [2.0385, 31882.7], [2.0386, 65004.3], [2.0387, 12779.4], [2.0388, 12640.3], [2.0389, 19003.8], [2.039, 34009.8], [2.0391, 48697.6], [2.0392, 50831.4], [2.0393, 27617.3]], "timestamp": "2025-12-13T09:31:07.062371+00:00"}, {"symbol": "XRPUSDT", "bids": [[2.0375, 4669.9], [2.0374, 703.3], [2.0373, 11902.3], [2.0372, 49082.3], [2.0371, 14933.9], [2.037, 38499.1], [2.0369, 27425.9], [2.0368, 44281.8], [2.0367, 80892.0], [2.0366, 21036.8], [2.0365, 17223.5], [2.0364, 31881.8], [2.0363, 50934.3], [2.0362, 49812.2], [2.0361, 24907.6], [2.036, 17952.2], [2.0359, 33142.5], [2.0358, 29080.1], [2.0357, 126639.5], [2.0356, 40637.0]], "asks": [[2.0376, 36746.3], [2.0377, 13487.9], [2.0378, 11904.1], [2.0379, 12785.0], [2.038, 21599.0], [2.0381, 25738.3], [2.0382, 19368.4], [2.0383, 25286.7], [2.0384, 34902.2], [2.0385, 28923.3], [2.0386, 70988.2], [2.0387, 17358.3], [2.0388, 10616.2], [2.0389, 21626.9], [2.039, 13850.5], [2.0391, 51959.4], [2.0392, 54522.9], [2.0393, 38964.6], [2.0394, 32621.2], [2.0395, 11853.3]], "timestamp": "2025-12-13T09:32:00.004783+00:00"}, {"symbol": "XRPUSDT", "bids": [[2.0369, 1062.7], [2.0368, 9294.6], [2.0367, 33610.6], [2.0366, 9039.5], [2.0365, 24178.7], [2.0364, 32860.3], [2.0363, 77551.2], [2.0362, 48264.4], [2.0361, 35293.0], [2.036, 15991.6], [2.0359, 34852.6], [2.0358, 29919.0], [2.0357, 43513.8], [2.0356, 38951.2], [2.0355, 12634.3], [2.0354, 24055.4], [2.0353, 23312.7], [2.0352, 53786.6], [2.0351, 27754.2], [2.035, 143720.5]], "asks": [[2.037, 35987.3], [2.0371, 17021.3], [2.0372, 13689.9], [2.0373, 16442.2], [2.0374, 19621.8], [2.0375, 21566.6], [2.0376, 25953.7], [2.0377, 8761.1], [2.0378, 17059.7], [2.0379, 32517.3], [2.038, 43924.1], [2.0381, 23896.5], [2.0382, 16621.9], [2.0383, 29861.1], [2.0384, 21218.4], [2.0385, 25370.0], [2.0386, 72632.4], [2.0387, 14381.5], [2.0388, 12644.9], [2.0389, 39961.3]], "timestamp": "2025-12-13T09:32:53.667419+00:00"}, {"symbol": "XRPUSDT", "bids": [[2.035, 17584.1], [2.0349, 7302.9], [2.0348, 19272.9], [2.0347, 33065.3], [2.0346, 23667.3], [2.0345, 25001.1], [2.0344, 46495.5], [2.0343, 31060.6], [2.0342, 47278.7], [2.0341, 50897.0], [2.034, 20102.2], [2.0339, 33000.9], [2.0338, 18250.8], [2.0337, 29711.7], [2.0336, 66425.1], [2.0335, 26134.9], [2.0334, 26646.2], [2.0333, 25399.3], [2.0332, 59340.7], [2.0331, 67924.0]], "asks": [[2.0351, 27866.3], [2.0352, 9806.6], [2.0353, 11167.5], [2.0354, 14345.8], [2.0355, 11282.5], [2.0356, 16756.4], [2.0357, 11663.6], [2.0358, 19749.5], [2.0359, 47585.6], [2.036, 57853.1], [2.0361, 58661.8], [2.0362, 27340.3], [2.0363, 20245.5], [2.0364, 18629.7], [2.0365, 52426.9], [2.0366, 8744.3], [2.0367, 17288.9], [2.0368, 21893.9], [2.0369, 53714.8], [2.037, 56042.8]], "timestamp": "2025-12-13T09:33:47.832471+00:00"}, {"symbol": "XRPUSDT", "bids": [[2.0353, 21157.8], [2.0352, 8019.6], [2.0351, 20259.3], [2.035, 9085.7], [2.0349, 10173.2], [2.0348, 23233.8], [2.0347, 60782.0], [2.0346, 41185.8], [2.0345, 26888.2], [2.0344, 36235.8], [2.0343, 27440.2], [2.0342, 42703.0], [2.0341, 57550.0], [2.034, 21126.9], [2.0339, 30246.5], [2.0338, 11219.4], [2.0337, 35506.9], [2.0336, 64358.9], [2.0335, 23472.8], [2.0334, 22159.1]], "asks": [[2.0354, 38823.5], [2.0355, 3297.0], [2.0356, 12927.7], [2.0357, 26705.9], [2.0358, 16216.8], [2.0359, 15506.7], [2.036, 20554.7], [2.0361, 12863.8], [2.0362, 19940.0], [2.0363, 21478.1], [2.0364, 35489.6], [2.0365, 46788.8], [2.0366, 12042.2], [2.0367, 17624.0], [2.0368, 23688.2], [2.0369, 50638.6], [2.037, 53389.0], [2.0371, 29162.9], [2.0372, 73991.8], [2.0373, 5663.6]], "timestamp": "2025-12-13T09:34:41.627087+00:00"}, {"symbol": "XRPUSDT", "bids": [[2.0339, 23287.7], [2.0338, 33878.2], [2.0337, 24273.9], [2.0336, 17939.9], [2.0335, 21535.6], [2.0334, 26963.0], [2.0333, 25662.6], [2.0332, 32725.5], [2.0331, 66326.4], [2.033, 17535.7], [2.0329, 26664.9], [2.0328, 31086.4], [2.0327, 25921.2], [2.0326, 51910.9], [2.0325, 19746.3], [2.0324, 15773.8], [2.0323, 18810.6], [2.0322, 26543.4], [2.0321, 58251.5], [2.032, 36324.5]], "asks": [[2.034, 12726.7], [2.0341, 9998.2], [2.0342, 18914.8], [2.0343, 12396.9], [2.0344, 23690.9], [2.0345, 19239.2], [2.0346, 19199.5], [2.0347, 56545.6], [2.0348, 42940.9], [2.0349, 34240.6], [2.035, 8846.3], [2.0351, 27207.2], [2.0352, 28328.5], [2.0353, 53925.1], [2.0354, 57339.4], [2.0355, 35895.6], [2.0356, 35147.1], [2.0357, 32310.4], [2.0358, 34826.4], [2.0359, 53040.2]], "timestamp": "2025-12-13T09:35:35.149404+00:00"}, {"symbol": "XRPUSDT", "bids": [[2.0351, 22848.8], [2.035, 13267.2], [2.0349, 17361.0], [2.0348, 17927.2], [2.0347, 21470.4], [2.0346, 44263.5], [2.0345, 29269.9], [2.0344, 31880.7], [2.0343, 47043.0], [2.0342, 42616.8], [2.0341, 53831.5], [2.034, 19682.9], [2.0339, 22379.5], [2.0338, 24531.4], [2.0337, 24233.3], [2.0336, 47287.4], [2.0335, 22432.2], [2.0334, 26316.5], [2.0333, 14312.2], [2.0332, 25890.6]], "asks": [[2.0352, 8889.0], [2.0353, 18272.9], [2.0354, 16773.6], [2.0355, 11615.1], [2.0356, 16256.1], [2.0357, 28195.8], [2.0358, 32441.2], [2.0359, 47454.8], [2.036, 51003.7], [2.0361, 36901.9], [2.0362, 39811.1], [2.0363, 17127.0], [2.0364, 34477.7], [2.0365, 52219.3], [2.0366, 22208.3], [2.0367, 27155.1], [2.0368, 23854.7], [2.0369, 60690.9], [2.037, 66984.5], [2.0371, 38534.5]], "timestamp": "2025-12-13T09:36:28.500120+00:00"}, {"symbol": "XRPUSDT", "bids": [[2.0358, 20100.1], [2.0357, 16514.8], [2.0356, 28148.9], [2.0355, 35632.9], [2.0354, 35494.2], [2.0353, 42554.1], [2.0352, 87517.1], [2.0351, 64156.8], [2.035, 39435.9], [2.0349, 28131.4], [2.0348, 18468.7], [2.0347, 33792.8], [2.0346, 35481.2], [2.0345, 13790.6], [2.0344, 7292.7], [2.0343, 29323.5], [2.0342, 33781.4], [2.0341, 47142.4], [2.034, 41836.4], [2.0339, 17424.5]], "asks": [[2.0359, 3040.6], [2.036, 7937.5], [2.0361, 11329.8], [2.0362, 18360.1], [2.0363, 20172.2], [2.0364, 55301.6], [2.0365, 44910.5], [2.0366, 17584.0], [2.0367, 28077.7], [2.0368, 24992.2], [2.0369, 56341.3], [2.037, 51629.6], [2.0371, 18293.6], [2.0372, 32512.4], [2.0373, 9736.6], [2.0374, 37352.8], [2.0375, 45076.0], [2.0376, 40659.7], [2.0377, 45657.3], [2.0378, 43724.2]], "timestamp": "2025-12-13T09:37:21.953641+00:00"}, {"symbol": "XRPUSDT", "bids": [[2.0371, 1276.1], [2.037, 8719.7], [2.0369, 9006.9], [2.0368, 14353.5], [2.0367, 39191.4], [2.0366, 17615.2], [2.0365, 27227.6], [2.0364, 22411.4], [2.0363, 52561.2], [2.0362, 55706.5], [2.0361, 32444.1], [2.036, 27512.5], [2.0359, 25355.0], [2.0358, 19073.7], [2.0357, 43092.5], [2.0356, 13912.2], [2.0355, 15030.8], [2.0354, 39992.8], [2.0353, 32999.9], [2.0352, 99027.7]], "asks": [[2.0372, 27844.6], [2.0373, 16482.3], [2.0374, 26916.8], [2.0375, 13809.8], [2.0376, 22117.0], [2.0377, 20479.2], [2.0378, 31261.4], [2.0379, 31665.2], [2.038, 47981.8], [2.0381, 42131.7], [2.0382, 16684.5], [2.0383, 27410.8], [2.0384, 14863.8], [2.0385, 33750.6], [2.0386, 66867.4], [2.0387, 27274.6], [2.0388, 21157.9], [2.0389, 41592.1], [2.039, 103167.6], [2.0391, 52630.0]], "timestamp": "2025-12-13T09:38:15.102192+00:00"}, {"symbol": "XRPUSDT", "bids": [[2.0371, 232.8], [2.037, 771.9], [2.0369, 6614.8], [2.0368, 11862.1], [2.0367, 11980.7], [2.0366, 18737.4], [2.0365, 25257.8], [2.0364, 29751.5], [2.0363, 25511.3], [2.0362, 68220.4], [2.0361, 12792.3], [2.036, 39148.5], [2.0359, 28812.6], [2.0358, 23803.9], [2.0357, 44513.7], [2.0356, 12304.1], [2.0355, 21329.4], [2.0354, 31410.8], [2.0353, 28067.5], [2.0352, 72762.8]], "asks": [[2.0372, 29914.6], [2.0373, 31492.4], [2.0374, 27421.3], [2.0375, 41858.8], [2.0376, 29295.0], [2.0377, 18781.0], [2.0378, 33035.6], [2.0379, 30302.0], [2.038, 32730.2], [2.0381, 46927.2], [2.0382, 15011.4], [2.0383, 30591.9], [2.0384, 15303.0], [2.0385, 33307.8], [2.0386, 72752.3], [2.0387, 24189.1], [2.0388, 16431.7], [2.0389, 33361.3], [2.039, 31929.4], [2.0391, 46729.2]], "timestamp": "2025-12-13T09:39:08.371135+00:00"}, {"symbol": "XRPUSDT", "bids": [[2.0371, 26446.2], [2.037, 13577.2], [2.0369, 22867.2], [2.0368, 31406.6], [2.0367, 34128.1], [2.0366, 19666.8], [2.0365, 31979.0], [2.0364, 19514.3], [2.0363, 31959.0], [2.0362, 69451.4], [2.0361, 22336.3], [2.036, 24361.1], [2.0359, 27171.8], [2.0358, 22237.0], [2.0357, 49253.3], [2.0356, 20216.6], [2.0355, 19176.7], [2.0354, 28621.5], [2.0353, 32857.1], [2.0352, 70487.5]], "asks": [[2.0372, 13616.8], [2.0373, 10979.1], [2.0374, 22491.1], [2.0375, 22275.0], [2.0376, 32069.1], [2.0377, 13982.0], [2.0378, 40086.0], [2.0379, 34892.6], [2.038, 36895.3], [2.0381, 57804.9], [2.0382, 9633.9], [2.0383, 38580.2], [2.0384, 22477.9], [2.0385, 34920.0], [2.0386, 71673.5], [2.0387, 37662.9], [2.0388, 25111.5], [2.0389, 23281.9], [2.039, 40929.6], [2.0391, 46086.6]], "timestamp": "2025-12-13T09:40:02.629816+00:00"}, {"symbol": "XRPUSDT", "bids": [[2.0376, 10591.5], [2.0375, 5179.7], [2.0374, 6992.8], [2.0373, 14081.0], [2.0372, 10138.6], [2.0371, 22826.0], [2.037, 28312.9], [2.0369, 67217.1], [2.0368, 60802.6], [2.0367, 26933.8], [2.0366, 32592.3], [2.0365, 15557.1], [2.0364, 20915.8], [2.0363, 21134.6], [2.0362, 49846.7], [2.0361, 15198.2], [2.036, 20775.1], [2.0359, 31226.3], [2.0358, 25315.1], [2.0357, 54019.5]], "asks": [[2.0377, 43296.9], [2.0378, 34035.4], [2.0379, 12736.4], [2.038, 19561.2], [2.0381, 12975.0], [2.0382, 20726.3], [2.0383, 29341.5], [2.0384, 23882.9], [2.0385, 42675.9], [2.0386, 67165.8], [2.0387, 24394.1], [2.0388, 17629.1], [2.0389, 24990.8], [2.039, 21464.9], [2.0391, 50213.7], [2.0392, 50866.6], [2.0393, 33826.2], [2.0394, 26134.4], [2.0395, 22804.9], [2.0396, 103589.8]], "timestamp": "2025-12-13T09:40:56.448801+00:00"}, {"symbol": "XRPUSDT", "bids": [[2.0377, 24647.7], [2.0376, 17492.4], [2.0375, 24278.6], [2.0374, 29731.5], [2.0373, 62489.8], [2.0372, 36937.3], [2.0371, 25396.0], [2.037, 25841.7], [2.0369, 37071.2], [2.0368, 55871.1], [2.0367, 55591.8], [2.0366, 20515.8], [2.0365, 4466.3], [2.0364, 16660.8], [2.0363, 18658.6], [2.0362, 50818.8], [2.0361, 13357.2], [2.036, 32977.9], [2.0359, 31465.9], [2.0358, 22256.0]], "asks": [[2.0378, 1135.9], [2.0379, 10839.2], [2.038, 17977.6], [2.0381, 12704.3], [2.0382, 14466.3], [2.0383, 19823.3], [2.0384, 20915.9], [2.0385, 30026.7], [2.0386, 69048.6], [2.0387, 26083.9], [2.0388, 13604.1], [2.0389, 32775.5], [2.039, 26977.2], [2.0391, 39006.0], [2.0392, 43688.8], [2.0393, 26615.4], [2.0394, 28847.7], [2.0395, 8446.7], [2.0396, 32955.9], [2.0397, 40054.7]], "timestamp": "2025-12-13T09:41:50.449933+00:00"}, {"symbol": "XRPUSDT", "bids": [[2.0376, 1341.3], [2.0375, 8345.5], [2.0374, 14527.9], [2.0373, 16175.7], [2.0372, 26428.8], [2.0371, 20202.8], [2.037, 33957.7], [2.0369, 29313.1], [2.0368, 56416.3], [2.0367, 49451.4], [2.0366, 24969.1], [2.0365, 9536.1], [2.0364, 19776.5], [2.0363, 22169.3], [2.0362, 57969.7], [2.0361, 14720.6], [2.036, 20517.2], [2.0359, 30262.8], [2.0358, 35087.6], [2.0357, 73275.6]], "asks": [[2.0377, 28006.0], [2.0378, 14428.3], [2.0379, 21925.6], [2.038, 27256.3], [2.0381, 24151.1], [2.0382, 16309.0], [2.0383, 31894.7], [2.0384, 24542.7], [2.0385, 41788.1], [2.0386, 63953.2], [2.0387, 14531.7], [2.0388, 11195.3], [2.0389, 20760.9], [2.039, 21523.1], [2.0391, 37454.3], [2.0392, 58333.5], [2.0393, 33204.1], [2.0394, 88747.9], [2.0395, 13185.4], [2.0396, 29783.0]], "timestamp": "2025-12-13T09:42:44.524810+00:00"}, {"symbol": "XRPUSDT", "bids": [[2.0379, 29461.4], [2.0378, 23783.2], [2.0377, 27021.8], [2.0376, 19623.7], [2.0375, 25988.7], [2.0374, 35512.2], [2.0373, 24527.8], [2.0372, 69393.0], [2.0371, 28369.3], [2.037, 30740.1], [2.0369, 12365.7], [2.0368, 41684.1], [2.0367, 51224.2], [2.0366, 21120.6], [2.0365, 6626.7], [2.0364, 16848.3], [2.0363, 28829.8], [2.0362, 65803.6], [2.0361, 11730.3], [2.036, 29975.6]], "asks": [[2.038, 1842.3], [2.0381, 6364.9], [2.0382, 10269.4], [2.0383, 14092.2], [2.0384, 27262.9], [2.0385, 27300.6], [2.0386, 74499.1], [2.0387, 20870.2], [2.0388, 11690.8], [2.0389, 29332.6], [2.039, 16838.8], [2.0391, 36687.3], [2.0392, 44993.2], [2.0393, 28293.1], [2.0394, 26859.5], [2.0395, 18591.3], [2.0396, 39624.8], [2.0397, 40128.0], [2.0398, 30461.1], [2.0399, 102862.3]], "timestamp": "2025-12-13T09:43:38.790162+00:00"}, {"symbol": "XRPUSDT", "bids": [[2.0378, 27213.6], [2.0377, 17219.9], [2.0376, 13769.6], [2.0375, 16755.1], [2.0374, 28620.1], [2.0373, 48315.4], [2.0372, 40141.6], [2.0371, 33026.9], [2.037, 38750.9], [2.0369, 23018.7], [2.0368, 38905.5], [2.0367, 49606.7], [2.0366, 19555.5], [2.0365, 6209.6], [2.0364, 18213.8], [2.0363, 24949.9], [2.0362, 62754.1], [2.0361, 17885.6], [2.036, 22647.9], [2.0359, 23405.2]], "asks": [[2.0379, 9925.1], [2.038, 7627.0], [2.0381, 8977.0], [2.0382, 8126.9], [2.0383, 16987.5], [2.0384, 27065.6], [2.0385, 35105.1], [2.0386, 69057.5], [2.0387, 30579.9], [2.0388, 14299.2], [2.0389, 17098.6], [2.039, 20004.9], [2.0391, 37707.3], [2.0392, 50162.6], [2.0393, 28710.3], [2.0394, 35950.4], [2.0395, 26619.6], [2.0396, 33210.3], [2.0397, 40978.9], [2.0398, 39666.5]], "timestamp": "2025-12-13T09:44:32.857907+00:00"}, {"symbol": "XRPUSDT", "bids": [[2.0366, 961.9], [2.0365, 3645.5], [2.0364, 10137.1], [2.0363, 9421.0], [2.0362, 13043.6], [2.0361, 11232.8], [2.036, 24780.7], [2.0359, 20963.9], [2.0358, 18618.4], [2.0357, 22739.9], [2.0356, 27729.5], [2.0355, 21287.7], [2.0354, 30455.3], [2.0353, 44890.4], [2.0352, 70535.1], [2.0351, 64299.0], [2.035, 34562.4], [2.0349, 26113.7], [2.0348, 20213.8], [2.0347, 62364.0]], "asks": [[2.0367, 48610.4], [2.0368, 28257.0], [2.0369, 24246.5], [2.037, 27162.2], [2.0371, 41706.4], [2.0372, 43117.0], [2.0373, 10397.8], [2.0374, 32369.1], [2.0375, 68614.4], [2.0376, 17825.8], [2.0377, 40907.9], [2.0378, 41545.1], [2.0379, 48871.7], [2.038, 53957.0], [2.0381, 29241.4], [2.0382, 22886.8], [2.0383, 21419.3], [2.0384, 28480.7], [2.0385, 53583.4], [2.0386, 134491.7]], "timestamp": "2025-12-13T09:45:27.074944+00:00"}, {"symbol": "XRPUSDT", "bids": [[2.0368, 5864.9], [2.0367, 6087.8], [2.0366, 13682.3], [2.0365, 39795.8], [2.0364, 9412.8], [2.0363, 15362.6], [2.0362, 13183.6], [2.0361, 24224.6], [2.036, 29090.2], [2.0359, 24788.8], [2.0358, 25326.2], [2.0357, 32629.9], [2.0356, 37097.3], [2.0355, 23462.3], [2.0354, 30727.7], [2.0353, 32190.6], [2.0352, 73201.1], [2.0351, 62648.0], [2.035, 33221.1], [2.0349, 25710.0]], "asks": [[2.0369, 31468.5], [2.037, 22570.5], [2.0371, 41316.4], [2.0372, 46842.5], [2.0373, 27080.1], [2.0374, 36710.6], [2.0375, 64618.7], [2.0376, 21901.8], [2.0377, 31374.2], [2.0378, 32168.7], [2.0379, 47223.7], [2.038, 45769.0], [2.0381, 35696.9], [2.0382, 13608.0], [2.0383, 35254.8], [2.0384, 46615.7], [2.0385, 52912.6], [2.0386, 63064.7], [2.0387, 26257.1], [2.0388, 36776.6]], "timestamp": "2025-12-13T09:46:21.300811+00:00"}, {"symbol": "XRPUSDT", "bids": [[2.0326, 11924.3], [2.0325, 2982.3], [2.0324, 4351.4], [2.0323, 5974.2], [2.0322, 3270.9], [2.0321, 15672.9], [2.032, 37659.3], [2.0319, 9152.8], [2.0318, 28524.6], [2.0317, 22085.3], [2.0316, 27776.0], [2.0315, 7253.6], [2.0314, 26325.7], [2.0313, 16766.3], [2.0312, 43586.7], [2.0311, 62658.7], [2.031, 17879.5], [2.0309, 13563.7], [2.0308, 113402.8], [2.0307, 12542.6]], "asks": [[2.0327, 51410.5], [2.0328, 14025.0], [2.0329, 16718.8], [2.033, 19806.3], [2.0331, 38457.6], [2.0332, 33809.7], [2.0333, 111383.2], [2.0334, 10519.9], [2.0335, 53517.4], [2.0336, 28982.8], [2.0337, 31994.0], [2.0338, 97495.2], [2.0339, 14662.2], [2.034, 27076.2], [2.0341, 527.7], [2.0342, 40162.6], [2.0343, 94756.9], [2.0344, 18849.9], [2.0345, 23132.7], [2.0346, 17226.4]], "timestamp": "2025-12-13T09:47:15.368739+00:00"}, {"symbol": "XRPUSDT", "bids": [[2.0315, 51483.2], [2.0314, 5415.7], [2.0313, 10416.0], [2.0312, 18415.6], [2.0311, 11577.0], [2.031, 16336.6], [2.0309, 12494.7], [2.0308, 13042.2], [2.0307, 26858.2], [2.0306, 38947.4], [2.0305, 11896.7], [2.0304, 11138.8], [2.0303, 31123.6], [2.0302, 34625.4], [2.0301, 84340.7], [2.03, 79820.6], [2.0299, 23510.0], [2.0298, 11542.5], [2.0297, 37697.6], [2.0296, 13360.1]], "asks": [[2.0316, 27028.8], [2.0317, 9402.0], [2.0318, 62805.9], [2.0319, 14928.0], [2.032, 78960.2], [2.0321, 21912.0], [2.0322, 12914.5], [2.0323, 12916.3], [2.0324, 37073.8], [2.0325, 58904.3], [2.0326, 55790.0], [2.0327, 27585.0], [2.0328, 44885.1], [2.0329, 45405.7], [2.033, 35026.0], [2.0331, 21359.8], [2.0332, 55507.0], [2.0333, 45097.2], [2.0334, 27470.2], [2.0335, 45959.2]], "timestamp": "2025-12-13T09:48:09.336761+00:00"}, {"symbol": "XRPUSDT", "bids": [[2.0318, 29359.1], [2.0317, 43237.7], [2.0316, 8699.5], [2.0315, 33542.9], [2.0314, 14236.8], [2.0313, 14157.7], [2.0312, 16009.5], [2.0311, 11631.0], [2.031, 31932.9], [2.0309, 58474.0], [2.0308, 39034.7], [2.0307, 22373.4], [2.0306, 25450.2], [2.0305, 29141.3], [2.0304, 10863.8], [2.0303, 51035.3], [2.0302, 35498.8], [2.0301, 78784.1], [2.03, 82636.4], [2.0299, 22107.2]], "asks": [[2.0319, 14383.6], [2.032, 37122.6], [2.0321, 7549.2], [2.0322, 14774.3], [2.0323, 28741.8], [2.0324, 15097.6], [2.0325, 32471.5], [2.0326, 52800.1], [2.0327, 21625.0], [2.0328, 59367.7], [2.0329, 29515.4], [2.033, 33838.0], [2.0331, 31371.2], [2.0332, 71652.7], [2.0333, 43039.0], [2.0334, 33148.0], [2.0335, 39739.4], [2.0336, 31876.4], [2.0337, 55969.3], [2.0338, 33539.3]], "timestamp": "2025-12-13T09:49:03.094845+00:00"}, {"symbol": "XRPUSDT", "bids": [[2.032, 44014.7], [2.0319, 27782.0], [2.0318, 28873.6], [2.0317, 27074.6], [2.0316, 5156.8], [2.0315, 12752.1], [2.0314, 7395.5], [2.0313, 18649.4], [2.0312, 29022.4], [2.0311, 45452.0], [2.031, 28536.1], [2.0309, 24256.4], [2.0308, 35634.7], [2.0307, 28353.1], [2.0306, 53898.1], [2.0305, 28024.2], [2.0304, 11234.9], [2.0303, 46166.9], [2.0302, 27972.1], [2.0301, 90999.9]], "asks": [[2.0321, 4595.8], [2.0322, 8545.9], [2.0323, 5483.8], [2.0324, 13730.2], [2.0325, 38502.4], [2.0326, 50728.4], [2.0327, 20137.5], [2.0328, 28787.1], [2.0329, 30772.4], [2.033, 65165.4], [2.0331, 21566.7], [2.0332, 52131.8], [2.0333, 18325.2], [2.0334, 30018.1], [2.0335, 62348.1], [2.0336, 46218.1], [2.0337, 54833.4], [2.0338, 34773.3], [2.0339, 35477.7], [2.034, 58421.4]], "timestamp": "2025-12-13T09:49:56.427800+00:00"}, {"symbol": "XRPUSDT", "bids": [[2.0331, 16906.2], [2.033, 7734.2], [2.0329, 12090.7], [2.0328, 6495.4], [2.0327, 16649.8], [2.0326, 16908.9], [2.0325, 18874.5], [2.0324, 22107.1], [2.0323, 42663.2], [2.0322, 52957.7], [2.0321, 30618.9], [2.032, 19537.1], [2.0319, 49770.8], [2.0318, 16332.8], [2.0317, 28628.4], [2.0316, 55170.6], [2.0315, 22461.0], [2.0314, 13123.5], [2.0313, 22031.8], [2.0312, 35209.1]], "asks": [[2.0332, 6759.9], [2.0333, 10121.3], [2.0334, 14350.1], [2.0335, 24785.6], [2.0336, 27327.1], [2.0337, 49442.8], [2.0338, 34757.1], [2.0339, 28929.0], [2.034, 62655.7], [2.0341, 32461.1], [2.0342, 47508.9], [2.0343, 20414.2], [2.0344, 42248.6], [2.0345, 26453.6], [2.0346, 36328.5], [2.0347, 52346.5], [2.0348, 27349.6], [2.0349, 34791.7], [2.035, 47381.3], [2.0351, 29385.9]], "timestamp": "2025-12-13T09:50:50.635167+00:00"}, {"symbol": "XRPUSDT", "bids": [[2.0314, 6274.6], [2.0313, 9378.4], [2.0312, 20159.0], [2.0311, 18405.1], [2.031, 26074.4], [2.0309, 15206.4], [2.0308, 10600.4], [2.0307, 19682.7], [2.0306, 20551.6], [2.0305, 26641.7], [2.0304, 11367.5], [2.0303, 20638.6], [2.0302, 30632.1], [2.0301, 78951.3], [2.03, 106348.4], [2.0299, 23248.7], [2.0298, 17702.7], [2.0297, 32687.4], [2.0296, 38555.2], [2.0295, 29035.6]], "asks": [[2.0315, 9234.5], [2.0316, 44169.7], [2.0317, 28309.4], [2.0318, 24773.3], [2.0319, 30780.1], [2.032, 66286.0], [2.0321, 47125.3], [2.0322, 20305.3], [2.0323, 16627.3], [2.0324, 35574.5], [2.0325, 39500.1], [2.0326, 52544.8], [2.0327, 36124.2], [2.0328, 27942.5], [2.0329, 36802.6], [2.033, 32023.0], [2.0331, 44890.9], [2.0332, 18077.8], [2.0333, 28538.6], [2.0334, 31772.9]], "timestamp": "2025-12-13T09:51:45.080977+00:00"}, {"symbol": "XRPUSDT", "bids": [[2.0316, 25530.5], [2.0315, 20136.6], [2.0314, 20336.5], [2.0313, 21817.3], [2.0312, 15115.6], [2.0311, 13421.0], [2.031, 11743.6], [2.0309, 21136.2], [2.0308, 29685.0], [2.0307, 61268.4], [2.0306, 50990.1], [2.0305, 31348.6], [2.0304, 10182.9], [2.0303, 32229.2], [2.0302, 26689.4], [2.0301, 70599.6], [2.03, 104174.8], [2.0299, 23273.9], [2.0298, 19935.8], [2.0297, 32630.3]], "asks": [[2.0317, 3410.3], [2.0318, 14901.8], [2.0319, 13558.8], [2.032, 20433.7], [2.0321, 43271.7], [2.0322, 35581.3], [2.0323, 26764.4], [2.0324, 35000.1], [2.0325, 34821.6], [2.0326, 67687.1], [2.0327, 22611.2], [2.0328, 31679.3], [2.0329, 44324.4], [2.033, 45370.1], [2.0331, 57578.3], [2.0332, 28837.8], [2.0333, 28083.9], [2.0334, 40127.5], [2.0335, 72960.9], [2.0336, 69997.7]], "timestamp": "2025-12-13T09:52:39.374980+00:00"}, {"symbol": "XRPUSDT", "bids": [[2.032, 15762.1], [2.0319, 13897.5], [2.0318, 6049.3], [2.0317, 12334.2], [2.0316, 14835.5], [2.0315, 16812.2], [2.0314, 18933.8], [2.0313, 28579.0], [2.0312, 31379.2], [2.0311, 50239.2], [2.031, 15106.8], [2.0309, 35376.6], [2.0308, 24891.1], [2.0307, 32505.4], [2.0306, 38594.2], [2.0305, 29610.6], [2.0304, 7437.6], [2.0303, 41318.5], [2.0302, 34130.9], [2.0301, 70086.9]], "asks": [[2.0321, 5691.5], [2.0322, 10627.4], [2.0323, 23785.5], [2.0324, 28657.5], [2.0325, 40675.9], [2.0326, 54162.6], [2.0327, 11394.7], [2.0328, 38041.1], [2.0329, 52973.7], [2.033, 37535.4], [2.0331, 50097.4], [2.0332, 37161.0], [2.0333, 17091.2], [2.0334, 40540.4], [2.0335, 59098.8], [2.0336, 72642.2], [2.0337, 24944.1], [2.0338, 46191.4], [2.0339, 26132.8], [2.034, 53655.2]], "timestamp": "2025-12-13T09:53:33.639065+00:00"}, {"symbol": "XRPUSDT", "bids": [[2.0323, 22329.8], [2.0322, 24379.6], [2.0321, 15241.3], [2.032, 3881.7], [2.0319, 9693.5], [2.0318, 22493.9], [2.0317, 15953.3], [2.0316, 46085.8], [2.0315, 20468.9], [2.0314, 10715.5], [2.0313, 15417.4], [2.0312, 23854.5], [2.0311, 44898.2], [2.031, 9740.6], [2.0309, 21589.1], [2.0308, 14497.3], [2.0307, 28698.2], [2.0306, 42185.5], [2.0305, 18730.1], [2.0304, 9593.8]], "asks": [[2.0324, 3306.2], [2.0325, 8065.7], [2.0326, 35367.7], [2.0327, 9385.8], [2.0328, 29302.4], [2.0329, 36313.3], [2.033, 48430.0], [2.0331, 49071.6], [2.0332, 38519.7], [2.0333, 18247.2], [2.0334, 31122.6], [2.0335, 44807.1], [2.0336, 60129.8], [2.0337, 37101.4], [2.0338, 47359.7], [2.0339, 14163.8], [2.034, 34530.9], [2.0341, 30751.1], [2.0342, 66161.9], [2.0343, 31416.1]], "timestamp": "2025-12-13T09:54:27.541332+00:00"}, {"symbol": "XRPUSDT", "bids": [[2.0327, 1114.9], [2.0326, 3367.6], [2.0325, 8223.8], [2.0324, 7455.5], [2.0323, 9424.1], [2.0322, 10720.8], [2.0321, 15799.2], [2.032, 27254.6], [2.0319, 19410.2], [2.0318, 21664.2], [2.0317, 27134.1], [2.0316, 54893.1], [2.0315, 33035.6], [2.0314, 5058.8], [2.0313, 17702.0], [2.0312, 20063.8], [2.0311, 43174.3], [2.031, 13705.9], [2.0309, 21288.2], [2.0308, 13372.0]], "asks": [[2.0328, 49169.6], [2.0329, 44589.2], [2.033, 42733.1], [2.0331, 38449.6], [2.0332, 64077.8], [2.0333, 36080.2], [2.0334, 31945.0], [2.0335, 41332.1], [2.0336, 18945.4], [2.0337, 72139.5], [2.0338, 20629.6], [2.0339, 23104.2], [2.034, 30538.4], [2.0341, 42156.7], [2.0342, 80545.7], [2.0343, 29538.2], [2.0344, 20160.5], [2.0345, 35214.0], [2.0346, 36555.5], [2.0347, 47702.5]], "timestamp": "2025-12-13T09:55:22.082248+00:00"}, {"symbol": "XRPUSDT", "bids": [[2.0313, 9186.7], [2.0312, 1178.5], [2.0311, 8926.7], [2.031, 10734.0], [2.0309, 9088.1], [2.0308, 12564.9], [2.0307, 19926.6], [2.0306, 35977.4], [2.0305, 26970.9], [2.0304, 21266.0], [2.0303, 24144.1], [2.0302, 30116.6], [2.0301, 70972.9], [2.03, 105299.0], [2.0299, 16224.7], [2.0298, 13262.6], [2.0297, 24187.6], [2.0296, 34665.0], [2.0295, 22351.0], [2.0294, 44342.7]], "asks": [[2.0314, 11382.7], [2.0315, 15873.5], [2.0316, 27154.1], [2.0317, 55869.1], [2.0318, 18734.1], [2.0319, 21593.8], [2.032, 40443.3], [2.0321, 56760.1], [2.0322, 44527.6], [2.0323, 18668.8], [2.0324, 23412.1], [2.0325, 38053.1], [2.0326, 20941.5], [2.0327, 49302.7], [2.0328, 20929.8], [2.0329, 40008.4], [2.033, 33241.2], [2.0331, 28195.2], [2.0332, 41276.6], [2.0333, 37242.1]], "timestamp": "2025-12-13T09:56:15.637947+00:00"}, {"symbol": "XRPUSDT", "bids": [[2.0311, 8259.6], [2.031, 2191.4], [2.0309, 2896.8], [2.0308, 12084.4], [2.0307, 9357.9], [2.0306, 14500.4], [2.0305, 31603.6], [2.0304, 12957.9], [2.0303, 30636.1], [2.0302, 27596.8], [2.0301, 71688.4], [2.03, 106726.8], [2.0299, 25077.3], [2.0298, 13004.7], [2.0297, 25377.3], [2.0296, 33874.3], [2.0295, 24266.0], [2.0294, 35892.0], [2.0293, 8194.6], [2.0292, 36839.5]], "asks": [[2.0312, 34953.0], [2.0313, 27820.5], [2.0314, 38800.5], [2.0315, 30798.6], [2.0316, 43297.0], [2.0317, 45252.2], [2.0318, 25836.5], [2.0319, 19887.1], [2.032, 28066.1], [2.0321, 40707.8], [2.0322, 66631.9], [2.0323, 13625.3], [2.0324, 10128.1], [2.0325, 26770.1], [2.0326, 41204.8], [2.0327, 48459.8], [2.0328, 29844.0], [2.0329, 38502.4], [2.033, 50070.1], [2.0331, 107381.8]], "timestamp": "2025-12-13T09:57:09.012966+00:00"}, {"symbol": "XRPUSDT", "bids": [[2.031, 14466.2], [2.0309, 11297.6], [2.0308, 7837.3], [2.0307, 4546.7], [2.0306, 13321.1], [2.0305, 14509.6], [2.0304, 14373.6], [2.0303, 21050.5], [2.0302, 39337.5], [2.0301, 30467.6], [2.03, 20981.1], [2.0299, 36884.4], [2.0298, 12113.4], [2.0297, 51532.9], [2.0296, 14123.5], [2.0295, 14211.8], [2.0294, 15601.4], [2.0293, 22071.3], [2.0292, 50345.4], [2.0291, 10596.8]], "asks": [[2.0311, 7354.5], [2.0312, 14816.1], [2.0313, 18909.4], [2.0314, 22650.2], [2.0315, 33786.5], [2.0316, 33317.8], [2.0317, 44863.5], [2.0318, 16528.4], [2.0319, 32706.9], [2.032, 47242.8], [2.0321, 36676.3], [2.0322, 61568.1], [2.0323, 38558.1], [2.0324, 21426.7], [2.0325, 47045.4], [2.0326, 45176.3], [2.0327, 47216.7], [2.0328, 24743.7], [2.0329, 40307.0], [2.033, 47488.5]], "timestamp": "2025-12-13T09:58:03.058203+00:00"}, {"symbol": "XRPUSDT", "bids": [[2.0303, 1989.1], [2.0302, 9373.1], [2.0301, 5276.9], [2.03, 5883.1], [2.0299, 12667.8], [2.0298, 10996.0], [2.0297, 14162.8], [2.0296, 21611.2], [2.0295, 15347.8], [2.0294, 12241.2], [2.0293, 26748.4], [2.0292, 53550.2], [2.0291, 10011.3], [2.029, 25140.5], [2.0289, 13027.4], [2.0288, 20258.0], [2.0287, 18312.7], [2.0286, 50222.2], [2.0285, 22515.5], [2.0284, 21366.6]], "asks": [[2.0304, 24346.6], [2.0305, 21565.2], [2.0306, 25732.3], [2.0307, 34446.9], [2.0308, 33779.9], [2.0309, 39303.3], [2.031, 76752.0], [2.0311, 42581.0], [2.0312, 31597.6], [2.0313, 48785.3], [2.0314, 29300.6], [2.0315, 30138.8], [2.0316, 26625.8], [2.0317, 61264.3], [2.0318, 35896.5], [2.0319, 21975.1], [2.032, 31119.2], [2.0321, 53648.8], [2.0322, 134141.4], [2.0323, 19194.8]], "timestamp": "2025-12-13T09:58:57.432312+00:00"}, {"symbol": "XRPUSDT", "bids": [[2.03, 1742.2], [2.0299, 9390.3], [2.0298, 17485.3], [2.0297, 10270.5], [2.0296, 12945.4], [2.0295, 13380.2], [2.0294, 17837.4], [2.0293, 25770.1], [2.0292, 26978.6], [2.0291, 48259.7], [2.029, 19814.3], [2.0289, 16960.8], [2.0288, 8873.4], [2.0287, 22668.8], [2.0286, 54783.5], [2.0285, 21226.3], [2.0284, 19640.0], [2.0283, 16798.9], [2.0282, 17174.2], [2.0281, 24036.6]], "asks": [[2.0301, 11720.5], [2.0302, 17986.0], [2.0303, 28389.3], [2.0304, 34333.2], [2.0305, 67425.1], [2.0306, 16933.6], [2.0307, 46403.5], [2.0308, 15631.0], [2.0309, 34724.6], [2.031, 64373.6], [2.0311, 48862.0], [2.0312, 17890.4], [2.0313, 24967.4], [2.0314, 27922.5], [2.0315, 31537.3], [2.0316, 35097.4], [2.0317, 60242.3], [2.0318, 13300.6], [2.0319, 34562.9], [2.032, 52290.7]], "timestamp": "2025-12-13T09:59:51.602164+00:00"}, {"symbol": "XRPUSDT", "bids": [[2.0301, 24965.8], [2.03, 22766.7], [2.0299, 16952.6], [2.0298, 15556.9], [2.0297, 4889.4], [2.0296, 13803.4], [2.0295, 15472.2], [2.0294, 15115.1], [2.0293, 19272.6], [2.0292, 21317.6], [2.0291, 47128.4], [2.029, 18655.2], [2.0289, 21560.8], [2.0288, 9857.9], [2.0287, 17907.6], [2.0286, 47193.1], [2.0285, 20975.6], [2.0284, 19622.3], [2.0283, 20270.7], [2.0282, 20765.4]], "asks": [[2.0302, 5639.6], [2.0303, 3640.5], [2.0304, 20380.0], [2.0305, 22153.9], [2.0306, 27429.4], [2.0307, 38033.3], [2.0308, 38007.7], [2.0309, 57195.7], [2.031, 58488.5], [2.0311, 38121.0], [2.0312, 19300.7], [2.0313, 27485.7], [2.0314, 24562.0], [2.0315, 37688.6], [2.0316, 27288.4], [2.0317, 62757.2], [2.0318, 25625.9], [2.0319, 30042.0], [2.032, 45778.1], [2.0321, 43979.2]], "timestamp": "2025-12-13T10:00:45.551147+00:00"}, {"symbol": "XRPUSDT", "bids": [[2.031, 15237.6], [2.0309, 13252.9], [2.0308, 23546.1], [2.0307, 5602.2], [2.0306, 6994.1], [2.0305, 6374.7], [2.0304, 18127.0], [2.0303, 18866.0], [2.0302, 33116.1], [2.0301, 40859.4], [2.03, 42965.8], [2.0299, 20458.0], [2.0298, 28058.4], [2.0297, 15545.0], [2.0296, 49887.6], [2.0295, 24438.4], [2.0294, 13902.1], [2.0293, 17675.3], [2.0292, 18526.8], [2.0291, 50303.8]], "asks": [[2.0311, 21541.5], [2.0312, 12781.9], [2.0313, 17715.4], [2.0314, 35525.9], [2.0315, 40741.6], [2.0316, 36450.3], [2.0317, 56135.6], [2.0318, 44091.6], [2.0319, 35048.2], [2.032, 39079.8], [2.0321, 48722.2], [2.0322, 67125.2], [2.0323, 35972.1], [2.0324, 27703.2], [2.0325, 45124.6], [2.0326, 48323.3], [2.0327, 64034.7], [2.0328, 41622.5], [2.0329, 29755.1], [2.033, 49787.0]], "timestamp": "2025-12-13T10:01:40.147340+00:00"}, {"symbol": "XRPUSDT", "bids": [[2.0313, 21880.5], [2.0312, 19863.9], [2.0311, 25370.1], [2.031, 31807.1], [2.0309, 34237.9], [2.0308, 16173.5], [2.0307, 18561.9], [2.0306, 54836.8], [2.0305, 30441.9], [2.0304, 23621.3], [2.0303, 9484.2], [2.0302, 21824.4], [2.0301, 40568.3], [2.03, 50388.1], [2.0299, 15116.4], [2.0298, 23277.5], [2.0297, 12980.3], [2.0296, 52024.9], [2.0295, 24352.9], [2.0294, 17227.6]], "asks": [[2.0314, 5126.1], [2.0315, 12633.6], [2.0316, 7797.5], [2.0317, 27110.5], [2.0318, 31753.9], [2.0319, 41551.7], [2.032, 50710.0], [2.0321, 67639.4], [2.0322, 66460.5], [2.0323, 39894.3], [2.0324, 68839.3], [2.0325, 34513.5], [2.0326, 28347.5], [2.0327, 59208.3], [2.0328, 35320.3], [2.0329, 27239.8], [2.033, 57542.7], [2.0331, 23749.9], [2.0332, 54725.6], [2.0333, 38210.8]], "timestamp": "2025-12-13T10:02:34.010750+00:00"}, {"symbol": "XRPUSDT", "bids": [[2.0315, 20159.4], [2.0314, 9675.4], [2.0313, 11967.6], [2.0312, 23269.6], [2.0311, 24287.6], [2.031, 33791.7], [2.0309, 33215.4], [2.0308, 18437.9], [2.0307, 32702.6], [2.0306, 61873.2], [2.0305, 31307.0], [2.0304, 17301.9], [2.0303, 7618.2], [2.0302, 28023.3], [2.0301, 42075.0], [2.03, 54120.4], [2.0299, 5162.7], [2.0298, 24439.7], [2.0297, 18441.4], [2.0296, 50157.9]], "asks": [[2.0316, 5420.2], [2.0317, 4368.3], [2.0318, 8881.5], [2.0319, 45732.0], [2.032, 33886.7], [2.0321, 30410.3], [2.0322, 18456.6], [2.0323, 17071.4], [2.0324, 47729.0], [2.0325, 24569.6], [2.0326, 26117.9], [2.0327, 35752.1], [2.0328, 45371.3], [2.0329, 52016.4], [2.033, 27125.0], [2.0331, 24359.9], [2.0332, 23550.6], [2.0333, 48046.7], [2.0334, 43440.8], [2.0335, 44283.9]], "timestamp": "2025-12-13T10:03:28.692969+00:00"}, {"symbol": "XRPUSDT", "bids": [[2.032, 6076.5], [2.0319, 6619.1], [2.0318, 13709.7], [2.0317, 18832.8], [2.0316, 12088.0], [2.0315, 34300.7], [2.0314, 22034.7], [2.0313, 27081.0], [2.0312, 37119.7], [2.0311, 56011.6], [2.031, 36751.9], [2.0309, 25179.8], [2.0308, 27855.5], [2.0307, 20465.1], [2.0306, 46650.6], [2.0305, 34828.8], [2.0304, 16563.7], [2.0303, 4029.1], [2.0302, 22262.6], [2.0301, 38011.6]], "asks": [[2.0321, 29459.4], [2.0322, 25773.2], [2.0323, 19216.8], [2.0324, 40546.0], [2.0325, 22635.4], [2.0326, 27428.8], [2.0327, 27723.7], [2.0328, 42055.3], [2.0329, 61816.1], [2.033, 23388.7], [2.0331, 28364.7], [2.0332, 25785.5], [2.0333, 43400.2], [2.0334, 45048.9], [2.0335, 44076.8], [2.0336, 15899.9], [2.0337, 39580.5], [2.0338, 26455.5], [2.0339, 30532.6], [2.034, 46281.0]], "timestamp": "2025-12-13T10:04:23.601390+00:00"}, {"symbol": "XRPUSDT", "bids": [[2.0315, 22832.1], [2.0314, 12771.4], [2.0313, 17192.8], [2.0312, 16965.5], [2.0311, 27616.4], [2.031, 33356.3], [2.0309, 39848.8], [2.0308, 33178.9], [2.0307, 28473.7], [2.0306, 46050.9], [2.0305, 35070.2], [2.0304, 19521.4], [2.0303, 5799.2], [2.0302, 25173.2], [2.0301, 37115.8], [2.03, 32737.3], [2.0299, 8971.5], [2.0298, 37351.9], [2.0297, 19117.6], [2.0296, 60570.1]], "asks": [[2.0316, 3464.8], [2.0317, 5986.5], [2.0318, 5792.7], [2.0319, 18436.8], [2.032, 21523.9], [2.0321, 26381.2], [2.0322, 44233.2], [2.0323, 12354.7], [2.0324, 44276.6], [2.0325, 30181.8], [2.0326, 12261.6], [2.0327, 32541.8], [2.0328, 45051.8], [2.0329, 58569.1], [2.033, 40359.6], [2.0331, 37763.8], [2.0332, 83666.5], [2.0333, 43399.9], [2.0334, 57636.1], [2.0335, 41658.5]], "timestamp": "2025-12-13T10:05:17.853229+00:00"}, {"symbol": "XRPUSDT", "bids": [[2.0324, 21050.4], [2.0323, 3377.5], [2.0322, 7157.9], [2.0321, 12171.7], [2.032, 16373.4], [2.0319, 15950.7], [2.0318, 28903.4], [2.0317, 57422.0], [2.0316, 16149.8], [2.0315, 28630.6], [2.0314, 14858.5], [2.0313, 16453.2], [2.0312, 32164.1], [2.0311, 39078.9], [2.031, 29856.0], [2.0309, 22690.5], [2.0308, 25316.2], [2.0307, 23237.5], [2.0306, 46493.9], [2.0305, 31404.0]], "asks": [[2.0325, 24356.1], [2.0326, 16588.5], [2.0327, 19919.1], [2.0328, 33822.1], [2.0329, 37514.4], [2.033, 33187.7], [2.0331, 48642.8], [2.0332, 17003.0], [2.0333, 34296.3], [2.0334, 44874.0], [2.0335, 41401.3], [2.0336, 15978.4], [2.0337, 35425.3], [2.0338, 45367.7], [2.0339, 65242.0], [2.034, 150356.6], [2.0341, 25695.6], [2.0342, 63602.9], [2.0343, 51618.1], [2.0344, 37176.2]], "timestamp": "2025-12-13T10:06:11.819184+00:00"}, {"symbol": "XRPUSDT", "bids": [[2.0337, 37534.2], [2.0336, 13937.7], [2.0335, 12869.0], [2.0334, 23152.4], [2.0333, 23866.0], [2.0332, 53091.1], [2.0331, 22416.7], [2.033, 26543.6], [2.0329, 27021.6], [2.0328, 32827.5], [2.0327, 48580.4], [2.0326, 47797.0], [2.0325, 87653.4], [2.0324, 20422.1], [2.0323, 9782.1], [2.0322, 41887.5], [2.0321, 7678.4], [2.032, 30975.6], [2.0319, 18710.5], [2.0318, 20638.2]], "asks": [[2.0338, 11021.3], [2.0339, 2568.6], [2.034, 15362.6], [2.0341, 22673.6], [2.0342, 39538.9], [2.0343, 27993.0], [2.0344, 35373.1], [2.0345, 49612.6], [2.0346, 28611.3], [2.0347, 48985.9], [2.0348, 28135.3], [2.0349, 29450.0], [2.035, 47916.2], [2.0351, 40181.1], [2.0352, 152658.8], [2.0353, 13099.4], [2.0354, 28798.7], [2.0355, 43883.2], [2.0356, 34040.5], [2.0357, 69786.7]], "timestamp": "2025-12-13T10:07:05.533833+00:00"}, {"symbol": "XRPUSDT", "bids": [[2.0329, 26547.5], [2.0328, 43952.4], [2.0327, 17023.9], [2.0326, 10599.1], [2.0325, 20206.7], [2.0324, 23471.6], [2.0323, 22929.8], [2.0322, 40120.9], [2.0321, 11863.7], [2.032, 31747.8], [2.0319, 17089.6], [2.0318, 21236.1], [2.0317, 38634.6], [2.0316, 9680.6], [2.0315, 24029.1], [2.0314, 19612.8], [2.0313, 11652.1], [2.0312, 31224.5], [2.0311, 46790.7], [2.031, 89146.1]], "asks": [[2.033, 70.2], [2.0331, 630.8], [2.0332, 7250.4], [2.0333, 18337.0], [2.0334, 31106.8], [2.0335, 51599.7], [2.0336, 66285.7], [2.0337, 45565.6], [2.0338, 26700.6], [2.0339, 5959.3], [2.034, 31362.6], [2.0341, 43427.5], [2.0342, 22620.5], [2.0343, 42891.3], [2.0344, 45490.8], [2.0345, 53112.6], [2.0346, 54220.0], [2.0347, 27867.6], [2.0348, 31245.5], [2.0349, 43465.1]], "timestamp": "2025-12-13T10:08:00.056313+00:00"}, {"symbol": "XRPUSDT", "bids": [[2.0333, 8210.0], [2.0332, 5979.6], [2.0331, 11319.1], [2.033, 24777.1], [2.0329, 22817.9], [2.0328, 27856.9], [2.0327, 45885.2], [2.0326, 36422.5], [2.0325, 14939.7], [2.0324, 18091.8], [2.0323, 23542.5], [2.0322, 44372.4], [2.0321, 20522.2], [2.032, 32040.2], [2.0319, 14702.1], [2.0318, 24990.2], [2.0317, 37082.6], [2.0316, 13969.5], [2.0315, 21695.8], [2.0314, 25537.9]], "asks": [[2.0334, 28682.0], [2.0335, 34684.8], [2.0336, 27780.7], [2.0337, 14652.4], [2.0338, 15299.4], [2.0339, 27024.8], [2.034, 37599.1], [2.0341, 57832.9], [2.0342, 27778.9], [2.0343, 37062.9], [2.0344, 33956.1], [2.0345, 36091.8], [2.0346, 43585.5], [2.0347, 20487.2], [2.0348, 35036.2], [2.0349, 26728.2], [2.035, 73626.4], [2.0351, 37052.4], [2.0352, 41171.3], [2.0353, 5030.4]], "timestamp": "2025-12-13T10:08:54.444095+00:00"}, {"symbol": "XRPUSDT", "bids": [[2.0335, 22190.6], [2.0334, 17116.6], [2.0333, 46190.8], [2.0332, 8178.8], [2.0331, 15515.0], [2.033, 41200.1], [2.0329, 20401.8], [2.0328, 27550.5], [2.0327, 39349.1], [2.0326, 30747.1], [2.0325, 23405.3], [2.0324, 20754.6], [2.0323, 28849.0], [2.0322, 49539.0], [2.0321, 12143.0], [2.032, 32839.8], [2.0319, 16254.9], [2.0318, 21907.4], [2.0317, 37033.4], [2.0316, 17406.0]], "asks": [[2.0336, 1346.2], [2.0337, 12120.1], [2.0338, 6657.4], [2.0339, 12192.6], [2.034, 21204.4], [2.0341, 42934.0], [2.0342, 33410.9], [2.0343, 41448.5], [2.0344, 29915.6], [2.0345, 37867.9], [2.0346, 44881.1], [2.0347, 21115.8], [2.0348, 33598.3], [2.0349, 21391.4], [2.035, 56073.2], [2.0351, 26268.2], [2.0352, 44005.3], [2.0353, 23389.2], [2.0354, 27693.8], [2.0355, 45516.3]], "timestamp": "2025-12-13T10:09:49.067041+00:00"}, {"symbol": "XRPUSDT", "bids": [[2.0327, 10680.3], [2.0326, 11012.0], [2.0325, 6407.8], [2.0324, 15486.9], [2.0323, 27075.6], [2.0322, 42498.3], [2.0321, 13594.3], [2.032, 32294.8], [2.0319, 17708.3], [2.0318, 24004.2], [2.0317, 40646.0], [2.0316, 23679.2], [2.0315, 30459.2], [2.0314, 14978.8], [2.0313, 21471.0], [2.0312, 30370.2], [2.0311, 37464.9], [2.031, 23575.2], [2.0309, 16266.0], [2.0308, 25852.2]], "asks": [[2.0328, 27999.4], [2.0329, 22470.9], [2.033, 21590.7], [2.0331, 13702.5], [2.0332, 13018.4], [2.0333, 35633.6], [2.0334, 27252.7], [2.0335, 57359.6], [2.0336, 58538.5], [2.0337, 7236.3], [2.0338, 24048.2], [2.0339, 12821.7], [2.034, 28050.4], [2.0341, 62267.8], [2.0342, 17029.2], [2.0343, 28590.8], [2.0344, 36625.1], [2.0345, 52780.6], [2.0346, 50573.8], [2.0347, 26895.7]], "timestamp": "2025-12-13T10:10:43.440218+00:00"}, {"symbol": "XRPUSDT", "bids": [[2.0336, 54583.7], [2.0335, 12608.2], [2.0334, 12310.6], [2.0333, 20979.9], [2.0332, 34552.3], [2.0331, 26806.3], [2.033, 28470.0], [2.0329, 48506.2], [2.0328, 40894.9], [2.0327, 21763.9], [2.0326, 26947.4], [2.0325, 14040.3], [2.0324, 12582.4], [2.0323, 17303.7], [2.0322, 43201.4], [2.0321, 9817.8], [2.032, 23906.9], [2.0319, 12434.3], [2.0318, 20202.5], [2.0317, 38836.0]], "asks": [[2.0337, 168.6], [2.0338, 968.7], [2.0339, 5950.6], [2.034, 7505.2], [2.0341, 18369.0], [2.0342, 18572.2], [2.0343, 37227.9], [2.0344, 27733.1], [2.0345, 39820.6], [2.0346, 52218.7], [2.0347, 31331.8], [2.0348, 22356.0], [2.0349, 16591.6], [2.035, 61431.5], [2.0351, 30778.3], [2.0352, 58343.7], [2.0353, 14941.3], [2.0354, 28902.9], [2.0355, 29210.5], [2.0356, 30424.1]], "timestamp": "2025-12-13T10:11:37.147345+00:00"}, {"symbol": "XRPUSDT", "bids": [[2.0335, 14412.1], [2.0334, 5846.6], [2.0333, 12798.7], [2.0332, 10330.5], [2.0331, 21574.3], [2.033, 28110.8], [2.0329, 24792.0], [2.0328, 35641.6], [2.0327, 42055.5], [2.0326, 23044.6], [2.0325, 18585.8], [2.0324, 17343.3], [2.0323, 20053.2], [2.0322, 51902.1], [2.0321, 10618.2], [2.032, 23993.5], [2.0319, 14312.8], [2.0318, 22544.4], [2.0317, 38006.4], [2.0316, 23527.2]], "asks": [[2.0336, 23876.5], [2.0337, 8410.2], [2.0338, 17195.6], [2.0339, 35981.5], [2.034, 33712.0], [2.0341, 48312.5], [2.0342, 84702.8], [2.0343, 36657.7], [2.0344, 31411.4], [2.0345, 14084.7], [2.0346, 39417.4], [2.0347, 69496.0], [2.0348, 20399.3], [2.0349, 6625.8], [2.035, 59910.8], [2.0351, 30378.0], [2.0352, 53620.7], [2.0353, 37019.5], [2.0354, 33986.2], [2.0355, 40867.6]], "timestamp": "2025-12-13T10:12:30.564781+00:00"}, {"symbol": "XRPUSDT", "bids": [[2.034, 22413.3], [2.0339, 19422.7], [2.0338, 23621.9], [2.0337, 26390.3], [2.0336, 19184.2], [2.0335, 24820.7], [2.0334, 26426.2], [2.0333, 48714.0], [2.0332, 39841.9], [2.0331, 23704.1], [2.033, 22527.7], [2.0329, 19988.5], [2.0328, 33898.9], [2.0327, 40431.1], [2.0326, 24393.7], [2.0325, 11110.6], [2.0324, 11228.1], [2.0323, 16414.2], [2.0322, 47999.4], [2.0321, 12148.1]], "asks": [[2.0341, 3646.2], [2.0342, 8087.7], [2.0343, 18402.2], [2.0344, 9951.7], [2.0345, 18147.2], [2.0346, 36115.7], [2.0347, 56019.2], [2.0348, 26294.6], [2.0349, 28466.7], [2.035, 76437.1], [2.0351, 36527.6], [2.0352, 54643.5], [2.0353, 26164.3], [2.0354, 24820.9], [2.0355, 26351.6], [2.0356, 20481.3], [2.0357, 72659.8], [2.0358, 47679.2], [2.0359, 28759.2], [2.036, 80802.1]], "timestamp": "2025-12-13T10:13:25.314916+00:00"}, {"symbol": "XRPUSDT", "bids": [[2.0342, 13225.5], [2.0341, 6962.6], [2.034, 13163.2], [2.0339, 15856.2], [2.0338, 22081.7], [2.0337, 53217.9], [2.0336, 20805.5], [2.0335, 26817.1], [2.0334, 13077.3], [2.0333, 44035.5], [2.0332, 43686.4], [2.0331, 18431.5], [2.033, 18821.4], [2.0329, 17774.5], [2.0328, 39059.0], [2.0327, 39022.8], [2.0326, 23030.3], [2.0325, 10955.0], [2.0324, 16619.4], [2.0323, 26874.6]], "asks": [[2.0343, 12580.6], [2.0344, 11937.6], [2.0345, 26266.9], [2.0346, 33060.8], [2.0347, 49422.7], [2.0348, 24041.4], [2.0349, 28969.9], [2.035, 68713.5], [2.0351, 34831.9], [2.0352, 58614.8], [2.0353, 26687.7], [2.0354, 25106.7], [2.0355, 32168.0], [2.0356, 37393.6], [2.0357, 69215.7], [2.0358, 35794.0], [2.0359, 37502.6], [2.036, 75496.0], [2.0361, 13755.4], [2.0362, 30044.4]], "timestamp": "2025-12-13T10:14:19.863114+00:00"}, {"symbol": "XRPUSDT", "bids": [[2.035, 5589.2], [2.0349, 11776.4], [2.0348, 15060.1], [2.0347, 21734.1], [2.0346, 22044.6], [2.0345, 24529.4], [2.0344, 31526.1], [2.0343, 21170.3], [2.0342, 49902.8], [2.0341, 25006.1], [2.034, 23035.7], [2.0339, 18881.1], [2.0338, 22236.0], [2.0337, 56320.1], [2.0336, 12199.5], [2.0335, 21535.9], [2.0334, 8392.9], [2.0333, 25661.9], [2.0332, 41874.1], [2.0331, 16793.5]], "asks": [[2.0351, 24156.2], [2.0352, 9151.0], [2.0353, 28209.7], [2.0354, 32214.3], [2.0355, 39483.1], [2.0356, 52656.7], [2.0357, 87307.5], [2.0358, 103950.4], [2.0359, 21290.1], [2.036, 43923.2], [2.0361, 18998.7], [2.0362, 26211.3], [2.0363, 67730.7], [2.0364, 10795.4], [2.0365, 57607.8], [2.0366, 11149.1], [2.0367, 48038.0], [2.0368, 48434.5], [2.0369, 23680.1], [2.037, 72318.7]], "timestamp": "2025-12-13T10:15:13.747049+00:00"}, {"symbol": "XRPUSDT", "bids": [[2.0363, 16742.1], [2.0362, 16235.5], [2.0361, 12003.1], [2.036, 22380.1], [2.0359, 22407.3], [2.0358, 29370.9], [2.0357, 61659.9], [2.0356, 25232.0], [2.0355, 18582.2], [2.0354, 37492.7], [2.0353, 30261.1], [2.0352, 34222.7], [2.0351, 23334.2], [2.035, 16552.7], [2.0349, 17898.9], [2.0348, 6185.2], [2.0347, 52430.7], [2.0346, 7431.4], [2.0345, 25506.1], [2.0344, 10146.6]], "asks": [[2.0364, 2023.6], [2.0365, 8242.1], [2.0366, 15276.3], [2.0367, 14629.5], [2.0368, 32096.4], [2.0369, 39208.5], [2.037, 54872.0], [2.0371, 27105.5], [2.0372, 28206.9], [2.0373, 23063.1], [2.0374, 30153.1], [2.0375, 63850.4], [2.0376, 49981.4], [2.0377, 22368.9], [2.0378, 23885.0], [2.0379, 32960.6], [2.038, 33872.7], [2.0381, 30459.3], [2.0382, 34049.3], [2.0383, 37904.5]], "timestamp": "2025-12-13T10:16:07.384323+00:00"}, {"symbol": "XRPUSDT", "bids": [[2.0363, 9577.3], [2.0362, 5947.3], [2.0361, 15894.7], [2.036, 21376.4], [2.0359, 16707.1], [2.0358, 25681.7], [2.0357, 45123.0], [2.0356, 25090.4], [2.0355, 37968.4], [2.0354, 33202.9], [2.0353, 27411.5], [2.0352, 34278.3], [2.0351, 22299.3], [2.035, 24562.3], [2.0349, 24783.4], [2.0348, 18872.5], [2.0347, 52910.8], [2.0346, 7725.4], [2.0345, 23720.7], [2.0344, 19825.3]], "asks": [[2.0364, 7846.2], [2.0365, 11287.4], [2.0366, 16123.8], [2.0367, 26303.9], [2.0368, 29205.2], [2.0369, 34988.5], [2.037, 42664.7], [2.0371, 30014.9], [2.0372, 21746.7], [2.0373, 23487.3], [2.0374, 30686.2], [2.0375, 61911.6], [2.0376, 47776.1], [2.0377, 31385.8], [2.0378, 16881.0], [2.0379, 40896.0], [2.038, 41565.6], [2.0381, 23303.8], [2.0382, 38188.3], [2.0383, 36310.1]], "timestamp": "2025-12-13T10:17:01.461436+00:00"}, {"symbol": "XRPUSDT", "bids": [[2.0373, 23024.0], [2.0372, 5153.2], [2.0371, 20332.3], [2.037, 31924.3], [2.0369, 12558.7], [2.0368, 24281.1], [2.0367, 41412.9], [2.0366, 26367.0], [2.0365, 39901.0], [2.0364, 40725.0], [2.0363, 22184.5], [2.0362, 37180.3], [2.0361, 21734.6], [2.036, 13809.0], [2.0359, 20558.1], [2.0358, 23485.0], [2.0357, 39823.5], [2.0356, 12807.2], [2.0355, 24400.4], [2.0354, 16001.5]], "asks": [[2.0374, 3319.3], [2.0375, 6070.4], [2.0376, 18453.2], [2.0377, 24252.7], [2.0378, 24737.1], [2.0379, 59972.2], [2.038, 35345.0], [2.0381, 16690.0], [2.0382, 29207.1], [2.0383, 29583.6], [2.0384, 69072.7], [2.0385, 12861.9], [2.0386, 32144.9], [2.0387, 26780.0], [2.0388, 37968.0], [2.0389, 31710.6], [2.039, 55850.6], [2.0391, 57597.5], [2.0392, 23354.1], [2.0393, 29559.1]], "timestamp": "2025-12-13T10:17:55.110572+00:00"}, {"symbol": "XRPUSDT", "bids": [[2.0367, 2988.9], [2.0366, 2532.2], [2.0365, 14073.5], [2.0364, 26558.0], [2.0363, 28544.0], [2.0362, 53209.0], [2.0361, 38944.2], [2.036, 54022.0], [2.0359, 41064.4], [2.0358, 40309.7], [2.0357, 41592.7], [2.0356, 20620.0], [2.0355, 25303.5], [2.0354, 14373.4], [2.0353, 20273.6], [2.0352, 39553.4], [2.0351, 18949.9], [2.035, 17561.6], [2.0349, 21011.9], [2.0348, 17938.7]], "asks": [[2.0368, 36195.5], [2.0369, 17027.0], [2.037, 24182.6], [2.0371, 17631.3], [2.0372, 14592.3], [2.0373, 26485.6], [2.0374, 40376.9], [2.0375, 26854.8], [2.0376, 41057.4], [2.0377, 43335.4], [2.0378, 28179.6], [2.0379, 55167.0], [2.038, 23700.6], [2.0381, 18146.5], [2.0382, 43241.7], [2.0383, 33352.0], [2.0384, 78319.0], [2.0385, 11022.4], [2.0386, 34296.0], [2.0387, 22285.0]], "timestamp": "2025-12-13T10:18:49.287962+00:00"}, {"symbol": "XRPUSDT", "bids": [[2.0361, 4023.3], [2.036, 3561.0], [2.0359, 8543.4], [2.0358, 10859.1], [2.0357, 11204.4], [2.0356, 16048.0], [2.0355, 16872.6], [2.0354, 25008.4], [2.0353, 26853.0], [2.0352, 37354.8], [2.0351, 23079.3], [2.035, 13978.3], [2.0349, 25155.4], [2.0348, 29921.7], [2.0347, 50355.8], [2.0346, 14204.0], [2.0345, 20649.2], [2.0344, 20738.4], [2.0343, 32260.8], [2.0342, 31914.5]], "asks": [[2.0362, 36610.6], [2.0363, 27120.7], [2.0364, 43420.8], [2.0365, 31962.9], [2.0366, 24507.9], [2.0367, 35434.4], [2.0368, 52789.3], [2.0369, 37646.0], [2.037, 34627.4], [2.0371, 31541.6], [2.0372, 20929.6], [2.0373, 33364.2], [2.0374, 42554.6], [2.0375, 26918.6], [2.0376, 37592.3], [2.0377, 58045.7], [2.0378, 37312.2], [2.0379, 63283.1], [2.038, 44859.7], [2.0381, 37671.1]], "timestamp": "2025-12-13T10:19:43.861103+00:00"}, {"symbol": "XRPUSDT", "bids": [[2.0367, 22139.4], [2.0366, 25649.2], [2.0365, 8022.1], [2.0364, 13386.5], [2.0363, 20673.7], [2.0362, 38107.4], [2.0361, 22263.4], [2.036, 26535.9], [2.0359, 23552.7], [2.0358, 26871.4], [2.0357, 48885.4], [2.0356, 13977.4], [2.0355, 22475.9], [2.0354, 14207.9], [2.0353, 22376.8], [2.0352, 44586.3], [2.0351, 26748.4], [2.035, 18294.2], [2.0349, 23368.2], [2.0348, 18911.1]], "asks": [[2.0368, 387.5], [2.0369, 3487.9], [2.037, 16670.5], [2.0371, 19052.8], [2.0372, 28699.9], [2.0373, 20283.6], [2.0374, 47469.5], [2.0375, 22614.4], [2.0376, 35435.9], [2.0377, 45036.8], [2.0378, 30391.9], [2.0379, 53619.0], [2.038, 38973.7], [2.0381, 10648.5], [2.0382, 47191.4], [2.0383, 29101.4], [2.0384, 78608.0], [2.0385, 6189.2], [2.0386, 34878.1], [2.0387, 26602.0]], "timestamp": "2025-12-13T10:20:38.031062+00:00"}, {"symbol": "XRPUSDT", "bids": [[2.0369, 6803.1], [2.0368, 3153.9], [2.0367, 9491.8], [2.0366, 20074.8], [2.0365, 23900.3], [2.0364, 23759.0], [2.0363, 40997.0], [2.0362, 28159.5], [2.0361, 29275.4], [2.036, 21750.8], [2.0359, 20430.9], [2.0358, 47183.0], [2.0357, 21342.8], [2.0356, 10494.1], [2.0355, 24505.6], [2.0354, 22487.8], [2.0353, 29925.8], [2.0352, 45943.7], [2.0351, 32665.3], [2.035, 19142.0]], "asks": [[2.037, 25789.5], [2.0371, 14217.9], [2.0372, 14669.0], [2.0373, 11398.1], [2.0374, 26505.8], [2.0375, 33754.6], [2.0376, 24790.5], [2.0377, 34166.6], [2.0378, 30006.7], [2.0379, 50654.8], [2.038, 32113.6], [2.0381, 13839.1], [2.0382, 32879.2], [2.0383, 38371.4], [2.0384, 76970.0], [2.0385, 8764.3], [2.0386, 34995.1], [2.0387, 14352.1], [2.0388, 27278.4], [2.0389, 43046.5]], "timestamp": "2025-12-13T10:21:32.303799+00:00"}, {"symbol": "XRPUSDT", "bids": [[2.0356, 8317.0], [2.0355, 4516.5], [2.0354, 8959.8], [2.0353, 17117.0], [2.0352, 36061.6], [2.0351, 16344.1], [2.035, 29175.3], [2.0349, 31085.8], [2.0348, 31113.8], [2.0347, 58798.6], [2.0346, 12729.8], [2.0345, 26693.7], [2.0344, 26517.0], [2.0343, 42729.7], [2.0342, 40563.0], [2.0341, 13693.3], [2.034, 24637.3], [2.0339, 15463.3], [2.0338, 24432.6], [2.0337, 50696.5]], "asks": [[2.0357, 17258.5], [2.0358, 17124.0], [2.0359, 12614.8], [2.036, 22339.6], [2.0361, 30071.4], [2.0362, 36042.0], [2.0363, 42131.0], [2.0364, 27822.9], [2.0365, 23489.0], [2.0366, 42686.1], [2.0367, 34710.2], [2.0368, 44315.6], [2.0369, 28712.0], [2.037, 12931.3], [2.0371, 17227.7], [2.0372, 38570.1], [2.0373, 52582.0], [2.0374, 43133.2], [2.0375, 46348.2], [2.0376, 32627.4]], "timestamp": "2025-12-13T10:22:26.678888+00:00"}, {"symbol": "XRPUSDT", "bids": [[2.0353, 20552.5], [2.0352, 15894.2], [2.0351, 24151.4], [2.035, 15292.6], [2.0349, 15711.9], [2.0348, 19469.3], [2.0347, 33935.9], [2.0346, 12363.6], [2.0345, 32900.7], [2.0344, 25968.0], [2.0343, 34729.0], [2.0342, 41344.6], [2.0341, 13558.7], [2.034, 26786.9], [2.0339, 11973.4], [2.0338, 24742.7], [2.0337, 49242.3], [2.0336, 19165.3], [2.0335, 32544.6], [2.0334, 35358.5]], "asks": [[2.0354, 3824.2], [2.0355, 5512.6], [2.0356, 13123.9], [2.0357, 16174.4], [2.0358, 22448.9], [2.0359, 22234.0], [2.036, 28538.0], [2.0361, 19201.1], [2.0362, 43900.2], [2.0363, 59460.1], [2.0364, 16353.5], [2.0365, 22905.7], [2.0366, 31174.3], [2.0367, 36945.0], [2.0368, 54096.8], [2.0369, 31817.4], [2.037, 26102.7], [2.0371, 23743.1], [2.0372, 29466.5], [2.0373, 47961.3]], "timestamp": "2025-12-13T10:23:20.951854+00:00"}, {"symbol": "XRPUSDT", "bids": [[2.0362, 33481.9], [2.0361, 23315.6], [2.036, 13095.2], [2.0359, 13704.5], [2.0358, 20631.2], [2.0357, 40947.7], [2.0356, 20524.0], [2.0355, 45893.8], [2.0354, 39201.0], [2.0353, 39672.7], [2.0352, 46863.7], [2.0351, 25402.9], [2.035, 17292.6], [2.0349, 18759.4], [2.0348, 22340.2], [2.0347, 44340.0], [2.0346, 12722.5], [2.0345, 20203.6], [2.0344, 22131.4], [2.0343, 29777.9]], "asks": [[2.0363, 3414.7], [2.0364, 3367.0], [2.0365, 11917.8], [2.0366, 14548.0], [2.0367, 28273.7], [2.0368, 25777.4], [2.0369, 39722.5], [2.037, 19060.6], [2.0371, 25970.5], [2.0372, 38501.3], [2.0373, 51506.7], [2.0374, 47518.6], [2.0375, 35586.4], [2.0376, 31939.7], [2.0377, 29304.1], [2.0378, 41537.7], [2.0379, 44759.4], [2.038, 36345.6], [2.0381, 8831.9], [2.0382, 27040.4]], "timestamp": "2025-12-13T10:24:15.429010+00:00"}, {"symbol": "XRPUSDT", "bids": [[2.0362, 9363.6], [2.0361, 8980.1], [2.036, 12385.8], [2.0359, 22238.4], [2.0358, 25198.3], [2.0357, 34819.9], [2.0356, 22237.5], [2.0355, 44509.6], [2.0354, 28950.5], [2.0353, 39149.8], [2.0352, 45258.5], [2.0351, 23700.4], [2.035, 20984.8], [2.0349, 16748.6], [2.0348, 22695.7], [2.0347, 44267.2], [2.0346, 21328.0], [2.0345, 20171.8], [2.0344, 19180.5], [2.0343, 37542.1]], "asks": [[2.0363, 7222.8], [2.0364, 12141.8], [2.0365, 15757.2], [2.0366, 23825.4], [2.0367, 36039.6], [2.0368, 48884.5], [2.0369, 30229.2], [2.037, 17563.3], [2.0371, 28831.6], [2.0372, 38239.3], [2.0373, 27180.8], [2.0374, 38959.0], [2.0375, 31444.8], [2.0376, 24400.5], [2.0377, 31478.1], [2.0378, 37551.5], [2.0379, 62243.6], [2.038, 33095.8], [2.0381, 10114.4], [2.0382, 31578.2]], "timestamp": "2025-12-13T10:25:09.937622+00:00"}, {"symbol": "XRPUSDT", "bids": [[2.037, 29092.3], [2.0369, 21645.6], [2.0368, 21137.3], [2.0367, 23725.1], [2.0366, 20712.7], [2.0365, 31930.3], [2.0364, 37506.1], [2.0363, 23751.5], [2.0362, 31768.1], [2.0361, 17536.7], [2.036, 44995.3], [2.0359, 18699.5], [2.0358, 20297.3], [2.0357, 41681.4], [2.0356, 15019.4], [2.0355, 31158.4], [2.0354, 20126.6], [2.0353, 30593.4], [2.0352, 38399.3], [2.0351, 20552.1]], "asks": [[2.0371, 6550.0], [2.0372, 9951.2], [2.0373, 11431.1], [2.0374, 9755.9], [2.0375, 32895.2], [2.0376, 15805.1], [2.0377, 23527.4], [2.0378, 20909.5], [2.0379, 44440.0], [2.038, 21296.5], [2.0381, 19678.3], [2.0382, 38735.1], [2.0383, 37180.4], [2.0384, 51633.5], [2.0385, 6695.6], [2.0386, 39628.3], [2.0387, 36263.3], [2.0388, 66992.4], [2.0389, 34446.5], [2.039, 69365.1]], "timestamp": "2025-12-13T10:26:04.350832+00:00"}, {"symbol": "XRPUSDT", "bids": [[2.0371, 4790.3], [2.037, 8930.4], [2.0369, 4368.5], [2.0368, 17811.7], [2.0367, 27602.0], [2.0366, 24831.0], [2.0365, 30063.2], [2.0364, 52481.3], [2.0363, 31865.0], [2.0362, 30920.6], [2.0361, 21644.6], [2.036, 38227.6], [2.0359, 20572.1], [2.0358, 22424.1], [2.0357, 49369.1], [2.0356, 12568.9], [2.0355, 29074.5], [2.0354, 17233.2], [2.0353, 30526.9], [2.0352, 41865.8]], "asks": [[2.0372, 47393.4], [2.0373, 31414.1], [2.0374, 19638.4], [2.0375, 34757.8], [2.0376, 16089.3], [2.0377, 32334.3], [2.0378, 31841.5], [2.0379, 58155.0], [2.038, 28939.1], [2.0381, 14754.5], [2.0382, 32390.8], [2.0383, 36935.5], [2.0384, 52242.7], [2.0385, 12297.9], [2.0386, 36213.6], [2.0387, 32900.6], [2.0388, 34106.4], [2.0389, 31423.1], [2.039, 66885.6], [2.0391, 45727.8]], "timestamp": "2025-12-13T10:26:58.861524+00:00"}, {"symbol": "XRPUSDT", "bids": [[2.036, 26351.6], [2.0359, 10955.0], [2.0358, 7859.8], [2.0357, 33047.7], [2.0356, 8306.9], [2.0355, 22138.8], [2.0354, 20277.3], [2.0353, 33230.4], [2.0352, 47560.4], [2.0351, 17168.1], [2.035, 31204.0], [2.0349, 20675.9], [2.0348, 32308.7], [2.0347, 45428.1], [2.0346, 12681.7], [2.0345, 19787.4], [2.0344, 22194.9], [2.0343, 28491.4], [2.0342, 38829.6], [2.0341, 15649.3]], "asks": [[2.0361, 6014.1], [2.0362, 7696.9], [2.0363, 11105.1], [2.0364, 27386.0], [2.0365, 35774.0], [2.0366, 54561.5], [2.0367, 44208.3], [2.0368, 30100.0], [2.0369, 55384.9], [2.037, 20096.4], [2.0371, 43655.5], [2.0372, 32553.4], [2.0373, 29771.5], [2.0374, 41758.2], [2.0375, 26625.9], [2.0376, 28195.9], [2.0377, 29591.7], [2.0378, 34552.3], [2.0379, 44332.8], [2.038, 56881.3]], "timestamp": "2025-12-13T10:27:52.724600+00:00"}, {"symbol": "XRPUSDT", "bids": [[2.036, 35290.8], [2.0359, 8275.0], [2.0358, 20992.3], [2.0357, 51977.3], [2.0356, 27771.5], [2.0355, 21584.8], [2.0354, 18984.3], [2.0353, 16984.5], [2.0352, 59078.8], [2.0351, 22903.4], [2.035, 23580.7], [2.0349, 17090.3], [2.0348, 23112.6], [2.0347, 47475.5], [2.0346, 13136.4], [2.0345, 20795.8], [2.0344, 25523.2], [2.0343, 38592.3], [2.0342, 37653.6], [2.0341, 23127.9]], "asks": [[2.0361, 515.0], [2.0362, 6274.5], [2.0363, 7637.5], [2.0364, 25350.6], [2.0365, 24573.2], [2.0366, 28314.4], [2.0367, 39042.9], [2.0368, 29168.6], [2.0369, 63579.9], [2.037, 20148.7], [2.0371, 36694.5], [2.0372, 30420.4], [2.0373, 26459.9], [2.0374, 47633.3], [2.0375, 38824.5], [2.0376, 41498.3], [2.0377, 41582.3], [2.0378, 28335.0], [2.0379, 45483.1], [2.038, 51203.9]], "timestamp": "2025-12-13T10:28:46.898362+00:00"}, {"symbol": "XRPUSDT", "bids": [[2.0367, 36725.8], [2.0366, 14720.2], [2.0365, 10439.8], [2.0364, 23718.1], [2.0363, 33509.8], [2.0362, 56437.9], [2.0361, 24453.9], [2.036, 30384.0], [2.0359, 35358.8], [2.0358, 25040.3], [2.0357, 38463.8], [2.0356, 33641.9], [2.0355, 26494.3], [2.0354, 18772.9], [2.0353, 11084.0], [2.0352, 60983.6], [2.0351, 19856.1], [2.035, 19806.2], [2.0349, 16198.9], [2.0348, 36821.6]], "asks": [[2.0368, 2521.2], [2.0369, 9104.7], [2.037, 12546.4], [2.0371, 11587.8], [2.0372, 22242.5], [2.0373, 34513.2], [2.0374, 26731.4], [2.0375, 32706.8], [2.0376, 38547.3], [2.0377, 53053.4], [2.0378, 34855.9], [2.0379, 45807.9], [2.038, 27072.1], [2.0381, 18554.6], [2.0382, 25277.1], [2.0383, 30445.1], [2.0384, 68445.6], [2.0385, 10460.5], [2.0386, 28612.2], [2.0387, 36855.8]], "timestamp": "2025-12-13T10:29:40.246628+00:00"}, {"symbol": "XRPUSDT", "bids": [[2.0366, 5220.7], [2.0365, 3357.2], [2.0364, 8557.5], [2.0363, 17190.6], [2.0362, 19802.4], [2.0361, 19867.3], [2.036, 28176.6], [2.0359, 33597.8], [2.0358, 41380.2], [2.0357, 42329.1], [2.0356, 39277.8], [2.0355, 27785.6], [2.0354, 22195.4], [2.0353, 17402.1], [2.0352, 61917.6], [2.0351, 19852.8], [2.035, 20519.8], [2.0349, 24122.7], [2.0348, 22153.8], [2.0347, 44447.5]], "asks": [[2.0367, 49056.0], [2.0368, 88699.3], [2.0369, 12570.4], [2.037, 25550.6], [2.0371, 20107.3], [2.0372, 30678.8], [2.0373, 26205.1], [2.0374, 44753.7], [2.0375, 22939.5], [2.0376, 30826.2], [2.0377, 42597.5], [2.0378, 19295.6], [2.0379, 36045.6], [2.038, 24337.7], [2.0381, 32254.4], [2.0382, 47993.3], [2.0383, 40446.1], [2.0384, 56749.3], [2.0385, 22402.5], [2.0386, 43074.6]], "timestamp": "2025-12-13T10:30:34.723462+00:00"}, {"symbol": "XRPUSDT", "bids": [[2.037, 18997.5], [2.0369, 12137.5], [2.0368, 20133.5], [2.0367, 39186.5], [2.0366, 16350.5], [2.0365, 32732.4], [2.0364, 32787.7], [2.0363, 20679.1], [2.0362, 64191.5], [2.0361, 19965.4], [2.036, 33182.2], [2.0359, 15788.4], [2.0358, 33185.9], [2.0357, 36156.0], [2.0356, 28448.6], [2.0355, 21318.6], [2.0354, 19789.0], [2.0353, 22048.6], [2.0352, 66746.5], [2.0351, 22715.8]], "asks": [[2.0371, 3410.3], [2.0372, 10483.6], [2.0373, 17152.0], [2.0374, 17239.5], [2.0375, 24768.7], [2.0376, 25039.6], [2.0377, 42903.2], [2.0378, 20616.8], [2.0379, 38573.2], [2.038, 28670.1], [2.0381, 29677.7], [2.0382, 45533.7], [2.0383, 53259.6], [2.0384, 54182.2], [2.0385, 18430.1], [2.0386, 32723.9], [2.0387, 46825.0], [2.0388, 33212.1], [2.0389, 26157.7], [2.039, 63952.1]], "timestamp": "2025-12-13T10:31:31.038868+00:00"}, {"symbol": "XRPUSDT", "bids": [[2.0376, 24215.3], [2.0375, 13988.4], [2.0374, 19637.7], [2.0373, 15373.3], [2.0372, 38008.7], [2.0371, 13199.4], [2.037, 17073.4], [2.0369, 29803.6], [2.0368, 42204.6], [2.0367, 41165.8], [2.0366, 30631.3], [2.0365, 22484.8], [2.0364, 19180.3], [2.0363, 21611.3], [2.0362, 56980.4], [2.0361, 13107.0], [2.036, 29987.9], [2.0359, 19282.7], [2.0358, 33262.9], [2.0357, 34497.5]], "asks": [[2.0377, 14219.9], [2.0378, 9987.9], [2.0379, 17358.8], [2.038, 22425.8], [2.0381, 35608.7], [2.0382, 17138.2], [2.0383, 39313.4], [2.0384, 64511.5], [2.0385, 19768.7], [2.0386, 26849.5], [2.0387, 15349.1], [2.0388, 48329.4], [2.0389, 35373.6], [2.039, 53983.8], [2.0391, 40022.5], [2.0392, 22947.4], [2.0393, 36902.8], [2.0394, 21797.0], [2.0395, 42570.0], [2.0396, 102188.1]], "timestamp": "2025-12-13T10:32:25.137709+00:00"}, {"symbol": "XRPUSDT", "bids": [[2.0374, 4566.6], [2.0373, 7571.0], [2.0372, 3845.4], [2.0371, 10125.3], [2.037, 15394.5], [2.0369, 24143.0], [2.0368, 27769.3], [2.0367, 37728.4], [2.0366, 32210.7], [2.0365, 26228.8], [2.0364, 22681.6], [2.0363, 19061.9], [2.0362, 63505.0], [2.0361, 14239.9], [2.036, 26478.4], [2.0359, 15053.6], [2.0358, 31298.5], [2.0357, 34483.3], [2.0356, 18712.4], [2.0355, 26446.6]], "asks": [[2.0375, 26284.6], [2.0376, 69727.2], [2.0377, 38844.1], [2.0378, 30967.6], [2.0379, 16100.2], [2.038, 19017.3], [2.0381, 12503.8], [2.0382, 12858.6], [2.0383, 27983.4], [2.0384, 39772.2], [2.0385, 48918.7], [2.0386, 23570.1], [2.0387, 19718.8], [2.0388, 26049.2], [2.0389, 25592.7], [2.039, 43394.0], [2.0391, 40882.0], [2.0392, 34492.0], [2.0393, 39231.0], [2.0394, 20879.8]], "timestamp": "2025-12-13T10:33:19.406679+00:00"}, {"symbol": "XRPUSDT", "bids": [[2.0381, 18735.9], [2.038, 12352.1], [2.0379, 20303.1], [2.0378, 12885.8], [2.0377, 24218.5], [2.0376, 18084.8], [2.0375, 21045.9], [2.0374, 24219.1], [2.0373, 28590.8], [2.0372, 52951.7], [2.0371, 10822.4], [2.037, 23736.1], [2.0369, 14343.2], [2.0368, 24137.3], [2.0367, 32813.0], [2.0366, 16355.5], [2.0365, 20804.2], [2.0364, 16978.8], [2.0363, 24865.9], [2.0362, 109785.1]], "asks": [[2.0382, 1062.1], [2.0383, 3101.6], [2.0384, 12307.3], [2.0385, 14212.5], [2.0386, 18158.1], [2.0387, 21379.9], [2.0388, 35837.8], [2.0389, 21602.7], [2.039, 31845.6], [2.0391, 59680.1], [2.0392, 24604.0], [2.0393, 36390.7], [2.0394, 23495.3], [2.0395, 31344.4], [2.0396, 41330.9], [2.0397, 55201.7], [2.0398, 69417.1], [2.0399, 132195.3], [2.04, 616866.0], [2.0401, 27002.2]], "timestamp": "2025-12-13T10:34:13.964449+00:00"}, {"symbol": "XRPUSDT", "bids": [[2.0377, 7381.0], [2.0376, 6321.7], [2.0375, 15370.4], [2.0374, 18007.8], [2.0373, 23656.3], [2.0372, 44360.6], [2.0371, 16306.5], [2.037, 24137.2], [2.0369, 16153.4], [2.0368, 29607.2], [2.0367, 35225.1], [2.0366, 14381.8], [2.0365, 22753.9], [2.0364, 17898.3], [2.0363, 21774.6], [2.0362, 59093.3], [2.0361, 26729.7], [2.036, 27495.0], [2.0359, 5737.5], [2.0358, 25343.5]], "asks": [[2.0378, 10876.3], [2.0379, 8476.4], [2.038, 26586.9], [2.0381, 27958.7], [2.0382, 18517.6], [2.0383, 22401.8], [2.0384, 30929.2], [2.0385, 33124.5], [2.0386, 57412.9], [2.0387, 33302.7], [2.0388, 20780.4], [2.0389, 16655.8], [2.039, 25602.5], [2.0391, 64206.5], [2.0392, 38026.7], [2.0393, 49616.5], [2.0394, 26466.7], [2.0395, 16953.7], [2.0396, 29594.9], [2.0397, 118737.2]], "timestamp": "2025-12-13T10:35:08.340939+00:00"}, {"symbol": "XRPUSDT", "bids": [[2.0381, 5429.9], [2.038, 4796.1], [2.0379, 9796.8], [2.0378, 24780.9], [2.0377, 40620.3], [2.0376, 19171.1], [2.0375, 21750.3], [2.0374, 14883.2], [2.0373, 17001.2], [2.0372, 61812.4], [2.0371, 14272.8], [2.037, 28437.2], [2.0369, 15773.9], [2.0368, 28841.4], [2.0367, 40865.8], [2.0366, 19183.9], [2.0365, 22174.4], [2.0364, 20427.2], [2.0363, 17606.6], [2.0362, 52180.9]], "asks": [[2.0382, 17719.0], [2.0383, 24997.8], [2.0384, 37274.5], [2.0385, 29242.3], [2.0386, 23571.2], [2.0387, 22604.7], [2.0388, 18860.1], [2.0389, 18015.8], [2.039, 27220.4], [2.0391, 67318.0], [2.0392, 23263.6], [2.0393, 18009.6], [2.0394, 20152.4], [2.0395, 24987.7], [2.0396, 34949.7], [2.0397, 58616.2], [2.0398, 78196.0], [2.0399, 129026.7], [2.04, 613535.2], [2.0401, 18849.1]], "timestamp": "2025-12-13T10:36:02.919768+00:00"}, {"symbol": "XRPUSDT", "bids": [[2.0373, 12985.5], [2.0372, 13243.2], [2.0371, 21385.9], [2.037, 22409.0], [2.0369, 15967.8], [2.0368, 27151.7], [2.0367, 35293.7], [2.0366, 26665.0], [2.0365, 44162.7], [2.0364, 32322.3], [2.0363, 20201.8], [2.0362, 59510.0], [2.0361, 27791.1], [2.036, 30787.0], [2.0359, 5204.2], [2.0358, 36766.8], [2.0357, 39382.6], [2.0356, 18307.8], [2.0355, 29379.2], [2.0354, 18370.9]], "asks": [[2.0374, 7955.9], [2.0375, 9453.0], [2.0376, 11291.7], [2.0377, 15570.9], [2.0378, 32561.8], [2.0379, 20202.6], [2.038, 31561.6], [2.0381, 57962.0], [2.0382, 18233.5], [2.0383, 39280.0], [2.0384, 32797.7], [2.0385, 32645.5], [2.0386, 58660.5], [2.0387, 15425.6], [2.0388, 23305.8], [2.0389, 38698.5], [2.039, 49906.2], [2.0391, 60263.7], [2.0392, 23277.6], [2.0393, 16124.5]], "timestamp": "2025-12-13T10:36:57.180908+00:00"}, {"symbol": "XRPUSDT", "bids": [[2.0361, 3715.0], [2.036, 10794.6], [2.0359, 14463.2], [2.0358, 35143.2], [2.0357, 14989.4], [2.0356, 10148.0], [2.0355, 26360.5], [2.0354, 34331.6], [2.0353, 24835.4], [2.0352, 58441.0], [2.0351, 22300.4], [2.035, 23775.1], [2.0349, 22230.7], [2.0348, 21400.1], [2.0347, 40311.0], [2.0346, 8890.6], [2.0345, 18984.0], [2.0344, 13481.5], [2.0343, 24667.9], [2.0342, 34333.3]], "asks": [[2.0362, 23159.5], [2.0363, 14426.9], [2.0364, 21326.3], [2.0365, 23011.9], [2.0366, 19194.6], [2.0367, 21718.6], [2.0368, 20678.5], [2.0369, 28587.1], [2.037, 57758.5], [2.0371, 44409.9], [2.0372, 17645.4], [2.0373, 14621.7], [2.0374, 29044.6], [2.0375, 28641.2], [2.0376, 45058.6], [2.0377, 13862.7], [2.0378, 35305.2], [2.0379, 35721.5], [2.038, 39544.6], [2.0381, 44075.9]], "timestamp": "2025-12-13T10:37:51.671848+00:00"}, {"symbol": "XRPUSDT", "bids": [[2.0372, 11355.5], [2.0371, 12894.8], [2.037, 13273.2], [2.0369, 23413.1], [2.0368, 27881.7], [2.0367, 40633.8], [2.0366, 15037.1], [2.0365, 26773.2], [2.0364, 36033.9], [2.0363, 33497.0], [2.0362, 38849.3], [2.0361, 33415.7], [2.036, 21767.1], [2.0359, 26817.3], [2.0358, 28107.4], [2.0357, 48388.3], [2.0356, 14914.5], [2.0355, 23870.8], [2.0354, 11696.7], [2.0353, 20099.3]], "asks": [[2.0373, 3425.9], [2.0374, 6674.8], [2.0375, 19323.4], [2.0376, 26634.2], [2.0377, 28210.8], [2.0378, 47134.9], [2.0379, 41150.5], [2.038, 41236.3], [2.0381, 58686.8], [2.0382, 16525.5], [2.0383, 35403.3], [2.0384, 41643.8], [2.0385, 45476.1], [2.0386, 45299.5], [2.0387, 42762.6], [2.0388, 30124.0], [2.0389, 33363.2], [2.039, 38106.8], [2.0391, 56464.3], [2.0392, 25067.7]], "timestamp": "2025-12-13T10:38:45.430053+00:00"}, {"symbol": "XRPUSDT", "bids": [[2.0364, 22372.8], [2.0363, 19985.6], [2.0362, 27553.8], [2.0361, 24633.4], [2.036, 25560.0], [2.0359, 20760.6], [2.0358, 30117.8], [2.0357, 37242.7], [2.0356, 14000.2], [2.0355, 39493.6], [2.0354, 24432.2], [2.0353, 32533.2], [2.0352, 56465.4], [2.0351, 25070.2], [2.035, 39744.5], [2.0349, 18787.6], [2.0348, 27768.8], [2.0347, 40753.9], [2.0346, 16078.4], [2.0345, 21929.9]], "asks": [[2.0365, 5400.2], [2.0366, 689.9], [2.0367, 13837.0], [2.0368, 21363.2], [2.0369, 22780.2], [2.037, 37871.6], [2.0371, 39741.6], [2.0372, 30578.6], [2.0373, 12034.7], [2.0374, 31831.3], [2.0375, 43174.1], [2.0376, 60691.1], [2.0377, 30296.4], [2.0378, 18783.0], [2.0379, 35412.5], [2.038, 77517.7], [2.0381, 56771.2], [2.0382, 13158.4], [2.0383, 49145.6], [2.0384, 25538.1]], "timestamp": "2025-12-13T10:39:39.359084+00:00"}, {"symbol": "XRPUSDT", "bids": [[2.0369, 6206.3], [2.0368, 8356.8], [2.0367, 14876.7], [2.0366, 24583.4], [2.0365, 22821.1], [2.0364, 30398.6], [2.0363, 23607.5], [2.0362, 45019.2], [2.0361, 29536.8], [2.036, 24451.8], [2.0359, 23477.4], [2.0358, 18523.2], [2.0357, 50963.1], [2.0356, 28003.6], [2.0355, 39849.0], [2.0354, 12054.4], [2.0353, 23117.3], [2.0352, 45026.3], [2.0351, 24509.7], [2.035, 37584.3]], "asks": [[2.037, 13204.8], [2.0371, 15703.8], [2.0372, 17746.7], [2.0373, 19728.2], [2.0374, 29524.4], [2.0375, 39062.1], [2.0376, 54262.7], [2.0377, 32048.1], [2.0378, 15545.4], [2.0379, 23496.4], [2.038, 30863.2], [2.0381, 62383.6], [2.0382, 15838.5], [2.0383, 34897.5], [2.0384, 37638.0], [2.0385, 54576.3], [2.0386, 45723.2], [2.0387, 13521.7], [2.0388, 30252.3], [2.0389, 36235.7]], "timestamp": "2025-12-13T10:40:33.156646+00:00"}, {"symbol": "XRPUSDT", "bids": [[2.0374, 19683.2], [2.0373, 18419.4], [2.0372, 41230.2], [2.0371, 23755.0], [2.037, 28242.6], [2.0369, 25228.1], [2.0368, 27859.5], [2.0367, 62608.6], [2.0366, 33785.0], [2.0365, 28198.3], [2.0364, 25565.0], [2.0363, 24663.2], [2.0362, 49419.2], [2.0361, 27348.9], [2.036, 16146.1], [2.0359, 20627.9], [2.0358, 6979.3], [2.0357, 49955.4], [2.0356, 21889.2], [2.0355, 29895.3]], "asks": [[2.0375, 1260.0], [2.0376, 1416.9], [2.0377, 3741.4], [2.0378, 6846.6], [2.0379, 8865.0], [2.038, 17419.1], [2.0381, 42792.5], [2.0382, 1592.4], [2.0383, 31488.2], [2.0384, 28347.0], [2.0385, 48815.0], [2.0386, 47427.3], [2.0387, 11640.0], [2.0388, 26294.3], [2.0389, 22409.4], [2.039, 40732.2], [2.0391, 64430.1], [2.0392, 36881.3], [2.0393, 15800.9], [2.0394, 27433.3]], "timestamp": "2025-12-13T10:41:26.814862+00:00"}, {"symbol": "XRPUSDT", "bids": [[2.0378, 9835.9], [2.0377, 3680.2], [2.0376, 15261.6], [2.0375, 10781.7], [2.0374, 17552.5], [2.0373, 28838.4], [2.0372, 50803.6], [2.0371, 19264.1], [2.037, 22832.6], [2.0369, 35604.8], [2.0368, 29994.7], [2.0367, 53447.4], [2.0366, 25943.5], [2.0365, 24097.7], [2.0364, 25263.7], [2.0363, 23140.0], [2.0362, 43793.5], [2.0361, 24826.9], [2.036, 25946.6], [2.0359, 21056.5]], "asks": [[2.0379, 32448.4], [2.038, 19374.2], [2.0381, 21514.9], [2.0382, 13146.9], [2.0383, 18245.9], [2.0384, 34950.1], [2.0385, 40631.1], [2.0386, 23000.3], [2.0387, 19377.1], [2.0388, 33265.1], [2.0389, 32179.1], [2.039, 48441.2], [2.0391, 57552.2], [2.0392, 29764.9], [2.0393, 17942.7], [2.0394, 38681.5], [2.0395, 26952.3], [2.0396, 27999.1], [2.0397, 42400.3], [2.0398, 72235.2]], "timestamp": "2025-12-13T10:42:20.473536+00:00"}, {"symbol": "XRPUSDT", "bids": [[2.0376, 7765.1], [2.0375, 8751.5], [2.0374, 12331.6], [2.0373, 17415.8], [2.0372, 36208.7], [2.0371, 27064.7], [2.037, 32174.8], [2.0369, 32259.8], [2.0368, 29000.9], [2.0367, 56137.2], [2.0366, 26232.7], [2.0365, 26589.6], [2.0364, 25856.2], [2.0363, 22269.5], [2.0362, 46258.5], [2.0361, 31745.1], [2.036, 20715.1], [2.0359, 22737.9], [2.0358, 20137.6], [2.0357, 51601.1]], "asks": [[2.0377, 21614.9], [2.0378, 8689.1], [2.0379, 14517.0], [2.038, 18625.3], [2.0381, 15773.1], [2.0382, 13365.3], [2.0383, 20943.5], [2.0384, 31382.8], [2.0385, 40360.3], [2.0386, 21720.3], [2.0387, 20035.1], [2.0388, 30184.0], [2.0389, 32763.6], [2.039, 43484.8], [2.0391, 59005.9], [2.0392, 36263.9], [2.0393, 23624.8], [2.0394, 33459.7], [2.0395, 25520.5], [2.0396, 23708.4]], "timestamp": "2025-12-13T10:43:14.356091+00:00"}, {"symbol": "XRPUSDT", "bids": [[2.0376, 2115.6], [2.0375, 9552.6], [2.0374, 9003.5], [2.0373, 10512.0], [2.0372, 43051.6], [2.0371, 15981.3], [2.037, 5100.8], [2.0369, 19151.1], [2.0368, 24861.5], [2.0367, 46241.2], [2.0366, 27998.4], [2.0365, 20955.6], [2.0364, 32296.1], [2.0363, 39462.9], [2.0362, 46897.7], [2.0361, 41825.5], [2.036, 16612.0], [2.0359, 28693.8], [2.0358, 42452.4], [2.0357, 52055.5]], "asks": [[2.0377, 39192.7], [2.0378, 27930.8], [2.0379, 22204.5], [2.038, 22529.6], [2.0381, 24110.3], [2.0382, 31778.9], [2.0383, 27519.6], [2.0384, 31555.3], [2.0385, 32239.4], [2.0386, 60651.3], [2.0387, 15787.8], [2.0388, 22516.8], [2.0389, 19167.5], [2.039, 27857.5], [2.0391, 57418.9], [2.0392, 21105.9], [2.0393, 36454.1], [2.0394, 25201.0], [2.0395, 37942.0], [2.0396, 23149.2]], "timestamp": "2025-12-13T10:44:08.782342+00:00"}, {"symbol": "XRPUSDT", "bids": [[2.0369, 7814.0], [2.0368, 6009.2], [2.0367, 10632.3], [2.0366, 23648.0], [2.0365, 19549.4], [2.0364, 18813.2], [2.0363, 33908.5], [2.0362, 49022.7], [2.0361, 41379.5], [2.036, 19841.5], [2.0359, 26491.6], [2.0358, 21627.2], [2.0357, 53376.7], [2.0356, 21966.2], [2.0355, 32917.8], [2.0354, 11361.8], [2.0353, 22945.4], [2.0352, 45160.1], [2.0351, 53898.8], [2.035, 40823.6]], "asks": [[2.037, 11150.9], [2.0371, 13529.9], [2.0372, 16367.8], [2.0373, 22414.5], [2.0374, 14038.7], [2.0375, 22266.5], [2.0376, 27970.0], [2.0377, 53960.3], [2.0378, 38350.5], [2.0379, 29634.2], [2.038, 18456.0], [2.0381, 45630.8], [2.0382, 24550.9], [2.0383, 26601.1], [2.0384, 26149.5], [2.0385, 33686.0], [2.0386, 57198.5], [2.0387, 39219.7], [2.0388, 23695.0], [2.0389, 7613.2]], "timestamp": "2025-12-13T10:45:03.805116+00:00"}, {"symbol": "XRPUSDT", "bids": [[2.0368, 83060.9], [2.0367, 6818.5], [2.0366, 5054.1], [2.0365, 7374.3], [2.0364, 24222.8], [2.0363, 31561.0], [2.0362, 50331.1], [2.0361, 39717.3], [2.036, 17821.8], [2.0359, 25890.9], [2.0358, 22534.0], [2.0357, 46823.8], [2.0356, 22157.1], [2.0355, 34552.9], [2.0354, 20012.9], [2.0353, 33471.9], [2.0352, 37675.3], [2.0351, 53096.4], [2.035, 40084.3], [2.0349, 21164.7]], "asks": [[2.0369, 9986.4], [2.037, 760.8], [2.0371, 6626.7], [2.0372, 14010.4], [2.0373, 24700.7], [2.0374, 31103.3], [2.0375, 41830.8], [2.0376, 60276.3], [2.0377, 64646.3], [2.0378, 36419.6], [2.0379, 20170.3], [2.038, 10714.6], [2.0381, 52731.3], [2.0382, 24208.9], [2.0383, 27242.5], [2.0384, 31568.4], [2.0385, 34601.5], [2.0386, 61487.4], [2.0387, 39859.5], [2.0388, 25612.0]], "timestamp": "2025-12-13T10:45:58.280669+00:00"}