[{"id": "706901293", "price": 2.0197, "amount": 5.5, "side": "buy", "timestamp": 1765669352250}, {"id": "706901294", "price": 2.0197, "amount": 6.3, "side": "buy", "timestamp": 1765669352759}, {"id": "706901295", "price": 2.0197, "amount": 8.5, "side": "buy", "timestamp": 1765669352918}, {"id": "706901296", "price": 2.0197, "amount": 5.5, "side": "buy", "timestamp": 1765669353516}, {"id": "706901297", "price": 2.0197, "amount": 45.5, "side": "buy", "timestamp": 1765669354095}, {"id": "706901298", "price": 2.0197, "amount": 17.9, "side": "buy", "timestamp": 1765669354691}, {"id": "706901299", "price": 2.0196, "amount": 1271.3, "side": "sell", "timestamp": 1765669355384}, {"id": "706901300", "price": 2.0196, "amount": 9.0, "side": "sell", "timestamp": 1765669355663}, {"id": "706901301", "price": 2.0196, "amount": 2.8, "side": "sell", "timestamp": 1765669355777}, {"id": "706901302", "price": 2.0197, "amount": 5.5, "side": "buy", "timestamp": 1765669356058}, {"id": "706901303", "price": 2.0197, "amount": 14.8, "side": "buy", "timestamp": 1765669357065}, {"id": "706901304", "price": 2.0197, "amount": 5.5, "side": "buy", "timestamp": 1765669357330}, {"id": "706901305", "price": 2.0196, "amount": 20.4, "side": "sell", "timestamp": 1765669357702}, {"id": "706901306", "price": 2.0197, "amount": 3.7, "side": "buy", "timestamp": 1765669358237}, {"id": "706901307", "price": 2.0196, "amount": 145.4, "side": "sell", "timestamp": 1765669358351}, {"id": "706901308", "price": 2.0197, "amount": 5.5, "side": "buy", "timestamp": 1765669358602}, {"id": "706901309", "price": 2.0197, "amount": 100.0, "side": "buy", "timestamp": 1765669358914}, {"id": "706901310", "price": 2.0197, "amount": 5.5, "side": "buy", "timestamp": 1765669359871}, {"id": "706901311", "price": 2.0196, "amount": 19.9, "side": "sell", "timestamp": 1765669360178}, {"id": "706901312", "price": 2.0197, "amount": 5.5, "side": "buy", "timestamp": 1765669361142}, {"id": "706901313", "price": 2.0197, "amount": 329.3, "side": "buy", "timestamp": 1765669361955}, {"id": "706901314", "price": 2.0197, "amount": 5.5, "side": "buy", "timestamp": 1765669362411}, {"id": "706901315", "price": 2.0196, "amount": 14.9, "side": "sell", "timestamp": 1765669363126}, {"id": "706901316", "price": 2.0197, "amount": 5.5, "side": "buy", "timestamp": 1765669363681}, {"id": "706901317", "price": 2.0197, "amount": 2.5, "side": "buy", "timestamp": 1765669364030}, {"id": "706901318", "price": 2.0197, "amount": 5.5, "side": "buy", "timestamp": 1765669364952}, {"id": "706901319", "price": 2.0196, "amount": 3.4, "side": "sell", "timestamp": 1765669365872}, {"id": "706901320", "price": 2.0197, "amount": 5.5, "side": "buy", "timestamp": 1765669366223}, {"id": "706901321", "price": 2.0197, "amount": 5.5, "side": "buy", "timestamp": 1765669367489}, {"id": "706901322", "price": 2.0197, "amount": 45.6, "side": "buy", "timestamp": 1765669367925}, {"id": "706901323", "price": 2.0197, "amount": 5.5, "side": "buy", "timestamp": 1765669368763}, {"id": "706901324", "price": 2.0197, "amount": 589.8, "side": "buy", "timestamp": 1765669369903}, {"id": "706901325", "price": 2.0197, "amount": 118447.6, "side": "buy", "timestamp": 1765669370033}, {"id": "706901326", "price": 2.0198, "amount": 2659.6, "side": "buy", "timestamp": 1765669370112}, {"id": "706901327", "price": 2.0199, "amount": 4617.6, "side": "buy", "timestamp": 1765669370112}, {"id": "706901328", "price": 2.02, "amount": 5.5, "side": "buy", "timestamp": 1765669371304}, {"id": "706901329", "price": 2.0199, "amount": 10.4, "side": "sell", "timestamp": 1765669371320}, {"id": "706901330", "price": 2.02, "amount": 5.5, "side": "buy", "timestamp": 1765669372573}, {"id": "706901331", "price": 2.0199, "amount": 2.7, "side": "sell", "timestamp": 1765669372703}, {"id": "706901332", "price": 2.02, "amount": 5.5, "side": "buy", "timestamp": 1765669373845}, {"id": "706901333", "price": 2.0199, "amount": 300.0, "side": "sell", "timestamp": 1765669373893}, {"id": "706901334", "price": 2.02, "amount": 5.5, "side": "buy", "timestamp": 1765669375113}, {"id": "706901335", "price": 2.02, "amount": 5.5, "side": "buy", "timestamp": 1765669376380}, {"id": "706901336", "price": 2.02, "amount": 5.5, "side": "buy", "timestamp": 1765669377652}, {"id": "706901337", "price": 2.02, "amount": 6170.5, "side": "buy", "timestamp": 1765669378923}, {"id": "706901338", "price": 2.0201, "amount": 9873.3, "side": "buy", "timestamp": 1765669379010}, {"id": "706901339", "price": 2.0202, "amount": 6205.7, "side": "buy", "timestamp": 1765669379010}, {"id": "706901340", "price": 2.0203, "amount": 2508.4, "side": "buy", "timestamp": 1765669379010}, {"id": "706901341", "price": 2.0202, "amount": 8907.5, "side": "sell", "timestamp": 1765669379018}, {"id": "706901342", "price": 2.0202, "amount": 49.3, "side": "buy", "timestamp": 1765669379904}, {"id": "706901380", "price": 2.0201, "amount": 2.8, "side": "sell", "timestamp": 1765669403462}, {"id": "706901381", "price": 2.0202, "amount": 5.5, "side": "buy", "timestamp": 1765669404329}, {"id": "706901382", "price": 2.0201, "amount": 56.8, "side": "sell", "timestamp": 1765669405096}, {"id": "706901383", "price": 2.0202, "amount": 5.5, "side": "buy", "timestamp": 1765669405595}, {"id": "706901384", "price": 2.0202, "amount": 5.5, "side": "buy", "timestamp": 1765669406871}, {"id": "706901385", "price": 2.0202, "amount": 5.5, "side": "buy", "timestamp": 1765669408140}, {"id": "706901386", "price": 2.0201, "amount": 3.2, "side": "sell", "timestamp": 1765669408729}, {"id": "706901387", "price": 2.0201, "amount": 24.6, "side": "sell", "timestamp": 1765669408862}, {"id": "706901388", "price": 2.0201, "amount": 50.3, "side": "sell", "timestamp": 1765669409299}, {"id": "706901389", "price": 2.0202, "amount": 5.5, "side": "buy", "timestamp": 1765669409407}, {"id": "706901390", "price": 2.0202, "amount": 5.5, "side": "buy", "timestamp": 1765669410677}, {"id": "706901391", "price": 2.0202, "amount": 45.5, "side": "buy", "timestamp": 1765669411366}, {"id": "706901392", "price": 2.0202, "amount": 5.5, "side": "buy", "timestamp": 1765669411951}, {"id": "706901393", "price": 2.0201, "amount": 9.2, "side": "sell", "timestamp": 1765669412750}, {"id": "706901394", "price": 2.0202, "amount": 5.5, "side": "buy", "timestamp": 1765669413221}, {"id": "706901395", "price": 2.0201, "amount": 2.7, "side": "sell", "timestamp": 1765669414346}, {"id": "706901396", "price": 2.0202, "amount": 5.5, "side": "buy", "timestamp": 1765669414491}, {"id": "706901397", "price": 2.0202, "amount": 102.8, "side": "buy", "timestamp": 1765669414770}, {"id": "706901398", "price": 2.0202, "amount": 5.5, "side": "buy", "timestamp": 1765669415760}, {"id": "706901399", "price": 2.0201, "amount": 2.6, "side": "sell", "timestamp": 1765669416668}, {"id": "706901400", "price": 2.0201, "amount": 3.0, "side": "sell", "timestamp": 1765669416974}, {"id": "706901401", "price": 2.0202, "amount": 5.5, "side": "buy", "timestamp": 1765669417028}, {"id": "706901402", "price": 2.0201, "amount": 41.9, "side": "sell", "timestamp": 1765669417171}, {"id": "706901403", "price": 2.0201, "amount": 3.0, "side": "sell", "timestamp": 1765669417728}, {"id": "706901404", "price": 2.0202, "amount": 5.5, "side": "buy", "timestamp": 1765669418302}, {"id": "706901405", "price": 2.0202, "amount": 15.8, "side": "buy", "timestamp": 1765669419367}, {"id": "706901406", "price": 2.0202, "amount": 5.5, "side": "buy", "timestamp": 1765669419569}, {"id": "706901407", "price": 2.0202, "amount": 1000.0, "side": "buy", "timestamp": 1765669420234}, {"id": "706901408", "price": 2.0201, "amount": 5.6, "side": "sell", "timestamp": 1765669420764}, {"id": "706901409", "price": 2.0202, "amount": 5.5, "side": "buy", "timestamp": 1765669420843}, {"id": "706901410", "price": 2.0202, "amount": 5.5, "side": "buy", "timestamp": 1765669422113}, {"id": "706901411", "price": 2.0201, "amount": 3.2, "side": "sell", "timestamp": 1765669422853}, {"id": "706901412", "price": 2.0202, "amount": 5.5, "side": "buy", "timestamp": 1765669423380}, {"id": "706901413", "price": 2.0201, "amount": 14.8, "side": "sell", "timestamp": 1765669423394}, {"id": "706901414", "price": 2.0202, "amount": 3.0, "side": "buy", "timestamp": 1765669423833}, {"id": "706901415", "price": 2.0202, "amount": 5.5, "side": "buy", "timestamp": 1765669424653}, {"id": "706901416", "price": 2.0202, "amount": 4354.9, "side": "buy", "timestamp": 1765669425855}, {"id": "706901417", "price": 2.0202, "amount": 5.5, "side": "buy", "timestamp": 1765669427193}, {"id": "706901418", "price": 2.0202, "amount": 294.2, "side": "buy", "timestamp": 1765669427444}, {"id": "706901419", "price": 2.0201, "amount": 6.0, "side": "sell", "timestamp": 1765669427653}, {"id": "706901420", "price": 2.0202, "amount": 5.5, "side": "buy", "timestamp": 1765669428460}, {"id": "706901421", "price": 2.0201, "amount": 3.8, "side": "sell", "timestamp": 1765669428894}, {"id": "706901422", "price": 2.0202, "amount": 5.5, "side": "buy", "timestamp": 1765669429730}, {"id": "706901423", "price": 2.0202, "amount": 45.6, "side": "buy", "timestamp": 1765669429977}, {"id": "706901424", "price": 2.0202, "amount": 1939.2, "side": "buy", "timestamp": 1765669430583}, {"id": "706901425", "price": 2.0202, "amount": 5.5, "side": "buy", "timestamp": 1765669431005}, {"id": "706901426", "price": 2.0201, "amount": 4.9, "side": "sell", "timestamp": 1765669431847}, {"id": "706901427", "price": 2.0202, "amount": 5.5, "side": "buy", "timestamp": 1765669432276}, {"id": "706901428", "price": 2.0202, "amount": 17.6, "side": "buy", "timestamp": 1765669432969}, {"id": "706901429", "price": 2.0202, "amount": 3.2, "side": "buy", "timestamp": 1765669433124}, {"id": "706901475", "price": 2.0209, "amount": 5.5, "side": "buy", "timestamp": 1765669456406}, {"id": "706901476", "price": 2.0209, "amount": 97.5, "side": "buy", "timestamp": 1765669456608}, {"id": "706901477", "price": 2.0209, "amount": 45.7, "side": "buy", "timestamp": 1765669457226}, {"id": "706901478", "price": 2.0209, "amount": 5368.4, "side": "buy", "timestamp": 1765669457372}, {"id": "706901479", "price": 2.021, "amount": 580.6, "side": "buy", "timestamp": 1765669457372}, {"id": "706901480", "price": 2.021, "amount": 146.3, "side": "buy", "timestamp": 1765669457679}, {"id": "706901481", "price": 2.021, "amount": 5.5, "side": "buy", "timestamp": 1765669458950}, {"id": "706901482", "price": 2.021, "amount": 5.5, "side": "buy", "timestamp": 1765669460220}, {"id": "706901483", "price": 2.021, "amount": 5.5, "side": "buy", "timestamp": 1765669461487}, {"id": "706901484", "price": 2.021, "amount": 5.5, "side": "buy", "timestamp": 1765669462756}, {"id": "706901485", "price": 2.0209, "amount": 6.1, "side": "sell", "timestamp": 1765669463653}, {"id": "706901486", "price": 2.021, "amount": 5.5, "side": "buy", "timestamp": 1765669464030}, {"id": "706901487", "price": 2.021, "amount": 5.5, "side": "buy", "timestamp": 1765669465298}, {"id": "706901488", "price": 2.021, "amount": 14.8, "side": "buy", "timestamp": 1765669465481}, {"id": "706901489", "price": 2.0209, "amount": 21.0, "side": "sell", "timestamp": 1765669466294}, {"id": "706901490", "price": 2.021, "amount": 5.5, "side": "buy", "timestamp": 1765669466571}, {"id": "706901491", "price": 2.021, "amount": 5.5, "side": "buy", "timestamp": 1765669467840}, {"id": "706901492", "price": 2.0209, "amount": 6.3, "side": "sell", "timestamp": 1765669467997}, {"id": "706901493", "price": 2.021, "amount": 5.5, "side": "buy", "timestamp": 1765669469112}, {"id": "706901494", "price": 2.021, "amount": 5.5, "side": "buy", "timestamp": 1765669470383}, {"id": "706901495", "price": 2.0209, "amount": 3.1, "side": "sell", "timestamp": 1765669470687}, {"id": "706901496", "price": 2.0209, "amount": 5.6, "side": "sell", "timestamp": 1765669471366}, {"id": "706901497", "price": 2.021, "amount": 5.5, "side": "buy", "timestamp": 1765669471653}, {"id": "706901498", "price": 2.0209, "amount": 2.8, "side": "sell", "timestamp": 1765669471740}, {"id": "706901499", "price": 2.021, "amount": 2997.1, "side": "buy", "timestamp": 1765669472228}, {"id": "706901500", "price": 2.021, "amount": 20.4, "side": "buy", "timestamp": 1765669472923}, {"id": "706901501", "price": 2.0209, "amount": 8.1, "side": "sell", "timestamp": 1765669474091}, {"id": "706901502", "price": 2.021, "amount": 5.5, "side": "buy", "timestamp": 1765669474192}, {"id": "706901503", "price": 2.021, "amount": 45.5, "side": "buy", "timestamp": 1765669474915}, {"id": "706901504", "price": 2.0209, "amount": 163.9, "side": "sell", "timestamp": 1765669475367}, {"id": "706901505", "price": 2.021, "amount": 5.5, "side": "buy", "timestamp": 1765669475460}, {"id": "706901506", "price": 2.021, "amount": 5.5, "side": "buy", "timestamp": 1765669476731}, {"id": "706901507", "price": 2.021, "amount": 5.5, "side": "buy", "timestamp": 1765669478005}, {"id": "706901508", "price": 2.021, "amount": 5.8, "side": "buy", "timestamp": 1765669478631}, {"id": "706901509", "price": 2.0209, "amount": 3.4, "side": "sell", "timestamp": 1765669478731}, {"id": "706901510", "price": 2.021, "amount": 5.5, "side": "buy", "timestamp": 1765669479271}, {"id": "706901511", "price": 2.021, "amount": 3200.0, "side": "buy", "timestamp": 1765669480200}, {"id": "706901512", "price": 2.021, "amount": 5.5, "side": "buy", "timestamp": 1765669480540}, {"id": "706901513", "price": 2.0209, "amount": 9.8, "side": "sell", "timestamp": 1765669480940}, {"id": "706901514", "price": 2.021, "amount": 5.5, "side": "buy", "timestamp": 1765669481817}, {"id": "706901515", "price": 2.0209, "amount": 100.0, "side": "sell", "timestamp": 1765669481857}, {"id": "706901516", "price": 2.0209, "amount": 3505.0, "side": "sell", "timestamp": 1765669481988}, {"id": "706901517", "price": 2.0208, "amount": 539.4, "side": "sell", "timestamp": 1765669482036}, {"id": "706901518", "price": 2.0208, "amount": 5.5, "side": "buy", "timestamp": 1765669483079}, {"id": "706901519", "price": 2.0207, "amount": 14.9, "side": "sell", "timestamp": 1765669483566}, {"id": "706901520", "price": 2.0208, "amount": 5.5, "side": "buy", "timestamp": 1765669484353}, {"id": "706901521", "price": 2.0207, "amount": 2.0, "side": "sell", "timestamp": 1765669484762}, {"id": "706901522", "price": 2.0207, "amount": 17.9, "side": "sell", "timestamp": 1765669484966}, {"id": "706901523", "price": 2.0208, "amount": 2448.8, "side": "buy", "timestamp": 1765669485089}, {"id": "706901524", "price": 2.0208, "amount": 5.5, "side": "buy", "timestamp": 1765669485621}, {"id": "706901589", "price": 2.0215, "amount": 3.0, "side": "buy", "timestamp": 1765669515472}, {"id": "706901590", "price": 2.0214, "amount": 3.0, "side": "sell", "timestamp": 1765669515473}, {"id": "706901591", "price": 2.0215, "amount": 52.8, "side": "buy", "timestamp": 1765669515656}, {"id": "706901592", "price": 2.0215, "amount": 5.5, "side": "buy", "timestamp": 1765669516110}, {"id": "706901593", "price": 2.0214, "amount": 657.3, "side": "sell", "timestamp": 1765669516532}, {"id": "706901594", "price": 2.0215, "amount": 5.5, "side": "buy", "timestamp": 1765669517376}, {"id": "706901595", "price": 2.0214, "amount": 6.7, "side": "sell", "timestamp": 1765669518225}, {"id": "706901596", "price": 2.0215, "amount": 5.5, "side": "buy", "timestamp": 1765669518648}, {"id": "706901597", "price": 2.0215, "amount": 116.5, "side": "buy", "timestamp": 1765669519917}, {"id": "706901598", "price": 2.0214, "amount": 6.0, "side": "sell", "timestamp": 1765669520111}, {"id": "706901599", "price": 2.0215, "amount": 81.2, "side": "buy", "timestamp": 1765669520562}, {"id": "706901600", "price": 2.0215, "amount": 5.5, "side": "buy", "timestamp": 1765669521191}, {"id": "706901601", "price": 2.0214, "amount": 264.1, "side": "sell", "timestamp": 1765669522241}, {"id": "706901602", "price": 2.0215, "amount": 5.5, "side": "buy", "timestamp": 1765669522461}, {"id": "706901603", "price": 2.0214, "amount": 2.5, "side": "sell", "timestamp": 1765669523577}, {"id": "706901604", "price": 2.0215, "amount": 5.5, "side": "buy", "timestamp": 1765669523732}, {"id": "706901605", "price": 2.0214, "amount": 657.3, "side": "sell", "timestamp": 1765669524385}, {"id": "706901606", "price": 2.0215, "amount": 5.5, "side": "buy", "timestamp": 1765669525003}, {"id": "706901607", "price": 2.0215, "amount": 2473.4, "side": "buy", "timestamp": 1765669525175}, {"id": "706901608", "price": 2.0215, "amount": 5.5, "side": "buy", "timestamp": 1765669526271}, {"id": "706901609", "price": 2.0214, "amount": 657.3, "side": "sell", "timestamp": 1765669527447}, {"id": "706901610", "price": 2.0215, "amount": 5.5, "side": "buy", "timestamp": 1765669527575}, {"id": "706901611", "price": 2.0214, "amount": 3.4, "side": "sell", "timestamp": 1765669528720}, {"id": "706901612", "price": 2.0215, "amount": 5.5, "side": "buy", "timestamp": 1765669528812}, {"id": "706901613", "price": 2.0215, "amount": 19950.5, "side": "buy", "timestamp": 1765669529358}, {"id": "706901614", "price": 2.0215, "amount": 5.5, "side": "buy", "timestamp": 1765669530079}, {"id": "706901615", "price": 2.0215, "amount": 6.0, "side": "buy", "timestamp": 1765669530655}, {"id": "706901616", "price": 2.0214, "amount": 672.6, "side": "sell", "timestamp": 1765669531041}, {"id": "706901617", "price": 2.0215, "amount": 9.9, "side": "buy", "timestamp": 1765669531353}, {"id": "706901618", "price": 2.0215, "amount": 5.5, "side": "buy", "timestamp": 1765669532623}, {"id": "706901619", "price": 2.0215, "amount": 52.7, "side": "buy", "timestamp": 1765669532735}, {"id": "706901620", "price": 2.0215, "amount": 5116.3, "side": "buy", "timestamp": 1765669533331}, {"id": "706901621", "price": 2.0216, "amount": 5014.9, "side": "buy", "timestamp": 1765669533331}, {"id": "706901622", "price": 2.0217, "amount": 7120.5, "side": "buy", "timestamp": 1765669533331}, {"id": "706901623", "price": 2.0217, "amount": 5.5, "side": "buy", "timestamp": 1765669533895}, {"id": "706901624", "price": 2.0217, "amount": 1021.1, "side": "buy", "timestamp": 1765669534447}, {"id": "706901625", "price": 2.0216, "amount": 657.3, "side": "sell", "timestamp": 1765669534478}, {"id": "706901626", "price": 2.0217, "amount": 907.6, "side": "buy", "timestamp": 1765669534554}, {"id": "706901627", "price": 2.0218, "amount": 5.5, "side": "buy", "timestamp": 1765669535163}, {"id": "706901628", "price": 2.0217, "amount": 3947.4, "side": "sell", "timestamp": 1765669535660}, {"id": "706901629", "price": 2.0217, "amount": 12973.4, "side": "sell", "timestamp": 1765669535899}, {"id": "706901630", "price": 2.0217, "amount": 1360.0, "side": "sell", "timestamp": 1765669536008}, {"id": "706901631", "price": 2.0217, "amount": 1523.2, "side": "sell", "timestamp": 1765669536129}, {"id": "706901632", "price": 2.0218, "amount": 5.5, "side": "buy", "timestamp": 1765669536433}, {"id": "706901633", "price": 2.0217, "amount": 8253.6, "side": "sell", "timestamp": 1765669536713}, {"id": "706901634", "price": 2.0218, "amount": 14.4, "side": "buy", "timestamp": 1765669536814}, {"id": "706901635", "price": 2.0218, "amount": 5.5, "side": "buy", "timestamp": 1765669537705}, {"id": "706901636", "price": 2.0217, "amount": 1727.2, "side": "sell", "timestamp": 1765669537765}, {"id": "706901637", "price": 2.0217, "amount": 2.0, "side": "sell", "timestamp": 1765669538279}, {"id": "706901638", "price": 2.0218, "amount": 5.5, "side": "buy", "timestamp": 1765669538973}, {"id": "706901698", "price": 2.0215, "amount": 14.6, "side": "buy", "timestamp": 1765669566920}, {"id": "706901699", "price": 2.0215, "amount": 5.5, "side": "buy", "timestamp": 1765669568186}, {"id": "706901700", "price": 2.0214, "amount": 104.3, "side": "sell", "timestamp": 1765669569157}, {"id": "706901701", "price": 2.0215, "amount": 5.5, "side": "buy", "timestamp": 1765669569457}, {"id": "706901702", "price": 2.0215, "amount": 4.1, "side": "buy", "timestamp": 1765669569919}, {"id": "706901703", "price": 2.0214, "amount": 5.9, "side": "sell", "timestamp": 1765669570363}, {"id": "706901704", "price": 2.0215, "amount": 5.5, "side": "buy", "timestamp": 1765669570731}, {"id": "706901705", "price": 2.0214, "amount": 12.7, "side": "sell", "timestamp": 1765669570936}, {"id": "706901706", "price": 2.0214, "amount": 12.4, "side": "sell", "timestamp": 1765669571253}, {"id": "706901707", "price": 2.0214, "amount": 8716.2, "side": "sell", "timestamp": 1765669571653}, {"id": "706901708", "price": 2.0215, "amount": 5.5, "side": "buy", "timestamp": 1765669572001}, {"id": "706901709", "price": 2.0215, "amount": 49.4, "side": "buy", "timestamp": 1765669572499}, {"id": "706901710", "price": 2.0214, "amount": 79.4, "side": "sell", "timestamp": 1765669572613}, {"id": "706901711", "price": 2.0215, "amount": 5.5, "side": "buy", "timestamp": 1765669573270}, {"id": "706901712", "price": 2.0214, "amount": 657.3, "side": "sell", "timestamp": 1765669574284}, {"id": "706901713", "price": 2.0215, "amount": 5.5, "side": "buy", "timestamp": 1765669574541}, {"id": "706901714", "price": 2.0215, "amount": 678.9, "side": "buy", "timestamp": 1765669575198}, {"id": "706901715", "price": 2.0215, "amount": 5.5, "side": "buy", "timestamp": 1765669575811}, {"id": "706901716", "price": 2.0215, "amount": 9.7, "side": "buy", "timestamp": 1765669576684}, {"id": "706901717", "price": 2.0215, "amount": 5.5, "side": "buy", "timestamp": 1765669577081}, {"id": "706901718", "price": 2.0215, "amount": 52.8, "side": "buy", "timestamp": 1765669577600}, {"id": "706901719", "price": 2.0215, "amount": 5782.7, "side": "buy", "timestamp": 1765669577923}, {"id": "706901720", "price": 2.0216, "amount": 5.5, "side": "buy", "timestamp": 1765669578346}, {"id": "706901721", "price": 2.0216, "amount": 5.5, "side": "buy", "timestamp": 1765669579622}, {"id": "706901722", "price": 2.0215, "amount": 23.4, "side": "sell", "timestamp": 1765669579970}, {"id": "706901723", "price": 2.0215, "amount": 10.0, "side": "sell", "timestamp": 1765669580528}, {"id": "706901724", "price": 2.0216, "amount": 3836.2, "side": "buy", "timestamp": 1765669580892}, {"id": "706901725", "price": 2.0217, "amount": 2559.6, "side": "buy", "timestamp": 1765669580914}, {"id": "706901726", "price": 2.0217, "amount": 5.5, "side": "buy", "timestamp": 1765669582159}, {"id": "706901727", "price": 2.0216, "amount": 4.5, "side": "sell", "timestamp": 1765669582868}, {"id": "706901728", "price": 2.0217, "amount": 5.5, "side": "buy", "timestamp": 1765669583431}, {"id": "706901729", "price": 2.0217, "amount": 666.3, "side": "buy", "timestamp": 1765669584070}, {"id": "706901730", "price": 2.0218, "amount": 141.4, "side": "buy", "timestamp": 1765669584430}, {"id": "706901731", "price": 2.0218, "amount": 5.5, "side": "buy", "timestamp": 1765669584702}, {"id": "706901732", "price": 2.0218, "amount": 5.5, "side": "buy", "timestamp": 1765669585972}, {"id": "706901733", "price": 2.0218, "amount": 6.1, "side": "buy", "timestamp": 1765669586110}, {"id": "706901734", "price": 2.0217, "amount": 7.5, "side": "sell", "timestamp": 1765669586491}, {"id": "706901735", "price": 2.0218, "amount": 5.5, "side": "buy", "timestamp": 1765669587240}, {"id": "706901736", "price": 2.0218, "amount": 5.5, "side": "buy", "timestamp": 1765669588512}, {"id": "706901737", "price": 2.0218, "amount": 1895.6, "side": "buy", "timestamp": 1765669588821}, {"id": "706901738", "price": 2.0219, "amount": 916.7, "side": "buy", "timestamp": 1765669588847}, {"id": "706901739", "price": 2.022, "amount": 8827.9, "side": "buy", "timestamp": 1765669588847}, {"id": "706901740", "price": 2.0221, "amount": 779.9, "side": "buy", "timestamp": 1765669588847}, {"id": "706901741", "price": 2.022, "amount": 54.2, "side": "sell", "timestamp": 1765669588857}, {"id": "706901742", "price": 2.0221, "amount": 2357.6, "side": "buy", "timestamp": 1765669589171}, {"id": "706901743", "price": 2.0221, "amount": 5.5, "side": "buy", "timestamp": 1765669589784}, {"id": "706901744", "price": 2.0221, "amount": 1578.6, "side": "buy", "timestamp": 1765669590041}, {"id": "706901745", "price": 2.0221, "amount": 5.5, "side": "buy", "timestamp": 1765669591053}, {"id": "706901746", "price": 2.0221, "amount": 9.4, "side": "buy", "timestamp": 1765669592324}, {"id": "706901747", "price": 2.0221, "amount": 52.8, "side": "buy", "timestamp": 1765669592883}, {"id": "706901819", "price": 2.0222, "amount": 72.6, "side": "buy", "timestamp": 1765669624211}, {"id": "706901820", "price": 2.0221, "amount": 3.4, "side": "sell", "timestamp": 1765669624236}, {"id": "706901821", "price": 2.0221, "amount": 3.2, "side": "sell", "timestamp": 1765669624378}, {"id": "706901822", "price": 2.0221, "amount": 11.0, "side": "sell", "timestamp": 1765669624481}, {"id": "706901823", "price": 2.0222, "amount": 15.9, "side": "buy", "timestamp": 1765669625350}, {"id": "706901824", "price": 2.0222, "amount": 5.5, "side": "buy", "timestamp": 1765669626616}, {"id": "706901825", "price": 2.0222, "amount": 158.7, "side": "buy", "timestamp": 1765669626870}, {"id": "706901826", "price": 2.0222, "amount": 5.5, "side": "buy", "timestamp": 1765669627891}, {"id": "706901827", "price": 2.0221, "amount": 2076.0, "side": "sell", "timestamp": 1765669628510}, {"id": "706901828", "price": 2.0221, "amount": 15002.5, "side": "sell", "timestamp": 1765669628622}, {"id": "706901829", "price": 2.022, "amount": 1030.9, "side": "sell", "timestamp": 1765669628880}, {"id": "706901830", "price": 2.022, "amount": 5.5, "side": "buy", "timestamp": 1765669629161}, {"id": "706901831", "price": 2.022, "amount": 494.3, "side": "buy", "timestamp": 1765669629464}, {"id": "706901832", "price": 2.022, "amount": 5.5, "side": "buy", "timestamp": 1765669630431}, {"id": "706901833", "price": 2.022, "amount": 17.2, "side": "buy", "timestamp": 1765669630855}, {"id": "706901834", "price": 2.022, "amount": 5.5, "side": "buy", "timestamp": 1765669631697}, {"id": "706901835", "price": 2.022, "amount": 9.1, "side": "buy", "timestamp": 1765669632237}, {"id": "706901836", "price": 2.022, "amount": 5.5, "side": "buy", "timestamp": 1765669632971}, {"id": "706901837", "price": 2.022, "amount": 5.5, "side": "buy", "timestamp": 1765669634242}, {"id": "706901838", "price": 2.022, "amount": 136.8, "side": "buy", "timestamp": 1765669635101}, {"id": "706901839", "price": 2.022, "amount": 5.5, "side": "buy", "timestamp": 1765669635512}, {"id": "706901840", "price": 2.022, "amount": 5.5, "side": "buy", "timestamp": 1765669636779}, {"id": "706901841", "price": 2.022, "amount": 66.6, "side": "buy", "timestamp": 1765669637224}, {"id": "706901842", "price": 2.022, "amount": 58.1, "side": "buy", "timestamp": 1765669637966}, {"id": "706901843", "price": 2.0219, "amount": 396.0, "side": "sell", "timestamp": 1765669638301}, {"id": "706901844", "price": 2.0219, "amount": 709.2, "side": "sell", "timestamp": 1765669638596}, {"id": "706901845", "price": 2.022, "amount": 2442.3, "side": "buy", "timestamp": 1765669638978}, {"id": "706901846", "price": 2.022, "amount": 5.5, "side": "buy", "timestamp": 1765669639322}, {"id": "706901847", "price": 2.022, "amount": 11793.4, "side": "buy", "timestamp": 1765669640246}, {"id": "706901848", "price": 2.0221, "amount": 881.4, "side": "buy", "timestamp": 1765669640246}, {"id": "706901849", "price": 2.0222, "amount": 4789.2, "side": "buy", "timestamp": 1765669640246}, {"id": "706901850", "price": 2.0223, "amount": 13683.5, "side": "buy", "timestamp": 1765669640246}, {"id": "706901851", "price": 2.0224, "amount": 23370.3, "side": "buy", "timestamp": 1765669640247}, {"id": "706901852", "price": 2.0225, "amount": 41192.6, "side": "buy", "timestamp": 1765669640247}, {"id": "706901853", "price": 2.0224, "amount": 7213.4, "side": "sell", "timestamp": 1765669640251}, {"id": "706901854", "price": 2.0225, "amount": 800.0, "side": "buy", "timestamp": 1765669640289}, {"id": "706901855", "price": 2.0224, "amount": 59.7, "side": "sell", "timestamp": 1765669640353}, {"id": "706901856", "price": 2.0225, "amount": 5.5, "side": "buy", "timestamp": 1765669640592}, {"id": "706901857", "price": 2.0224, "amount": 7212.2, "side": "sell", "timestamp": 1765669640595}, {"id": "706901858", "price": 2.0224, "amount": 2953.6, "side": "sell", "timestamp": 1765669641042}, {"id": "706901859", "price": 2.0225, "amount": 8.7, "side": "buy", "timestamp": 1765669641795}, {"id": "706901860", "price": 2.0224, "amount": 14.8, "side": "sell", "timestamp": 1765669642030}, {"id": "706901861", "price": 2.0225, "amount": 5.5, "side": "buy", "timestamp": 1765669643134}, {"id": "706901862", "price": 2.0224, "amount": 4135.9, "side": "sell", "timestamp": 1765669643655}, {"id": "706901863", "price": 2.0224, "amount": 616.5, "side": "sell", "timestamp": 1765669644040}, {"id": "706901864", "price": 2.0225, "amount": 426.5, "side": "buy", "timestamp": 1765669644211}, {"id": "706901865", "price": 2.0225, "amount": 5.5, "side": "buy", "timestamp": 1765669644400}, {"id": "706901866", "price": 2.0224, "amount": 3084.3, "side": "sell", "timestamp": 1765669644710}, {"id": "706901867", "price": 2.0225, "amount": 738.4, "side": "buy", "timestamp": 1765669644843}, {"id": "706901868", "price": 2.0225, "amount": 5.5, "side": "buy", "timestamp": 1765669645669}, {"id": "706901923", "price": 2.0227, "amount": 5.5, "side": "buy", "timestamp": 1765669676159}, {"id": "706901924", "price": 2.0227, "amount": 14860.5, "side": "buy", "timestamp": 1765669676398}, {"id": "706901925", "price": 2.0227, "amount": 5.0, "side": "buy", "timestamp": 1765669676603}, {"id": "706901926", "price": 2.0226, "amount": 21852.8, "side": "sell", "timestamp": 1765669676636}, {"id": "706901927", "price": 2.0226, "amount": 1820.0, "side": "sell", "timestamp": 1765669676746}, {"id": "706901928", "price": 2.0226, "amount": 2038.4, "side": "sell", "timestamp": 1765669676860}, {"id": "706901929", "price": 2.0227, "amount": 20.5, "side": "buy", "timestamp": 1765669677387}, {"id": "706901930", "price": 2.0227, "amount": 161.5, "side": "buy", "timestamp": 1765669677651}, {"id": "706901931", "price": 2.0226, "amount": 654.9, "side": "sell", "timestamp": 1765669677880}, {"id": "706901932", "price": 2.0227, "amount": 5.5, "side": "buy", "timestamp": 1765669678699}, {"id": "706901933", "price": 2.0226, "amount": 5.7, "side": "sell", "timestamp": 1765669678827}, {"id": "706901934", "price": 2.0226, "amount": 3500.5, "side": "sell", "timestamp": 1765669679664}, {"id": "706901935", "price": 2.0227, "amount": 5.5, "side": "buy", "timestamp": 1765669679965}, {"id": "706901936", "price": 2.0226, "amount": 736.5, "side": "sell", "timestamp": 1765669680033}, {"id": "706901937", "price": 2.0225, "amount": 5.3, "side": "sell", "timestamp": 1765669680309}, {"id": "706901938", "price": 2.0225, "amount": 5.6, "side": "sell", "timestamp": 1765669680481}, {"id": "706901939", "price": 2.0226, "amount": 52.5, "side": "buy", "timestamp": 1765669680606}, {"id": "706901940", "price": 2.0225, "amount": 5495.9, "side": "sell", "timestamp": 1765669680718}, {"id": "706901941", "price": 2.0225, "amount": 4361.8, "side": "buy", "timestamp": 1765669680841}, {"id": "706901942", "price": 2.0225, "amount": 5.5, "side": "buy", "timestamp": 1765669681241}, {"id": "706901943", "price": 2.0224, "amount": 5.1, "side": "sell", "timestamp": 1765669681575}, {"id": "706901944", "price": 2.0225, "amount": 5.5, "side": "buy", "timestamp": 1765669682508}, {"id": "706901945", "price": 2.0224, "amount": 403.4, "side": "sell", "timestamp": 1765669682915}, {"id": "706901946", "price": 2.0225, "amount": 2.9, "side": "buy", "timestamp": 1765669683203}, {"id": "706901947", "price": 2.0225, "amount": 747.1, "side": "buy", "timestamp": 1765669683756}, {"id": "706901948", "price": 2.0225, "amount": 6.9, "side": "buy", "timestamp": 1765669683860}, {"id": "706901949", "price": 2.0225, "amount": 5.5, "side": "buy", "timestamp": 1765669685051}, {"id": "706901950", "price": 2.0225, "amount": 5.5, "side": "buy", "timestamp": 1765669686321}, {"id": "706901951", "price": 2.0225, "amount": 5.5, "side": "buy", "timestamp": 1765669687588}, {"id": "706901952", "price": 2.0224, "amount": 1592.4, "side": "sell", "timestamp": 1765669688495}, {"id": "706901953", "price": 2.0225, "amount": 3.0, "side": "buy", "timestamp": 1765669688603}, {"id": "706901954", "price": 2.0225, "amount": 5.5, "side": "buy", "timestamp": 1765669688863}, {"id": "706901955", "price": 2.0225, "amount": 5.5, "side": "buy", "timestamp": 1765669690133}, {"id": "706901956", "price": 2.0225, "amount": 394.3, "side": "buy", "timestamp": 1765669690384}, {"id": "706901957", "price": 2.0225, "amount": 6.8, "side": "buy", "timestamp": 1765669690780}, {"id": "706901958", "price": 2.0225, "amount": 5.5, "side": "buy", "timestamp": 1765669691399}, {"id": "706901959", "price": 2.0225, "amount": 3.0, "side": "buy", "timestamp": 1765669691756}, {"id": "706901960", "price": 2.0224, "amount": 2.5, "side": "sell", "timestamp": 1765669692525}, {"id": "706901961", "price": 2.0225, "amount": 5.5, "side": "buy", "timestamp": 1765669692669}, {"id": "706901962", "price": 2.0225, "amount": 25.8, "side": "buy", "timestamp": 1765669693034}, {"id": "706901963", "price": 2.0224, "amount": 121.8, "side": "sell", "timestamp": 1765669693401}, {"id": "706901964", "price": 2.0225, "amount": 5.5, "side": "buy", "timestamp": 1765669693942}, {"id": "706901965", "price": 2.0225, "amount": 430.3, "side": "buy", "timestamp": 1765669695063}, {"id": "706901966", "price": 2.0225, "amount": 5.5, "side": "buy", "timestamp": 1765669695212}, {"id": "706901967", "price": 2.0225, "amount": 5.5, "side": "buy", "timestamp": 1765669696483}, {"id": "706901968", "price": 2.0225, "amount": 248.9, "side": "buy", "timestamp": 1765669697097}, {"id": "706901969", "price": 2.0225, "amount": 3.0, "side": "buy", "timestamp": 1765669697321}, {"id": "706901970", "price": 2.0224, "amount": 4.3, "side": "sell", "timestamp": 1765669697573}, {"id": "706901971", "price": 2.0225, "amount": 5.5, "side": "buy", "timestamp": 1765669697752}, {"id": "706901972", "price": 2.0225, "amount": 9.6, "side": "buy", "timestamp": 1765669698962}, {"id": "706902023", "price": 2.0222, "amount": 3.4, "side": "sell", "timestamp": 1765669725838}, {"id": "706902024", "price": 2.0223, "amount": 176.4, "side": "buy", "timestamp": 1765669726514}, {"id": "706902025", "price": 2.0222, "amount": 184.9, "side": "sell", "timestamp": 1765669726911}, {"id": "706902026", "price": 2.0223, "amount": 5.5, "side": "buy", "timestamp": 1765669726969}, {"id": "706902027", "price": 2.0223, "amount": 52.4, "side": "buy", "timestamp": 1765669727433}, {"id": "706902028", "price": 2.0223, "amount": 5.5, "side": "buy", "timestamp": 1765669728240}, {"id": "706902029", "price": 2.0223, "amount": 15.6, "side": "buy", "timestamp": 1765669728733}, {"id": "706902030", "price": 2.0222, "amount": 3.1, "side": "sell", "timestamp": 1765669728907}, {"id": "706902031", "price": 2.0223, "amount": 8178.5, "side": "buy", "timestamp": 1765669728998}, {"id": "706902032", "price": 2.0224, "amount": 5.5, "side": "buy", "timestamp": 1765669729508}, {"id": "706902033", "price": 2.0223, "amount": 0.5, "side": "sell", "timestamp": 1765669729591}, {"id": "706902034", "price": 2.0224, "amount": 5.5, "side": "buy", "timestamp": 1765669730778}, {"id": "706902035", "price": 2.0223, "amount": 24.7, "side": "sell", "timestamp": 1765669731706}, {"id": "706902036", "price": 2.0224, "amount": 5.5, "side": "buy", "timestamp": 1765669732047}, {"id": "706902037", "price": 2.0224, "amount": 5.5, "side": "buy", "timestamp": 1765669733319}, {"id": "706902038", "price": 2.0224, "amount": 5.5, "side": "buy", "timestamp": 1765669734587}, {"id": "706902039", "price": 2.0224, "amount": 5.5, "side": "buy", "timestamp": 1765669735860}, {"id": "706902040", "price": 2.0223, "amount": 9553.4, "side": "sell", "timestamp": 1765669736774}, {"id": "706902041", "price": 2.0224, "amount": 5.5, "side": "buy", "timestamp": 1765669737131}, {"id": "706902042", "price": 2.0224, "amount": 5.5, "side": "buy", "timestamp": 1765669738402}, {"id": "706902043", "price": 2.0224, "amount": 87.5, "side": "buy", "timestamp": 1765669739318}, {"id": "706902044", "price": 2.0224, "amount": 5.5, "side": "buy", "timestamp": 1765669739670}, {"id": "706902045", "price": 2.0223, "amount": 6.2, "side": "sell", "timestamp": 1765669739800}, {"id": "706902046", "price": 2.0224, "amount": 5.5, "side": "buy", "timestamp": 1765669740942}, {"id": "706902047", "price": 2.0223, "amount": 49.4, "side": "sell", "timestamp": 1765669740985}, {"id": "706902048", "price": 2.0223, "amount": 17.6, "side": "sell", "timestamp": 1765669741167}, {"id": "706902049", "price": 2.0223, "amount": 15.1, "side": "sell", "timestamp": 1765669741291}, {"id": "706902050", "price": 2.0224, "amount": 5.5, "side": "buy", "timestamp": 1765669742213}, {"id": "706902051", "price": 2.0223, "amount": 5.6, "side": "sell", "timestamp": 1765669742733}, {"id": "706902052", "price": 2.0224, "amount": 11.0, "side": "buy", "timestamp": 1765669743226}, {"id": "706902053", "price": 2.0223, "amount": 655.0, "side": "sell", "timestamp": 1765669743373}, {"id": "706902054", "price": 2.0224, "amount": 5.5, "side": "buy", "timestamp": 1765669743483}, {"id": "706902055", "price": 2.0223, "amount": 4.7, "side": "sell", "timestamp": 1765669743866}, {"id": "706902056", "price": 2.0224, "amount": 383.2, "side": "buy", "timestamp": 1765669744134}, {"id": "706902057", "price": 2.0224, "amount": 5.5, "side": "buy", "timestamp": 1765669744784}, {"id": "706902058", "price": 2.0224, "amount": 52.4, "side": "buy", "timestamp": 1765669745008}, {"id": "706902059", "price": 2.0223, "amount": 13.1, "side": "sell", "timestamp": 1765669745486}, {"id": "706902060", "price": 2.0224, "amount": 5.5, "side": "buy", "timestamp": 1765669746022}, {"id": "706902061", "price": 2.0223, "amount": 5.2, "side": "sell", "timestamp": 1765669746071}, {"id": "706902062", "price": 2.0223, "amount": 2020.3, "side": "sell", "timestamp": 1765669746354}, {"id": "706902063", "price": 2.0224, "amount": 6.3, "side": "buy", "timestamp": 1765669746860}, {"id": "706902064", "price": 2.0224, "amount": 5.5, "side": "buy", "timestamp": 1765669747291}, {"id": "706902065", "price": 2.0223, "amount": 7994.8, "side": "sell", "timestamp": 1765669748006}, {"id": "706902066", "price": 2.0222, "amount": 279.2, "side": "sell", "timestamp": 1765669748012}, {"id": "706902067", "price": 2.0222, "amount": 5.5, "side": "buy", "timestamp": 1765669748562}, {"id": "706902068", "price": 2.0222, "amount": 54.6, "side": "buy", "timestamp": 1765669749380}, {"id": "706902069", "price": 2.0222, "amount": 5.5, "side": "buy", "timestamp": 1765669749829}, {"id": "706902070", "price": 2.0222, "amount": 5.5, "side": "buy", "timestamp": 1765669751103}, {"id": "706902071", "price": 2.0221, "amount": 3089.4, "side": "sell", "timestamp": 1765669751655}, {"id": "706902072", "price": 2.0222, "amount": 5.5, "side": "buy", "timestamp": 1765669752370}, {"id": "706902117", "price": 2.022, "amount": 1515.3, "side": "buy", "timestamp": 1765669783854}, {"id": "706902118", "price": 2.022, "amount": 5.5, "side": "buy", "timestamp": 1765669784125}, {"id": "706902119", "price": 2.022, "amount": 4407.7, "side": "buy", "timestamp": 1765669784394}, {"id": "706902120", "price": 2.0221, "amount": 371.5, "side": "buy", "timestamp": 1765669784400}, {"id": "706902121", "price": 2.0221, "amount": 993.5, "side": "sell", "timestamp": 1765669784420}, {"id": "706902122", "price": 2.0222, "amount": 29.4, "side": "buy", "timestamp": 1765669784444}, {"id": "706902123", "price": 2.0222, "amount": 14.8, "side": "sell", "timestamp": 1765669784571}, {"id": "706902124", "price": 2.0222, "amount": 12.6, "side": "sell", "timestamp": 1765669785161}, {"id": "706902125", "price": 2.0223, "amount": 5.5, "side": "buy", "timestamp": 1765669785399}, {"id": "706902126", "price": 2.0222, "amount": 654.9, "side": "sell", "timestamp": 1765669785883}, {"id": "706902127", "price": 2.0223, "amount": 5.5, "side": "buy", "timestamp": 1765669786666}, {"id": "706902128", "price": 2.0223, "amount": 52.4, "side": "buy", "timestamp": 1765669787117}, {"id": "706902129", "price": 2.0222, "amount": 3528.4, "side": "sell", "timestamp": 1765669787657}, {"id": "706902130", "price": 2.0223, "amount": 5.5, "side": "buy", "timestamp": 1765669787940}, {"id": "706902131", "price": 2.0222, "amount": 1768.5, "side": "sell", "timestamp": 1765669788711}, {"id": "706902132", "price": 2.0223, "amount": 5.5, "side": "buy", "timestamp": 1765669789206}, {"id": "706902133", "price": 2.0222, "amount": 17692.0, "side": "sell", "timestamp": 1765669789726}, {"id": "706902134", "price": 2.0221, "amount": 3247.1, "side": "sell", "timestamp": 1765669789728}, {"id": "706902135", "price": 2.022, "amount": 10475.9, "side": "sell", "timestamp": 1765669789730}, {"id": "706902136", "price": 2.0219, "amount": 4869.1, "side": "sell", "timestamp": 1765669789784}, {"id": "706902137", "price": 2.0219, "amount": 5.5, "side": "buy", "timestamp": 1765669790480}, {"id": "706902138", "price": 2.0219, "amount": 35.5, "side": "buy", "timestamp": 1765669791112}, {"id": "706902139", "price": 2.0219, "amount": 5.5, "side": "buy", "timestamp": 1765669791746}, {"id": "706902140", "price": 2.0219, "amount": 185.5, "side": "buy", "timestamp": 1765669792357}, {"id": "706902141", "price": 2.0219, "amount": 5.5, "side": "buy", "timestamp": 1765669793020}, {"id": "706902142", "price": 2.0219, "amount": 5538.2, "side": "buy", "timestamp": 1765669793876}, {"id": "706902143", "price": 2.0219, "amount": 5.5, "side": "buy", "timestamp": 1765669794291}, {"id": "706902144", "price": 2.0218, "amount": 16347.2, "side": "sell", "timestamp": 1765669794836}, {"id": "706902145", "price": 2.0218, "amount": 5.5, "side": "buy", "timestamp": 1765669795560}, {"id": "706902146", "price": 2.0218, "amount": 77.7, "side": "buy", "timestamp": 1765669795965}, {"id": "706902147", "price": 2.0218, "amount": 5.5, "side": "buy", "timestamp": 1765669796833}, {"id": "706902148", "price": 2.0218, "amount": 5.5, "side": "buy", "timestamp": 1765669798098}, {"id": "706902149", "price": 2.0217, "amount": 6.0, "side": "sell", "timestamp": 1765669798697}, {"id": "706902150", "price": 2.0218, "amount": 5.5, "side": "buy", "timestamp": 1765669799371}, {"id": "706902151", "price": 2.0217, "amount": 1432.9, "side": "sell", "timestamp": 1765669800591}, {"id": "706902152", "price": 2.0218, "amount": 5.5, "side": "buy", "timestamp": 1765669800640}, {"id": "706902153", "price": 2.0217, "amount": 5.0, "side": "sell", "timestamp": 1765669801351}, {"id": "706902154", "price": 2.0217, "amount": 5.6, "side": "sell", "timestamp": 1765669801590}, {"id": "706902155", "price": 2.0218, "amount": 5.5, "side": "buy", "timestamp": 1765669801909}, {"id": "706902156", "price": 2.0217, "amount": 4.4, "side": "sell", "timestamp": 1765669802377}, {"id": "706902157", "price": 2.0217, "amount": 6.5, "side": "sell", "timestamp": 1765669802558}, {"id": "706902158", "price": 2.0218, "amount": 88.3, "side": "buy", "timestamp": 1765669803077}, {"id": "706902159", "price": 2.0218, "amount": 5.5, "side": "buy", "timestamp": 1765669803183}, {"id": "706902160", "price": 2.0217, "amount": 15.1, "side": "sell", "timestamp": 1765669803489}, {"id": "706902161", "price": 2.0217, "amount": 3.0, "side": "sell", "timestamp": 1765669803879}, {"id": "706902162", "price": 2.0218, "amount": 5.5, "side": "buy", "timestamp": 1765669804449}, {"id": "706902163", "price": 2.0217, "amount": 1505.4, "side": "sell", "timestamp": 1765669804463}, {"id": "706902164", "price": 2.0218, "amount": 52.9, "side": "buy", "timestamp": 1765669804600}, {"id": "706902165", "price": 2.0218, "amount": 5.5, "side": "buy", "timestamp": 1765669805723}, {"id": "706902166", "price": 2.0218, "amount": 133.6, "side": "buy", "timestamp": 1765669805990}, {"id": "706902226", "price": 2.0223, "amount": 5.5, "side": "buy", "timestamp": 1765669836209}, {"id": "706902227", "price": 2.0223, "amount": 4.3, "side": "buy", "timestamp": 1765669837310}, {"id": "706902228", "price": 2.0223, "amount": 5.5, "side": "buy", "timestamp": 1765669837478}, {"id": "706902229", "price": 2.0222, "amount": 8612.5, "side": "sell", "timestamp": 1765669837755}, {"id": "706902230", "price": 2.0223, "amount": 3.4, "side": "buy", "timestamp": 1765669838167}, {"id": "706902231", "price": 2.0223, "amount": 5.5, "side": "buy", "timestamp": 1765669838748}, {"id": "706902232", "price": 2.0223, "amount": 5.5, "side": "buy", "timestamp": 1765669840020}, {"id": "706902233", "price": 2.0223, "amount": 1350.0, "side": "buy", "timestamp": 1765669840246}, {"id": "706902234", "price": 2.0223, "amount": 5.7, "side": "buy", "timestamp": 1765669840556}, {"id": "706902235", "price": 2.0223, "amount": 5.5, "side": "buy", "timestamp": 1765669841289}, {"id": "706902236", "price": 2.0223, "amount": 5.5, "side": "buy", "timestamp": 1765669842555}, {"id": "706902237", "price": 2.0222, "amount": 3.4, "side": "sell", "timestamp": 1765669842662}, {"id": "706902238", "price": 2.0223, "amount": 19.2, "side": "buy", "timestamp": 1765669843608}, {"id": "706902239", "price": 2.0223, "amount": 5.5, "side": "buy", "timestamp": 1765669843826}, {"id": "706902240", "price": 2.0222, "amount": 226.5, "side": "sell", "timestamp": 1765669844298}, {"id": "706902241", "price": 2.0222, "amount": 3.0, "side": "sell", "timestamp": 1765669844714}, {"id": "706902242", "price": 2.0223, "amount": 65.3, "side": "buy", "timestamp": 1765669844766}, {"id": "706902243", "price": 2.0223, "amount": 5.5, "side": "buy", "timestamp": 1765669845099}, {"id": "706902244", "price": 2.0223, "amount": 5.9, "side": "buy", "timestamp": 1765669845744}, {"id": "706902245", "price": 2.0223, "amount": 5.5, "side": "buy", "timestamp": 1765669846371}, {"id": "706902246", "price": 2.0222, "amount": 22.2, "side": "sell", "timestamp": 1765669846645}, {"id": "706902247", "price": 2.0223, "amount": 3.4, "side": "buy", "timestamp": 1765669846659}, {"id": "706902248", "price": 2.0222, "amount": 2.9, "side": "sell", "timestamp": 1765669846682}, {"id": "706902249", "price": 2.0223, "amount": 53.0, "side": "buy", "timestamp": 1765669846908}, {"id": "706902250", "price": 2.0223, "amount": 5.5, "side": "buy", "timestamp": 1765669847641}, {"id": "706902251", "price": 2.0222, "amount": 720.4, "side": "sell", "timestamp": 1765669847659}, {"id": "706902252", "price": 2.0222, "amount": 4.4, "side": "buy", "timestamp": 1765669848264}, {"id": "706902253", "price": 2.0222, "amount": 5.5, "side": "buy", "timestamp": 1765669848906}, {"id": "706902254", "price": 2.0222, "amount": 5.7, "side": "buy", "timestamp": 1765669849123}, {"id": "706902255", "price": 2.0222, "amount": 126.7, "side": "buy", "timestamp": 1765669849237}, {"id": "706902256", "price": 2.0222, "amount": 339.6, "side": "buy", "timestamp": 1765669849978}, {"id": "706902257", "price": 2.0222, "amount": 9.0, "side": "buy", "timestamp": 1765669850105}, {"id": "706902258", "price": 2.0221, "amount": 5.8, "side": "sell", "timestamp": 1765669850188}, {"id": "706902259", "price": 2.0222, "amount": 2626.8, "side": "buy", "timestamp": 1765669850903}, {"id": "706902260", "price": 2.0223, "amount": 5758.3, "side": "buy", "timestamp": 1765669850906}, {"id": "706902261", "price": 2.0223, "amount": 7211.7, "side": "sell", "timestamp": 1765669850910}, {"id": "706902262", "price": 2.0224, "amount": 3.4, "side": "buy", "timestamp": 1765669851022}, {"id": "706902263", "price": 2.0224, "amount": 5.5, "side": "buy", "timestamp": 1765669851451}, {"id": "706902264", "price": 2.0224, "amount": 49.1, "side": "buy", "timestamp": 1765669852096}, {"id": "706902265", "price": 2.0224, "amount": 4.3, "side": "buy", "timestamp": 1765669852566}, {"id": "706902266", "price": 2.0224, "amount": 5.5, "side": "buy", "timestamp": 1765669852723}, {"id": "706902267", "price": 2.0224, "amount": 296.3, "side": "buy", "timestamp": 1765669853369}, {"id": "706902268", "price": 2.0224, "amount": 13.9, "side": "buy", "timestamp": 1765669853704}, {"id": "706902269", "price": 2.0223, "amount": 30.7, "side": "sell", "timestamp": 1765669853890}, {"id": "706902270", "price": 2.0224, "amount": 5.5, "side": "buy", "timestamp": 1765669853991}, {"id": "706902271", "price": 2.0224, "amount": 5.5, "side": "buy", "timestamp": 1765669855262}, {"id": "706902272", "price": 2.0224, "amount": 3.4, "side": "buy", "timestamp": 1765669855395}, {"id": "706902273", "price": 2.0224, "amount": 5.5, "side": "buy", "timestamp": 1765669856533}, {"id": "706902274", "price": 2.0224, "amount": 5.5, "side": "buy", "timestamp": 1765669857803}, {"id": "706902275", "price": 2.0224, "amount": 5.5, "side": "buy", "timestamp": 1765669859069}, {"id": "706902337", "price": 2.0223, "amount": 98.8, "side": "sell", "timestamp": 1765669886124}, {"id": "706902338", "price": 2.0224, "amount": 5.5, "side": "buy", "timestamp": 1765669887017}, {"id": "706902339", "price": 2.0224, "amount": 19.8, "side": "buy", "timestamp": 1765669888034}, {"id": "706902340", "price": 2.0224, "amount": 5.5, "side": "buy", "timestamp": 1765669888288}, {"id": "706902341", "price": 2.0224, "amount": 12.8, "side": "buy", "timestamp": 1765669889518}, {"id": "706902342", "price": 2.0224, "amount": 6.3, "side": "buy", "timestamp": 1765669890088}, {"id": "706902343", "price": 2.0224, "amount": 5.5, "side": "buy", "timestamp": 1765669890829}, {"id": "706902344", "price": 2.0224, "amount": 4.4, "side": "buy", "timestamp": 1765669891322}, {"id": "706902345", "price": 2.0223, "amount": 2.8, "side": "sell", "timestamp": 1765669891651}, {"id": "706902346", "price": 2.0224, "amount": 5.5, "side": "buy", "timestamp": 1765669892095}, {"id": "706902347", "price": 2.0224, "amount": 8.8, "side": "buy", "timestamp": 1765669892340}, {"id": "706902348", "price": 2.0224, "amount": 210.2, "side": "buy", "timestamp": 1765669892572}, {"id": "706902349", "price": 2.0223, "amount": 3.3, "side": "sell", "timestamp": 1765669892713}, {"id": "706902350", "price": 2.0224, "amount": 25.2, "side": "buy", "timestamp": 1765669893200}, {"id": "706902351", "price": 2.0224, "amount": 5.5, "side": "buy", "timestamp": 1765669893366}, {"id": "706902352", "price": 2.0224, "amount": 52.9, "side": "buy", "timestamp": 1765669893841}, {"id": "706902353", "price": 2.0224, "amount": 5.6, "side": "buy", "timestamp": 1765669894622}, {"id": "706902354", "price": 2.0224, "amount": 3.5, "side": "buy", "timestamp": 1765669895417}, {"id": "706902355", "price": 2.0224, "amount": 4.0, "side": "buy", "timestamp": 1765669895542}, {"id": "706902356", "price": 2.0223, "amount": 5.2, "side": "sell", "timestamp": 1765669895565}, {"id": "706902357", "price": 2.0223, "amount": 3611.2, "side": "sell", "timestamp": 1765669895670}, {"id": "706902358", "price": 2.0223, "amount": 3.7, "side": "sell", "timestamp": 1765669895823}, {"id": "706902359", "price": 2.0224, "amount": 5.5, "side": "buy", "timestamp": 1765669895909}, {"id": "706902360", "price": 2.0223, "amount": 3418.9, "side": "sell", "timestamp": 1765669896726}, {"id": "706902361", "price": 2.0224, "amount": 5.5, "side": "buy", "timestamp": 1765669897176}, {"id": "706902362", "price": 2.0224, "amount": 3.4, "side": "buy", "timestamp": 1765669897505}, {"id": "706902363", "price": 2.0224, "amount": 12.3, "side": "buy", "timestamp": 1765669897715}, {"id": "706902364", "price": 2.0223, "amount": 1591.7, "side": "sell", "timestamp": 1765669897776}, {"id": "706902365", "price": 2.0222, "amount": 2219.3, "side": "sell", "timestamp": 1765669897777}, {"id": "706902366", "price": 2.0222, "amount": 5.5, "side": "buy", "timestamp": 1765669898450}, {"id": "706902367", "price": 2.0221, "amount": 996.5, "side": "sell", "timestamp": 1765669898825}, {"id": "706902368", "price": 2.0221, "amount": 5.5, "side": "buy", "timestamp": 1765669899719}, {"id": "706902369", "price": 2.0221, "amount": 80.0, "side": "buy", "timestamp": 1765669900403}, {"id": "706902370", "price": 2.0221, "amount": 5.5, "side": "buy", "timestamp": 1765669900988}, {"id": "706902371", "price": 2.022, "amount": 14.6, "side": "sell", "timestamp": 1765669901288}, {"id": "706902372", "price": 2.0221, "amount": 12.3, "side": "buy", "timestamp": 1765669902260}, {"id": "706902373", "price": 2.0221, "amount": 5.5, "side": "buy", "timestamp": 1765669903531}, {"id": "706902374", "price": 2.022, "amount": 15.0, "side": "sell", "timestamp": 1765669903845}, {"id": "706902375", "price": 2.0221, "amount": 20.3, "side": "buy", "timestamp": 1765669904798}, {"id": "706902376", "price": 2.022, "amount": 2.8, "side": "sell", "timestamp": 1765669905881}, {"id": "706902377", "price": 2.0221, "amount": 5.5, "side": "buy", "timestamp": 1765669906071}, {"id": "706902378", "price": 2.022, "amount": 3.4, "side": "sell", "timestamp": 1765669906822}, {"id": "706902379", "price": 2.0221, "amount": 5.5, "side": "buy", "timestamp": 1765669907340}, {"id": "706902380", "price": 2.0221, "amount": 5.5, "side": "buy", "timestamp": 1765669908613}, {"id": "706902381", "price": 2.0221, "amount": 5.5, "side": "buy", "timestamp": 1765669909883}, {"id": "706902382", "price": 2.0221, "amount": 53.0, "side": "buy", "timestamp": 1765669910743}, {"id": "706902383", "price": 2.0221, "amount": 5.5, "side": "buy", "timestamp": 1765669911153}, {"id": "706902384", "price": 2.0221, "amount": 3.5, "side": "buy", "timestamp": 1765669911474}, {"id": "706902385", "price": 2.022, "amount": 11.8, "side": "sell", "timestamp": 1765669911791}, {"id": "706902386", "price": 2.0221, "amount": 5.5, "side": "buy", "timestamp": 1765669912422}, {"id": "706902436", "price": 2.0222, "amount": 5.5, "side": "buy", "timestamp": 1765669941635}, {"id": "706902437", "price": 2.0222, "amount": 3.5, "side": "buy", "timestamp": 1765669942380}, {"id": "706902438", "price": 2.0221, "amount": 98.8, "side": "sell", "timestamp": 1765669942893}, {"id": "706902439", "price": 2.0222, "amount": 5.6, "side": "buy", "timestamp": 1765669942907}, {"id": "706902440", "price": 2.0222, "amount": 5.5, "side": "buy", "timestamp": 1765669944175}, {"id": "706902441", "price": 2.0222, "amount": 52.0, "side": "buy", "timestamp": 1765669944332}, {"id": "706902442", "price": 2.0221, "amount": 3.2, "side": "sell", "timestamp": 1765669944754}, {"id": "706902443", "price": 2.0222, "amount": 5.5, "side": "buy", "timestamp": 1765669945449}, {"id": "706902444", "price": 2.0222, "amount": 18188.7, "side": "buy", "timestamp": 1765669946079}, {"id": "706902445", "price": 2.0223, "amount": 6503.3, "side": "buy", "timestamp": 1765669946140}, {"id": "706902446", "price": 2.0224, "amount": 3769.1, "side": "buy", "timestamp": 1765669946175}, {"id": "706902447", "price": 2.0225, "amount": 2829.6, "side": "buy", "timestamp": 1765669946178}, {"id": "706902448", "price": 2.0226, "amount": 539.4, "side": "buy", "timestamp": 1765669946182}, {"id": "706902449", "price": 2.0227, "amount": 5.5, "side": "buy", "timestamp": 1765669946718}, {"id": "706902450", "price": 2.0227, "amount": 50.1, "side": "buy", "timestamp": 1765669947987}, {"id": "706902451", "price": 2.0227, "amount": 5.5, "side": "buy", "timestamp": 1765669949261}, {"id": "706902452", "price": 2.0227, "amount": 2.6, "side": "buy", "timestamp": 1765669949720}, {"id": "706902453", "price": 2.0227, "amount": 5.5, "side": "buy", "timestamp": 1765669950526}, {"id": "706902454", "price": 2.0226, "amount": 6.6, "side": "sell", "timestamp": 1765669950833}, {"id": "706902455", "price": 2.0227, "amount": 52.8, "side": "buy", "timestamp": 1765669950930}, {"id": "706902456", "price": 2.0227, "amount": 5.5, "side": "buy", "timestamp": 1765669951443}, {"id": "706902457", "price": 2.0227, "amount": 12.8, "side": "buy", "timestamp": 1765669951798}, {"id": "706902458", "price": 2.0227, "amount": 5.5, "side": "buy", "timestamp": 1765669953066}, {"id": "706902459", "price": 2.0226, "amount": 129.4, "side": "sell", "timestamp": 1765669953375}, {"id": "706902460", "price": 2.0227, "amount": 5.5, "side": "buy", "timestamp": 1765669954337}, {"id": "706902461", "price": 2.0227, "amount": 5.5, "side": "buy", "timestamp": 1765669955632}, {"id": "706902462", "price": 2.0226, "amount": 15.4, "side": "sell", "timestamp": 1765669956066}, {"id": "706902463", "price": 2.0227, "amount": 6185.5, "side": "buy", "timestamp": 1765669956601}, {"id": "706902464", "price": 2.0227, "amount": 79.9, "side": "buy", "timestamp": 1765669956756}, {"id": "706902465", "price": 2.0226, "amount": 9697.4, "side": "sell", "timestamp": 1765669956871}, {"id": "706902466", "price": 2.0227, "amount": 5.5, "side": "buy", "timestamp": 1765669956882}, {"id": "706902467", "price": 2.0226, "amount": 2730.0, "side": "sell", "timestamp": 1765669956948}, {"id": "706902468", "price": 2.0226, "amount": 3057.6, "side": "sell", "timestamp": 1765669957109}, {"id": "706902469", "price": 2.0227, "amount": 5.5, "side": "buy", "timestamp": 1765669958147}, {"id": "706902470", "price": 2.0226, "amount": 86.5, "side": "sell", "timestamp": 1765669958236}, {"id": "706902471", "price": 2.0227, "amount": 3.5, "side": "buy", "timestamp": 1765669958718}, {"id": "706902472", "price": 2.0227, "amount": 5.5, "side": "buy", "timestamp": 1765669959421}, {"id": "706902473", "price": 2.0227, "amount": 3150.0, "side": "buy", "timestamp": 1765669960196}, {"id": "706902474", "price": 2.0227, "amount": 2804.3, "side": "buy", "timestamp": 1765669960461}, {"id": "706902475", "price": 2.0228, "amount": 1808.3, "side": "buy", "timestamp": 1765669960461}, {"id": "706902476", "price": 2.0227, "amount": 7294.6, "side": "sell", "timestamp": 1765669960465}, {"id": "706902477", "price": 2.0227, "amount": 5.5, "side": "buy", "timestamp": 1765669960692}, {"id": "706902478", "price": 2.0227, "amount": 5.5, "side": "buy", "timestamp": 1765669961961}, {"id": "706902479", "price": 2.0226, "amount": 11625.1, "side": "sell", "timestamp": 1765669962604}, {"id": "706902480", "price": 2.0226, "amount": 5.5, "side": "buy", "timestamp": 1765669963228}, {"id": "706902481", "price": 2.0226, "amount": 203.3, "side": "buy", "timestamp": 1765669964387}, {"id": "706902482", "price": 2.0226, "amount": 5.5, "side": "buy", "timestamp": 1765669964503}, {"id": "706902483", "price": 2.0226, "amount": 14.8, "side": "buy", "timestamp": 1765669965097}, {"id": "706902484", "price": 2.0226, "amount": 5.5, "side": "buy", "timestamp": 1765669965771}, {"id": "706902485", "price": 2.0225, "amount": 17.5, "side": "sell", "timestamp": 1765669965866}, {"id": "706902541", "price": 2.0222, "amount": 6.5, "side": "buy", "timestamp": 1765669988992}, {"id": "706902542", "price": 2.0221, "amount": 8.3, "side": "sell", "timestamp": 1765669989476}, {"id": "706902543", "price": 2.0222, "amount": 5.5, "side": "buy", "timestamp": 1765669989906}, {"id": "706902544", "price": 2.0221, "amount": 3.7, "side": "sell", "timestamp": 1765669989930}, {"id": "706902545", "price": 2.0222, "amount": 5.5, "side": "buy", "timestamp": 1765669991175}, {"id": "706902546", "price": 2.0222, "amount": 5.5, "side": "buy", "timestamp": 1765669992450}, {"id": "706902547", "price": 2.0222, "amount": 5.5, "side": "buy", "timestamp": 1765669993718}, {"id": "706902548", "price": 2.0222, "amount": 31.2, "side": "buy", "timestamp": 1765669994415}, {"id": "706902549", "price": 2.0222, "amount": 5.5, "side": "buy", "timestamp": 1765669994985}, {"id": "706902550", "price": 2.0221, "amount": 30.5, "side": "sell", "timestamp": 1765669995300}, {"id": "706902551", "price": 2.0221, "amount": 24.7, "side": "sell", "timestamp": 1765669995496}, {"id": "706902552", "price": 2.0222, "amount": 52.9, "side": "buy", "timestamp": 1765669995626}, {"id": "706902553", "price": 2.0222, "amount": 5.5, "side": "buy", "timestamp": 1765669996258}, {"id": "706902554", "price": 2.0222, "amount": 18.8, "side": "buy", "timestamp": 1765669997324}, {"id": "706902555", "price": 2.0222, "amount": 5.5, "side": "buy", "timestamp": 1765669997528}, {"id": "706902556", "price": 2.0221, "amount": 8.2, "side": "sell", "timestamp": 1765669998083}, {"id": "706902557", "price": 2.0222, "amount": 5.5, "side": "buy", "timestamp": 1765669998795}, {"id": "706902558", "price": 2.0222, "amount": 0.1, "side": "buy", "timestamp": 1765669999684}, {"id": "706902559", "price": 2.0222, "amount": 5.5, "side": "buy", "timestamp": 1765670000066}, {"id": "706902560", "price": 2.0221, "amount": 3.2, "side": "sell", "timestamp": 1765670001180}, {"id": "706902561", "price": 2.0222, "amount": 5.5, "side": "buy", "timestamp": 1765670001335}, {"id": "706902562", "price": 2.0222, "amount": 5.5, "side": "buy", "timestamp": 1765670002609}, {"id": "706902563", "price": 2.0222, "amount": 294.2, "side": "buy", "timestamp": 1765670003508}, {"id": "706902564", "price": 2.0221, "amount": 4091.5, "side": "sell", "timestamp": 1765670003655}, {"id": "706902565", "price": 2.0222, "amount": 5.5, "side": "buy", "timestamp": 1765670003880}, {"id": "706902566", "price": 2.0221, "amount": 334.5, "side": "sell", "timestamp": 1765670004708}, {"id": "706902567", "price": 2.0222, "amount": 5.5, "side": "buy", "timestamp": 1765670005149}, {"id": "706902568", "price": 2.0222, "amount": 741.7, "side": "buy", "timestamp": 1765670005582}, {"id": "706902569", "price": 2.0222, "amount": 5.5, "side": "buy", "timestamp": 1765670006422}, {"id": "706902570", "price": 2.0221, "amount": 671.6, "side": "sell", "timestamp": 1765670006520}, {"id": "706902571", "price": 2.0221, "amount": 5.5, "side": "buy", "timestamp": 1765670007687}, {"id": "706902572", "price": 2.022, "amount": 3.3, "side": "sell", "timestamp": 1765670007724}, {"id": "706902573", "price": 2.022, "amount": 3.4, "side": "sell", "timestamp": 1765670008678}, {"id": "706902574", "price": 2.0221, "amount": 5.5, "side": "buy", "timestamp": 1765670008957}, {"id": "706902575", "price": 2.0221, "amount": 5.5, "side": "buy", "timestamp": 1765670010231}, {"id": "706902576", "price": 2.0221, "amount": 52.9, "side": "buy", "timestamp": 1765670010940}, {"id": "706902577", "price": 2.022, "amount": 98.9, "side": "sell", "timestamp": 1765670010981}, {"id": "706902578", "price": 2.0221, "amount": 5.5, "side": "buy", "timestamp": 1765670011500}, {"id": "706902579", "price": 2.0221, "amount": 106.7, "side": "buy", "timestamp": 1765670011979}, {"id": "706902580", "price": 2.022, "amount": 15.5, "side": "sell", "timestamp": 1765670012397}, {"id": "706902581", "price": 2.022, "amount": 2.9, "side": "sell", "timestamp": 1765670012694}, {"id": "706902582", "price": 2.0221, "amount": 5.5, "side": "buy", "timestamp": 1765670012767}, {"id": "706902583", "price": 2.022, "amount": 15.6, "side": "sell", "timestamp": 1765670013986}, {"id": "706902584", "price": 2.0221, "amount": 17.0, "side": "buy", "timestamp": 1765670014013}, {"id": "706902585", "price": 2.0221, "amount": 5.5, "side": "buy", "timestamp": 1765670015314}, {"id": "706902586", "price": 2.022, "amount": 3.1, "side": "sell", "timestamp": 1765670015801}, {"id": "706902587", "price": 2.0221, "amount": 5.5, "side": "buy", "timestamp": 1765670016581}, {"id": "706902588", "price": 2.0221, "amount": 5.5, "side": "buy", "timestamp": 1765670017848}, {"id": "706902589", "price": 2.0221, "amount": 5.5, "side": "buy", "timestamp": 1765670019119}, {"id": "706902590", "price": 2.0221, "amount": 3.6, "side": "buy", "timestamp": 1765670019510}, {"id": "706902637", "price": 2.0222, "amount": 98.9, "side": "sell", "timestamp": 1765670045994}, {"id": "706902638", "price": 2.0223, "amount": 5.5, "side": "buy", "timestamp": 1765670047064}, {"id": "706902639", "price": 2.0222, "amount": 21.7, "side": "sell", "timestamp": 1765670047975}, {"id": "706902640", "price": 2.0223, "amount": 3.5, "side": "buy", "timestamp": 1765670048061}, {"id": "706902641", "price": 2.0223, "amount": 5.5, "side": "buy", "timestamp": 1765670048336}, {"id": "706902642", "price": 2.0223, "amount": 11.3, "side": "buy", "timestamp": 1765670048457}, {"id": "706902643", "price": 2.0223, "amount": 12.7, "side": "buy", "timestamp": 1765670049607}, {"id": "706902644", "price": 2.0223, "amount": 0.1, "side": "buy", "timestamp": 1765670050381}, {"id": "706902645", "price": 2.0223, "amount": 5.5, "side": "buy", "timestamp": 1765670050875}, {"id": "706902646", "price": 2.0223, "amount": 5.5, "side": "buy", "timestamp": 1765670052148}, {"id": "706902647", "price": 2.0223, "amount": 2.8, "side": "buy", "timestamp": 1765670053304}, {"id": "706902648", "price": 2.0223, "amount": 5.5, "side": "buy", "timestamp": 1765670053419}, {"id": "706902649", "price": 2.0223, "amount": 5.5, "side": "buy", "timestamp": 1765670054687}, {"id": "706902650", "price": 2.0223, "amount": 5.5, "side": "buy", "timestamp": 1765670055958}, {"id": "706902651", "price": 2.0223, "amount": 5.5, "side": "buy", "timestamp": 1765670057229}, {"id": "706902652", "price": 2.0223, "amount": 167.3, "side": "buy", "timestamp": 1765670057504}, {"id": "706902653", "price": 2.0223, "amount": 66.5, "side": "buy", "timestamp": 1765670058219}, {"id": "706902654", "price": 2.0223, "amount": 5.5, "side": "buy", "timestamp": 1765670058498}, {"id": "706902655", "price": 2.0223, "amount": 5.5, "side": "buy", "timestamp": 1765670059767}, {"id": "706902656", "price": 2.0223, "amount": 6068.4, "side": "buy", "timestamp": 1765670060197}, {"id": "706902657", "price": 2.0224, "amount": 672.0, "side": "buy", "timestamp": 1765670060204}, {"id": "706902658", "price": 2.0225, "amount": 2380.3, "side": "buy", "timestamp": 1765670060223}, {"id": "706902659", "price": 2.0225, "amount": 171.1, "side": "sell", "timestamp": 1765670060287}, {"id": "706902660", "price": 2.0226, "amount": 2783.3, "side": "buy", "timestamp": 1765670060293}, {"id": "706902661", "price": 2.0227, "amount": 5.5, "side": "buy", "timestamp": 1765670061037}, {"id": "706902662", "price": 2.0227, "amount": 5.5, "side": "buy", "timestamp": 1765670062310}, {"id": "706902663", "price": 2.0227, "amount": 14.8, "side": "buy", "timestamp": 1765670062503}, {"id": "706902664", "price": 2.0227, "amount": 3.5, "side": "buy", "timestamp": 1765670062621}, {"id": "706902665", "price": 2.0226, "amount": 5209.5, "side": "sell", "timestamp": 1765670063356}, {"id": "706902666", "price": 2.0226, "amount": 5.5, "side": "buy", "timestamp": 1765670063581}, {"id": "706902667", "price": 2.0226, "amount": 62.9, "side": "buy", "timestamp": 1765670064646}, {"id": "706902668", "price": 2.0226, "amount": 5.5, "side": "buy", "timestamp": 1765670064851}, {"id": "706902669", "price": 2.0226, "amount": 4.9, "side": "buy", "timestamp": 1765670065792}, {"id": "706902670", "price": 2.0226, "amount": 5.5, "side": "buy", "timestamp": 1765670066117}, {"id": "706902671", "price": 2.0225, "amount": 18.1, "side": "sell", "timestamp": 1765670067266}, {"id": "706902672", "price": 2.0226, "amount": 5.5, "side": "buy", "timestamp": 1765670067390}, {"id": "706902673", "price": 2.0226, "amount": 5.5, "side": "buy", "timestamp": 1765670068661}, {"id": "706902674", "price": 2.0225, "amount": 11.8, "side": "sell", "timestamp": 1765670069373}, {"id": "706902675", "price": 2.0226, "amount": 5.9, "side": "buy", "timestamp": 1765670069617}, {"id": "706902676", "price": 2.0226, "amount": 5.5, "side": "buy", "timestamp": 1765670069930}, {"id": "706902677", "price": 2.0225, "amount": 111.9, "side": "sell", "timestamp": 1765670070188}, {"id": "706902678", "price": 2.0226, "amount": 52.7, "side": "buy", "timestamp": 1765670070394}, {"id": "706902679", "price": 2.0226, "amount": 0.1, "side": "buy", "timestamp": 1765670071085}, {"id": "706902680", "price": 2.0226, "amount": 5.5, "side": "buy", "timestamp": 1765670071202}, {"id": "706902681", "price": 2.0226, "amount": 2.7, "side": "buy", "timestamp": 1765670071605}, {"id": "706902682", "price": 2.0226, "amount": 5.5, "side": "buy", "timestamp": 1765670072469}, {"id": "706902683", "price": 2.0225, "amount": 3.6, "side": "sell", "timestamp": 1765670072883}, {"id": "706902684", "price": 2.0226, "amount": 2.6, "side": "buy", "timestamp": 1765670073015}, {"id": "706902685", "price": 2.0226, "amount": 9.3, "side": "buy", "timestamp": 1765670073342}, {"id": "706902686", "price": 2.0226, "amount": 5.5, "side": "buy", "timestamp": 1765670073741}, {"id": "706902755", "price": 2.0222, "amount": 12.4, "side": "sell", "timestamp": 1765670101598}, {"id": "706902756", "price": 2.0223, "amount": 5.5, "side": "buy", "timestamp": 1765670101688}, {"id": "706902757", "price": 2.0222, "amount": 136.6, "side": "sell", "timestamp": 1765670101691}, {"id": "706902758", "price": 2.0222, "amount": 5.2, "side": "sell", "timestamp": 1765670101808}, {"id": "706902759", "price": 2.0222, "amount": 16.8, "side": "sell", "timestamp": 1765670102030}, {"id": "706902760", "price": 2.0223, "amount": 52.9, "side": "buy", "timestamp": 1765670102731}, {"id": "706902761", "price": 2.0223, "amount": 5.5, "side": "buy", "timestamp": 1765670102958}, {"id": "706902762", "price": 2.0222, "amount": 3.1, "side": "sell", "timestamp": 1765670103177}, {"id": "706902763", "price": 2.0223, "amount": 23.2, "side": "buy", "timestamp": 1765670103208}, {"id": "706902764", "price": 2.0223, "amount": 10.3, "side": "buy", "timestamp": 1765670103701}, {"id": "706902765", "price": 2.0222, "amount": 39.1, "side": "sell", "timestamp": 1765670104158}, {"id": "706902766", "price": 2.0223, "amount": 5.5, "side": "buy", "timestamp": 1765670104225}, {"id": "706902767", "price": 2.0223, "amount": 5.5, "side": "buy", "timestamp": 1765670105496}, {"id": "706902768", "price": 2.0223, "amount": 5.5, "side": "buy", "timestamp": 1765670106770}, {"id": "706902769", "price": 2.0223, "amount": 30.0, "side": "buy", "timestamp": 1765670107090}, {"id": "706902770", "price": 2.0223, "amount": 3.5, "side": "buy", "timestamp": 1765670107761}, {"id": "706902771", "price": 2.0223, "amount": 5.5, "side": "buy", "timestamp": 1765670108036}, {"id": "706902772", "price": 2.0223, "amount": 5.5, "side": "buy", "timestamp": 1765670109308}, {"id": "706902773", "price": 2.0223, "amount": 744.3, "side": "buy", "timestamp": 1765670109529}, {"id": "706902774", "price": 2.0223, "amount": 5.5, "side": "buy", "timestamp": 1765670110574}, {"id": "706902775", "price": 2.0223, "amount": 50.9, "side": "buy", "timestamp": 1765670111646}, {"id": "706902776", "price": 2.0222, "amount": 8.9, "side": "sell", "timestamp": 1765670111667}, {"id": "706902777", "price": 2.0223, "amount": 5.5, "side": "buy", "timestamp": 1765670111845}, {"id": "706902778", "price": 2.0223, "amount": 8.7, "side": "buy", "timestamp": 1765670112291}, {"id": "706902779", "price": 2.0223, "amount": 1.1, "side": "buy", "timestamp": 1765670112426}, {"id": "706902780", "price": 2.0223, "amount": 5.5, "side": "buy", "timestamp": 1765670113117}, {"id": "706902781", "price": 2.0223, "amount": 5.5, "side": "buy", "timestamp": 1765670114389}, {"id": "706902782", "price": 2.0223, "amount": 5.5, "side": "buy", "timestamp": 1765670115659}, {"id": "706902783", "price": 2.0223, "amount": 5.5, "side": "buy", "timestamp": 1765670116927}, {"id": "706902784", "price": 2.0223, "amount": 52.7, "side": "buy", "timestamp": 1765670117718}, {"id": "706902785", "price": 2.0222, "amount": 98.9, "side": "sell", "timestamp": 1765670117777}, {"id": "706902786", "price": 2.0223, "amount": 5.5, "side": "buy", "timestamp": 1765670118199}, {"id": "706902787", "price": 2.0223, "amount": 5.5, "side": "buy", "timestamp": 1765670119467}, {"id": "706902788", "price": 2.0223, "amount": 5.5, "side": "buy", "timestamp": 1765670120741}, {"id": "706902789", "price": 2.0223, "amount": 0.5, "side": "buy", "timestamp": 1765670121859}, {"id": "706902790", "price": 2.0223, "amount": 9.0, "side": "buy", "timestamp": 1765670122012}, {"id": "706902791", "price": 2.0223, "amount": 5.5, "side": "buy", "timestamp": 1765670123282}, {"id": "706902792", "price": 2.0222, "amount": 3.5, "side": "sell", "timestamp": 1765670123884}, {"id": "706902793", "price": 2.0223, "amount": 5.5, "side": "buy", "timestamp": 1765670124552}, {"id": "706902794", "price": 2.0223, "amount": 29552.6, "side": "buy", "timestamp": 1765670124768}, {"id": "706902795", "price": 2.0224, "amount": 2734.4, "side": "buy", "timestamp": 1765670124768}, {"id": "706902796", "price": 2.0225, "amount": 1482.9, "side": "buy", "timestamp": 1765670124774}, {"id": "706902797", "price": 2.0224, "amount": 293.5, "side": "sell", "timestamp": 1765670124798}, {"id": "706902798", "price": 2.0225, "amount": 0.6, "side": "buy", "timestamp": 1765670125280}, {"id": "706902799", "price": 2.0225, "amount": 7557.8, "side": "buy", "timestamp": 1765670125400}, {"id": "706902800", "price": 2.0224, "amount": 7212.1, "side": "sell", "timestamp": 1765670125404}, {"id": "706902801", "price": 2.0225, "amount": 5.5, "side": "buy", "timestamp": 1765670125821}, {"id": "706902802", "price": 2.0225, "amount": 2.8, "side": "buy", "timestamp": 1765670126570}, {"id": "706902803", "price": 2.0224, "amount": 6.1, "side": "sell", "timestamp": 1765670126804}, {"id": "706902804", "price": 2.0225, "amount": 5.5, "side": "buy", "timestamp": 1765670127091}, {"id": "706902851", "price": 2.0226, "amount": 5.5, "side": "buy", "timestamp": 1765670152496}, {"id": "706902852", "price": 2.0226, "amount": 5.3, "side": "buy", "timestamp": 1765670152630}, {"id": "706902853", "price": 2.0225, "amount": 3.0, "side": "sell", "timestamp": 1765670152832}, {"id": "706902854", "price": 2.0225, "amount": 98.9, "side": "sell", "timestamp": 1765670153361}, {"id": "706902855", "price": 2.0226, "amount": 5.5, "side": "buy", "timestamp": 1765670153764}, {"id": "706902856", "price": 2.0225, "amount": 2.6, "side": "sell", "timestamp": 1765670154690}, {"id": "706902857", "price": 2.0225, "amount": 6.4, "side": "sell", "timestamp": 1765670154833}, {"id": "706902858", "price": 2.0226, "amount": 5.5, "side": "buy", "timestamp": 1765670155037}, {"id": "706902859", "price": 2.0226, "amount": 5.5, "side": "buy", "timestamp": 1765670156305}, {"id": "706902860", "price": 2.0225, "amount": 9147.7, "side": "sell", "timestamp": 1765670156309}, {"id": "706902861", "price": 2.0226, "amount": 5.5, "side": "buy", "timestamp": 1765670157575}, {"id": "706902862", "price": 2.0225, "amount": 121.5, "side": "sell", "timestamp": 1765670158296}, {"id": "706902863", "price": 2.0225, "amount": 277.6, "side": "sell", "timestamp": 1765670158666}, {"id": "706902864", "price": 2.0226, "amount": 5.5, "side": "buy", "timestamp": 1765670158843}, {"id": "706902865", "price": 2.0225, "amount": 7.3, "side": "sell", "timestamp": 1765670158863}, {"id": "706902866", "price": 2.0226, "amount": 786.8, "side": "buy", "timestamp": 1765670159217}, {"id": "706902867", "price": 2.0225, "amount": 5.7, "side": "sell", "timestamp": 1765670159772}, {"id": "706902868", "price": 2.0225, "amount": 3.3, "side": "sell", "timestamp": 1765670159999}, {"id": "706902869", "price": 2.0226, "amount": 189.9, "side": "buy", "timestamp": 1765670160260}, {"id": "706902870", "price": 2.0226, "amount": 52.9, "side": "buy", "timestamp": 1765670160842}, {"id": "706902871", "price": 2.0225, "amount": 7.0, "side": "sell", "timestamp": 1765670161627}, {"id": "706902872", "price": 2.0225, "amount": 16.8, "side": "sell", "timestamp": 1765670162137}, {"id": "706902873", "price": 2.0225, "amount": 12.9, "side": "sell", "timestamp": 1765670162319}, {"id": "706902874", "price": 2.0225, "amount": 44.6, "side": "sell", "timestamp": 1765670162508}, {"id": "706902875", "price": 2.0225, "amount": 24.4, "side": "sell", "timestamp": 1765670162720}, {"id": "706902876", "price": 2.0226, "amount": 10.6, "side": "buy", "timestamp": 1765670163762}, {"id": "706902877", "price": 2.0226, "amount": 1316.3, "side": "buy", "timestamp": 1765670164548}, {"id": "706902878", "price": 2.0226, "amount": 286.4, "side": "buy", "timestamp": 1765670165620}, {"id": "706902879", "price": 2.0226, "amount": 1824.1, "side": "buy", "timestamp": 1765670166930}, {"id": "706902880", "price": 2.0226, "amount": 5.1, "side": "sell", "timestamp": 1765670167109}, {"id": "706902881", "price": 2.0227, "amount": 2899.2, "side": "buy", "timestamp": 1765670167137}, {"id": "706902882", "price": 2.0227, "amount": 6.3, "side": "sell", "timestamp": 1765670167146}, {"id": "706902883", "price": 2.0227, "amount": 9.3, "side": "sell", "timestamp": 1765670168028}, {"id": "706902884", "price": 2.0227, "amount": 4.6, "side": "sell", "timestamp": 1765670169153}, {"id": "706902885", "price": 2.0228, "amount": 1.1, "side": "buy", "timestamp": 1765670170902}, {"id": "706902886", "price": 2.0227, "amount": 21.9, "side": "sell", "timestamp": 1765670171159}, {"id": "706902887", "price": 2.0227, "amount": 9.0, "side": "sell", "timestamp": 1765670171925}, {"id": "706902888", "price": 2.0228, "amount": 20.4, "side": "buy", "timestamp": 1765670172426}, {"id": "706902889", "price": 2.0228, "amount": 0.5, "side": "buy", "timestamp": 1765670173145}, {"id": "706902890", "price": 2.0227, "amount": 2250.8, "side": "sell", "timestamp": 1765670173386}, {"id": "706902891", "price": 2.0228, "amount": 1478.6, "side": "buy", "timestamp": 1765670174884}, {"id": "706902892", "price": 2.0228, "amount": 84.8, "side": "buy", "timestamp": 1765670175038}, {"id": "706902893", "price": 2.0228, "amount": 85.0, "side": "buy", "timestamp": 1765670175813}, {"id": "706902894", "price": 2.0227, "amount": 19430.1, "side": "sell", "timestamp": 1765670176451}, {"id": "706902895", "price": 2.0226, "amount": 7222.8, "side": "sell", "timestamp": 1765670177040}, {"id": "706902896", "price": 2.0227, "amount": 0.6, "side": "buy", "timestamp": 1765670177914}, {"id": "706902897", "price": 2.0227, "amount": 0.4, "side": "buy", "timestamp": 1765670178512}, {"id": "706902898", "price": 2.0226, "amount": 917.3, "side": "sell", "timestamp": 1765670179716}, {"id": "706902899", "price": 2.0227, "amount": 53.0, "side": "buy", "timestamp": 1765670180040}, {"id": "706902900", "price": 2.0226, "amount": 12.9, "side": "sell", "timestamp": 1765670180457}, {"id": "706902928", "price": 2.0226, "amount": 9186.6, "side": "sell", "timestamp": 1765670200431}, {"id": "706902929", "price": 2.0226, "amount": 0.1, "side": "buy", "timestamp": 1765670201589}, {"id": "706902930", "price": 2.0225, "amount": 3.2, "side": "sell", "timestamp": 1765670201842}, {"id": "706902931", "price": 2.0226, "amount": 0.1, "side": "buy", "timestamp": 1765670201930}, {"id": "706902932", "price": 2.0226, "amount": 0.4, "side": "buy", "timestamp": 1765670202424}, {"id": "706902933", "price": 2.0225, "amount": 3.0, "side": "sell", "timestamp": 1765670202790}, {"id": "706902934", "price": 2.0226, "amount": 8.6, "side": "buy", "timestamp": 1765670202867}, {"id": "706902935", "price": 2.0226, "amount": 0.7, "side": "buy", "timestamp": 1765670203710}, {"id": "706902936", "price": 2.0225, "amount": 9.6, "side": "sell", "timestamp": 1765670204168}, {"id": "706902937", "price": 2.0225, "amount": 2.8, "side": "sell", "timestamp": 1765670204804}, {"id": "706902938", "price": 2.0226, "amount": 0.1, "side": "buy", "timestamp": 1765670205200}, {"id": "706902939", "price": 2.0225, "amount": 14.8, "side": "sell", "timestamp": 1765670205934}, {"id": "706902940", "price": 2.0226, "amount": 11.0, "side": "buy", "timestamp": 1765670206565}, {"id": "706902941", "price": 2.0226, "amount": 53.0, "side": "buy", "timestamp": 1765670208801}, {"id": "706902942", "price": 2.0226, "amount": 3.1, "side": "buy", "timestamp": 1765670209949}, {"id": "706902943", "price": 2.0225, "amount": 3.0, "side": "sell", "timestamp": 1765670210835}, {"id": "706902944", "price": 2.0226, "amount": 2.5, "side": "buy", "timestamp": 1765670211409}, {"id": "706902945", "price": 2.0226, "amount": 0.5, "side": "buy", "timestamp": 1765670213786}, {"id": "706902946", "price": 2.0225, "amount": 7343.8, "side": "sell", "timestamp": 1765670213825}, {"id": "706902947", "price": 2.0224, "amount": 6081.7, "side": "sell", "timestamp": 1765670213840}, {"id": "706902948", "price": 2.0224, "amount": 2.0, "side": "buy", "timestamp": 1765670214776}, {"id": "706902949", "price": 2.0223, "amount": 3.3, "side": "sell", "timestamp": 1765670215840}, {"id": "706902950", "price": 2.0223, "amount": 324.3, "side": "sell", "timestamp": 1765670216121}, {"id": "706902951", "price": 2.0224, "amount": 0.6, "side": "buy", "timestamp": 1765670216444}, {"id": "706902952", "price": 2.0223, "amount": 15.6, "side": "sell", "timestamp": 1765670217015}, {"id": "706902953", "price": 2.0223, "amount": 5.0, "side": "sell", "timestamp": 1765670218807}, {"id": "706902954", "price": 2.0223, "amount": 6.1, "side": "sell", "timestamp": 1765670219650}, {"id": "706902955", "price": 2.0223, "amount": 98.8, "side": "sell", "timestamp": 1765670220329}, {"id": "706902956", "price": 2.0223, "amount": 3.7, "side": "sell", "timestamp": 1765670220821}, {"id": "706902957", "price": 2.0224, "amount": 229.3, "side": "buy", "timestamp": 1765670220864}, {"id": "706902958", "price": 2.0224, "amount": 52.9, "side": "buy", "timestamp": 1765670221161}, {"id": "706902959", "price": 2.0223, "amount": 20.2, "side": "sell", "timestamp": 1765670221274}, {"id": "706902960", "price": 2.0223, "amount": 0.2, "side": "sell", "timestamp": 1765670221590}, {"id": "706902961", "price": 2.0223, "amount": 2086.7, "side": "sell", "timestamp": 1765670222369}, {"id": "706902962", "price": 2.0222, "amount": 920.0, "side": "sell", "timestamp": 1765670222431}, {"id": "706902963", "price": 2.0221, "amount": 17.1, "side": "sell", "timestamp": 1765670222458}, {"id": "706902964", "price": 2.0221, "amount": 2.7, "side": "sell", "timestamp": 1765670222710}, {"id": "706902965", "price": 2.0221, "amount": 3.5, "side": "sell", "timestamp": 1765670222824}, {"id": "706902966", "price": 2.0222, "amount": 96.9, "side": "buy", "timestamp": 1765670223314}, {"id": "706902967", "price": 2.0222, "amount": 4.1, "side": "buy", "timestamp": 1765670223471}, {"id": "706902968", "price": 2.0222, "amount": 21.9, "side": "buy", "timestamp": 1765670224512}, {"id": "706902969", "price": 2.0222, "amount": 0.6, "side": "buy", "timestamp": 1765670224641}, {"id": "706902970", "price": 2.0222, "amount": 5.1, "side": "buy", "timestamp": 1765670225567}, {"id": "706902971", "price": 2.0221, "amount": 500.0, "side": "sell", "timestamp": 1765670227204}, {"id": "706902972", "price": 2.0221, "amount": 5.9, "side": "sell", "timestamp": 1765670227679}, {"id": "706902973", "price": 2.0221, "amount": 2.5, "side": "sell", "timestamp": 1765670228978}, {"id": "706902974", "price": 2.0222, "amount": 7.0, "side": "buy", "timestamp": 1765670231233}, {"id": "706902975", "price": 2.0221, "amount": 19.6, "side": "sell", "timestamp": 1765670232145}, {"id": "706902976", "price": 2.0222, "amount": 299.0, "side": "buy", "timestamp": 1765670233309}, {"id": "706902977", "price": 2.0222, "amount": 11.8, "side": "buy", "timestamp": 1765670233447}, {"id": "706902998", "price": 2.0224, "amount": 420.9, "side": "buy", "timestamp": 1765670255064}, {"id": "706902999", "price": 2.0223, "amount": 3203.5, "side": "sell", "timestamp": 1765670255671}, {"id": "706903000", "price": 2.0224, "amount": 0.7, "side": "buy", "timestamp": 1765670255963}, {"id": "706903001", "price": 2.0223, "amount": 2701.7, "side": "sell", "timestamp": 1765670256724}, {"id": "706903002", "price": 2.0223, "amount": 257.0, "side": "sell", "timestamp": 1765670257165}, {"id": "706903003", "price": 2.0222, "amount": 7379.9, "side": "sell", "timestamp": 1765670257165}, {"id": "706903004", "price": 2.0221, "amount": 8087.7, "side": "sell", "timestamp": 1765670257165}, {"id": "706903005", "price": 2.022, "amount": 4310.8, "side": "sell", "timestamp": 1765670257452}, {"id": "706903006", "price": 2.0221, "amount": 17.7, "side": "buy", "timestamp": 1765670257565}, {"id": "706903007", "price": 2.022, "amount": 3057.6, "side": "sell", "timestamp": 1765670257626}, {"id": "706903008", "price": 2.022, "amount": 83.3, "side": "sell", "timestamp": 1765670258940}, {"id": "706903009", "price": 2.022, "amount": 269.0, "side": "sell", "timestamp": 1765670260934}, {"id": "706903010", "price": 2.0221, "amount": 0.5, "side": "buy", "timestamp": 1765670261022}, {"id": "706903011", "price": 2.0221, "amount": 16.8, "side": "buy", "timestamp": 1765670261201}, {"id": "706903012", "price": 2.022, "amount": 5.6, "side": "sell", "timestamp": 1765670261873}, {"id": "706903013", "price": 2.0221, "amount": 0.6, "side": "buy", "timestamp": 1765670262267}, {"id": "706903014", "price": 2.0221, "amount": 255.5, "side": "buy", "timestamp": 1765670262851}, {"id": "706903015", "price": 2.0221, "amount": 24.7, "side": "buy", "timestamp": 1765670263546}, {"id": "706903016", "price": 2.022, "amount": 3.2, "side": "sell", "timestamp": 1765670263879}, {"id": "706903017", "price": 2.0221, "amount": 4.0, "side": "buy", "timestamp": 1765670264416}, {"id": "706903018", "price": 2.0221, "amount": 379.1, "side": "buy", "timestamp": 1765670265833}, {"id": "706903019", "price": 2.022, "amount": 14.8, "side": "sell", "timestamp": 1765670266294}, {"id": "706903020", "price": 2.0221, "amount": 53.1, "side": "buy", "timestamp": 1765670267168}, {"id": "706903021", "price": 2.022, "amount": 2877.9, "side": "sell", "timestamp": 1765670268612}, {"id": "706903022", "price": 2.0221, "amount": 889.9, "side": "buy", "timestamp": 1765670268669}, {"id": "706903023", "price": 2.0221, "amount": 17.7, "side": "buy", "timestamp": 1765670268903}, {"id": "706903024", "price": 2.022, "amount": 50.9, "side": "sell", "timestamp": 1765670270688}, {"id": "706903025", "price": 2.022, "amount": 3.2, "side": "sell", "timestamp": 1765670271663}, {"id": "706903026", "price": 2.022, "amount": 989.7, "side": "sell", "timestamp": 1765670273653}, {"id": "706903027", "price": 2.022, "amount": 6.2, "side": "sell", "timestamp": 1765670273875}, {"id": "706903028", "price": 2.022, "amount": 6.0, "side": "sell", "timestamp": 1765670274405}, {"id": "706903029", "price": 2.0221, "amount": 0.6, "side": "buy", "timestamp": 1765670274592}, {"id": "706903030", "price": 2.0221, "amount": 0.6, "side": "buy", "timestamp": 1765670275712}, {"id": "706903031", "price": 2.022, "amount": 7.1, "side": "sell", "timestamp": 1765670276029}, {"id": "706903032", "price": 2.0221, "amount": 10.0, "side": "buy", "timestamp": 1765670278018}, {"id": "706903033", "price": 2.022, "amount": 121.4, "side": "sell", "timestamp": 1765670279426}, {"id": "706903034", "price": 2.022, "amount": 3.3, "side": "sell", "timestamp": 1765670279854}, {"id": "706903035", "price": 2.0221, "amount": 0.6, "side": "buy", "timestamp": 1765670280402}, {"id": "706903036", "price": 2.0221, "amount": 69.2, "side": "buy", "timestamp": 1765670280602}, {"id": "706903037", "price": 2.0221, "amount": 337.9, "side": "buy", "timestamp": 1765670280913}, {"id": "706903038", "price": 2.0221, "amount": 18.6, "side": "buy", "timestamp": 1765670281292}, {"id": "706903039", "price": 2.022, "amount": 8690.1, "side": "sell", "timestamp": 1765670281694}, {"id": "706903040", "price": 2.022, "amount": 3.9, "side": "sell", "timestamp": 1765670281866}, {"id": "706903041", "price": 2.022, "amount": 5.8, "side": "sell", "timestamp": 1765670283879}, {"id": "706903042", "price": 2.022, "amount": 5.8, "side": "sell", "timestamp": 1765670284070}, {"id": "706903043", "price": 2.022, "amount": 20.9, "side": "sell", "timestamp": 1765670284515}, {"id": "706903044", "price": 2.022, "amount": 4.0, "side": "sell", "timestamp": 1765670284656}, {"id": "706903045", "price": 2.022, "amount": 4.1, "side": "sell", "timestamp": 1765670284885}, {"id": "706903046", "price": 2.022, "amount": 5.7, "side": "sell", "timestamp": 1765670285793}, {"id": "706903047", "price": 2.0221, "amount": 106.7, "side": "buy", "timestamp": 1765670287176}, {"id": "706903067", "price": 2.0222, "amount": 2003.9, "side": "buy", "timestamp": 1765670306884}, {"id": "706903068", "price": 2.0223, "amount": 1567.0, "side": "buy", "timestamp": 1765670306891}, {"id": "706903069", "price": 2.0224, "amount": 162.1, "side": "buy", "timestamp": 1765670306893}, {"id": "706903070", "price": 2.0224, "amount": 98.9, "side": "sell", "timestamp": 1765670307410}, {"id": "706903071", "price": 2.0225, "amount": 1.2, "side": "buy", "timestamp": 1765670307798}, {"id": "706903072", "price": 2.0225, "amount": 368.7, "side": "buy", "timestamp": 1765670307908}, {"id": "706903073", "price": 2.0225, "amount": 1.0, "side": "buy", "timestamp": 1765670308183}, {"id": "706903074", "price": 2.0225, "amount": 1727.6, "side": "buy", "timestamp": 1765670308387}, {"id": "706903075", "price": 2.0225, "amount": 21972.0, "side": "sell", "timestamp": 1765670308476}, {"id": "706903076", "price": 2.0225, "amount": 53.1, "side": "buy", "timestamp": 1765670311958}, {"id": "706903077", "price": 2.0225, "amount": 0.6, "side": "buy", "timestamp": 1765670312489}, {"id": "706903078", "price": 2.0224, "amount": 10.0, "side": "sell", "timestamp": 1765670312692}, {"id": "706903079", "price": 2.0224, "amount": 12883.6, "side": "sell", "timestamp": 1765670316009}, {"id": "706903080", "price": 2.0223, "amount": 2564.3, "side": "sell", "timestamp": 1765670316118}, {"id": "706903081", "price": 2.0222, "amount": 142.1, "side": "sell", "timestamp": 1765670316142}, {"id": "706903082", "price": 2.0222, "amount": 13.1, "side": "buy", "timestamp": 1765670316423}, {"id": "706903083", "price": 2.0222, "amount": 231.7, "side": "buy", "timestamp": 1765670316609}, {"id": "706903084", "price": 2.0222, "amount": 1.1, "side": "buy", "timestamp": 1765670316804}, {"id": "706903085", "price": 2.0222, "amount": 0.3, "side": "buy", "timestamp": 1765670318537}, {"id": "706903086", "price": 2.0221, "amount": 3.1, "side": "sell", "timestamp": 1765670319703}, {"id": "706903087", "price": 2.0221, "amount": 6.3, "side": "sell", "timestamp": 1765670320804}, {"id": "706903088", "price": 2.0221, "amount": 52.5, "side": "sell", "timestamp": 1765670322188}, {"id": "706903089", "price": 2.0222, "amount": 0.4, "side": "buy", "timestamp": 1765670324168}, {"id": "706903090", "price": 2.0222, "amount": 0.5, "side": "buy", "timestamp": 1765670326558}, {"id": "706903091", "price": 2.0221, "amount": 14.8, "side": "sell", "timestamp": 1765670326577}, {"id": "706903092", "price": 2.0222, "amount": 5709.0, "side": "buy", "timestamp": 1765670327516}, {"id": "706903093", "price": 2.0223, "amount": 77.5, "side": "buy", "timestamp": 1765670327527}, {"id": "706903094", "price": 2.0223, "amount": 3966.8, "side": "sell", "timestamp": 1765670327652}, {"id": "706903095", "price": 2.0224, "amount": 53.1, "side": "buy", "timestamp": 1765670328005}, {"id": "706903096", "price": 2.0223, "amount": 2536.7, "side": "sell", "timestamp": 1765670328707}, {"id": "706903097", "price": 2.0223, "amount": 4.7, "side": "sell", "timestamp": 1765670330086}, {"id": "706903098", "price": 2.0224, "amount": 0.3, "side": "buy", "timestamp": 1765670331533}, {"id": "706903099", "price": 2.0223, "amount": 376.3, "side": "sell", "timestamp": 1765670331781}, {"id": "706903100", "price": 2.0224, "amount": 2142.2, "side": "buy", "timestamp": 1765670333719}, {"id": "706903101", "price": 2.0224, "amount": 0.3, "side": "buy", "timestamp": 1765670335046}, {"id": "706903102", "price": 2.0223, "amount": 14089.2, "side": "sell", "timestamp": 1765670335951}, {"id": "706903103", "price": 2.0222, "amount": 107.7, "side": "sell", "timestamp": 1765670336014}, {"id": "706903104", "price": 2.0221, "amount": 8839.6, "side": "sell", "timestamp": 1765670336162}, {"id": "706903105", "price": 2.0222, "amount": 933.4, "side": "buy", "timestamp": 1765670336947}, {"id": "706903106", "price": 2.0221, "amount": 98.9, "side": "sell", "timestamp": 1765670338080}, {"id": "706903107", "price": 2.0221, "amount": 6873.8, "side": "sell", "timestamp": 1765670340011}, {"id": "706903108", "price": 2.022, "amount": 7224.2, "side": "sell", "timestamp": 1765670340423}, {"id": "706903109", "price": 2.022, "amount": 18.9, "side": "sell", "timestamp": 1765670340587}, {"id": "706903110", "price": 2.022, "amount": 3.3, "side": "sell", "timestamp": 1765670340764}, {"id": "706903111", "price": 2.022, "amount": 7.3, "side": "sell", "timestamp": 1765670341039}, {"id": "706903112", "price": 2.0221, "amount": 140.0, "side": "buy", "timestamp": 1765670341173}, {"id": "706903113", "price": 2.022, "amount": 19.8, "side": "sell", "timestamp": 1765670341374}, {"id": "706903114", "price": 2.022, "amount": 5.5, "side": "sell", "timestamp": 1765670341610}, {"id": "706903115", "price": 2.0221, "amount": 575.6, "side": "buy", "timestamp": 1765670342210}, {"id": "706903116", "price": 2.0221, "amount": 1.1, "side": "buy", "timestamp": 1765670342327}, {"id": "706903128", "price": 2.0218, "amount": 0.5, "side": "buy", "timestamp": 1765670353407}, {"id": "706903129", "price": 2.0218, "amount": 0.5, "side": "buy", "timestamp": 1765670354707}, {"id": "706903130", "price": 2.0218, "amount": 0.7, "side": "buy", "timestamp": 1765670356825}, {"id": "706903131", "price": 2.0218, "amount": 1200.0, "side": "buy", "timestamp": 1765670357799}, {"id": "706903132", "price": 2.0218, "amount": 53.1, "side": "buy", "timestamp": 1765670359057}, {"id": "706903133", "price": 2.0217, "amount": 8.6, "side": "sell", "timestamp": 1765670359341}, {"id": "706903134", "price": 2.0217, "amount": 1912.7, "side": "sell", "timestamp": 1765670359785}, {"id": "706903135", "price": 2.0218, "amount": 8.2, "side": "buy", "timestamp": 1765670360590}, {"id": "706903136", "price": 2.0218, "amount": 40.0, "side": "buy", "timestamp": 1765670362662}, {"id": "706903137", "price": 2.0218, "amount": 0.4, "side": "buy", "timestamp": 1765670362886}, {"id": "706903138", "price": 2.0217, "amount": 5.9, "side": "sell", "timestamp": 1765670363654}, {"id": "706903139", "price": 2.0218, "amount": 15.4, "side": "buy", "timestamp": 1765670364577}, {"id": "706903140", "price": 2.0217, "amount": 3.2, "side": "sell", "timestamp": 1765670366683}, {"id": "706903141", "price": 2.0217, "amount": 12304.5, "side": "sell", "timestamp": 1765670367494}, {"id": "706903142", "price": 2.0216, "amount": 1285.2, "side": "sell", "timestamp": 1765670367546}, {"id": "706903143", "price": 2.0215, "amount": 171.7, "side": "sell", "timestamp": 1765670367548}, {"id": "706903144", "price": 2.0215, "amount": 2.6, "side": "sell", "timestamp": 1765670368695}, {"id": "706903145", "price": 2.0215, "amount": 98.9, "side": "sell", "timestamp": 1765670369749}, {"id": "706903146", "price": 2.0215, "amount": 85.9, "side": "sell", "timestamp": 1765670370193}, {"id": "706903147", "price": 2.0216, "amount": 708.0, "side": "buy", "timestamp": 1765670370664}, {"id": "706903148", "price": 2.0215, "amount": 3.1, "side": "sell", "timestamp": 1765670370704}, {"id": "706903149", "price": 2.0216, "amount": 101.7, "side": "buy", "timestamp": 1765670370729}, {"id": "706903150", "price": 2.0216, "amount": 14.8, "side": "buy", "timestamp": 1765670371559}, {"id": "706903151", "price": 2.0215, "amount": 74.9, "side": "sell", "timestamp": 1765670372248}, {"id": "706903152", "price": 2.0216, "amount": 10.8, "side": "buy", "timestamp": 1765670372664}, {"id": "706903153", "price": 2.0216, "amount": 0.5, "side": "buy", "timestamp": 1765670373068}, {"id": "706903154", "price": 2.0216, "amount": 53.1, "side": "buy", "timestamp": 1765670373347}, {"id": "706903155", "price": 2.0216, "amount": 30.2, "side": "buy", "timestamp": 1765670374580}, {"id": "706903156", "price": 2.0215, "amount": 3.2, "side": "sell", "timestamp": 1765670374875}, {"id": "706903157", "price": 2.0216, "amount": 0.7, "side": "buy", "timestamp": 1765670377153}, {"id": "706903158", "price": 2.0216, "amount": 0.5, "side": "buy", "timestamp": 1765670377620}, {"id": "706903159", "price": 2.0215, "amount": 85.0, "side": "sell", "timestamp": 1765670381846}, {"id": "706903160", "price": 2.0216, "amount": 0.6, "side": "buy", "timestamp": 1765670382346}, {"id": "706903161", "price": 2.0215, "amount": 9.2, "side": "sell", "timestamp": 1765670382808}, {"id": "706903162", "price": 2.0216, "amount": 1000.0, "side": "buy", "timestamp": 1765670386342}, {"id": "706903163", "price": 2.0216, "amount": 14.8, "side": "buy", "timestamp": 1765670386696}, {"id": "706903164", "price": 2.0216, "amount": 53.1, "side": "buy", "timestamp": 1765670389131}, {"id": "706903165", "price": 2.0215, "amount": 2.9, "side": "sell", "timestamp": 1765670389317}, {"id": "706903166", "price": 2.0215, "amount": 5.7, "side": "sell", "timestamp": 1765670390072}, {"id": "706903167", "price": 2.0215, "amount": 4845.6, "side": "sell", "timestamp": 1765670390672}, {"id": "706903168", "price": 2.0215, "amount": 7.1, "side": "sell", "timestamp": 1765670390783}, {"id": "706903169", "price": 2.0215, "amount": 318.0, "side": "sell", "timestamp": 1765670391044}, {"id": "706903170", "price": 2.0215, "amount": 9.3, "side": "sell", "timestamp": 1765670392641}, {"id": "706903171", "price": 2.0216, "amount": 25.1, "side": "buy", "timestamp": 1765670393034}, {"id": "706903172", "price": 2.0216, "amount": 1.1, "side": "buy", "timestamp": 1765670393153}, {"id": "706903173", "price": 2.0216, "amount": 3.1, "side": "buy", "timestamp": 1765670394771}, {"id": "706903174", "price": 2.0215, "amount": 3.2, "side": "sell", "timestamp": 1765670394873}, {"id": "706903175", "price": 2.0216, "amount": 214.6, "side": "buy", "timestamp": 1765670395089}, {"id": "706903176", "price": 2.0216, "amount": 0.5, "side": "buy", "timestamp": 1765670395689}, {"id": "706903177", "price": 2.0215, "amount": 21.6, "side": "sell", "timestamp": 1765670395897}]