[{"symbol": "BNBUSDT", "bids": [[859.31, 2.55], [859.3, 0.06], [859.28, 1.26], [859.27, 0.04], [859.26, 0.7], [859.25, 0.59], [859.24, 0.86], [859.23, 2.3], [859.22, 0.03], [859.21, 1.95], [859.2, 3.78], [859.19, 4.05], [859.18, 7.87], [859.17, 1.64], [859.16, 10.28], [859.15, 5.05], [859.14, 18.35], [859.13, 5.43], [859.12, 6.51], [859.11, 12.04]], "asks": [[859.32, 29.49], [859.33, 0.01], [859.34, 0.06], [859.35, 43.66], [859.36, 5.89], [859.37, 3.19], [859.38, 19.42], [859.39, 43.42], [859.4, 13.84], [859.41, 5.17], [859.42, 14.41], [859.43, 1.49], [859.44, 6.57], [859.45, 3.59], [859.46, 2.28], [859.47, 3.01], [859.48, 9.52], [859.49, 23.27], [859.5, 0.62], [859.51, 0.04]], "timestamp": "2025-12-16T09:25:44.561393+00:00"}, {"symbol": "BNBUSDT", "bids": [[859.51, 20.02], [859.5, 5.71], [859.49, 6.17], [859.48, 4.68], [859.47, 6.02], [859.46, 8.1], [859.45, 6.31], [859.44, 9.02], [859.43, 19.18], [859.42, 19.74], [859.41, 8.77], [859.4, 3.52], [859.39, 0.12], [859.38, 3.49], [859.37, 10.02], [859.36, 0.04], [859.35, 0.56], [859.34, 4.58], [859.32, 0.56], [859.31, 3.91]], "asks": [[859.52, 9.16], [859.53, 5.27], [859.54, 0.71], [859.56, 0.03], [859.57, 2.15], [859.58, 3.07], [859.59, 3.13], [859.6, 2.56], [859.61, 5.3], [859.62, 13.63], [859.63, 15.78], [859.64, 6.36], [859.65, 11.63], [859.66, 0.68], [859.67, 2.25], [859.68, 8.58], [859.69, 23.07], [859.7, 0.02], [859.71, 10.23], [859.72, 6.46]], "timestamp": "2025-12-16T09:26:38.869416+00:00"}, {"symbol": "BNBUSDT", "bids": [[859.37, 14.57], [859.36, 6.48], [859.35, 0.03], [859.34, 0.04], [859.32, 8.2], [859.31, 4.35], [859.3, 0.59], [859.29, 12.43], [859.28, 11.67], [859.27, 5.58], [859.26, 35.58], [859.25, 0.04], [859.24, 11.62], [859.23, 2.21], [859.22, 2.41], [859.21, 1.82], [859.2, 20.5], [859.19, 20.77], [859.18, 7.7], [859.17, 5.21]], "asks": [[859.38, 18.53], [859.39, 5.36], [859.4, 0.28], [859.41, 10.71], [859.42, 0.03], [859.43, 2.18], [859.44, 6.67], [859.45, 34.56], [859.46, 10.64], [859.47, 11.7], [859.48, 11.23], [859.49, 0.33], [859.5, 4.32], [859.51, 4.37], [859.52, 23.97], [859.53, 7.98], [859.54, 14.04], [859.55, 20.75], [859.56, 6.19], [859.57, 3.96]], "timestamp": "2025-12-16T09:27:33.553315+00:00"}, {"symbol": "BNBUSDT", "bids": [[859.42, 33.25], [859.41, 0.03], [859.4, 0.01], [859.39, 0.04], [859.38, 0.05], [859.37, 0.09], [859.36, 6.41], [859.35, 21.08], [859.34, 2.38], [859.33, 9.74], [859.32, 11.88], [859.31, 4.81], [859.3, 2.64], [859.29, 2.77], [859.28, 25.98], [859.27, 8.87], [859.26, 36.72], [859.25, 0.09], [859.24, 4.08], [859.23, 2.23]], "asks": [[859.43, 5.82], [859.44, 0.01], [859.46, 0.02], [859.48, 2.29], [859.49, 0.59], [859.5, 1.79], [859.51, 0.21], [859.52, 2.59], [859.53, 12.96], [859.54, 1.68], [859.55, 0.25], [859.56, 5.04], [859.57, 11.78], [859.58, 3.54], [859.59, 16.88], [859.6, 20.91], [859.61, 15.77], [859.62, 0.59], [859.63, 5.55], [859.64, 18.84]], "timestamp": "2025-12-16T09:28:27.985470+00:00"}, {"symbol": "BNBUSDT", "bids": [[859.64, 15.8], [859.63, 0.11], [859.62, 0.14], [859.61, 5.39], [859.6, 5.06], [859.59, 10.3], [859.58, 9.67], [859.57, 2.72], [859.56, 12.71], [859.55, 5.92], [859.54, 0.79], [859.53, 0.41], [859.52, 0.01], [859.51, 0.05], [859.5, 5.09], [859.49, 0.23], [859.48, 3.77], [859.47, 13.92], [859.46, 2.63], [859.45, 5.83]], "asks": [[859.65, 10.5], [859.68, 30.34], [859.69, 2.8], [859.7, 8.17], [859.71, 0.37], [859.72, 30.04], [859.73, 7.84], [859.74, 3.06], [859.75, 25.86], [859.76, 2.97], [859.77, 7.09], [859.78, 8.51], [859.79, 23.76], [859.8, 13.42], [859.81, 19.88], [859.82, 13.49], [859.83, 20.52], [859.84, 30.94], [859.85, 15.63], [859.86, 0.47]], "timestamp": "2025-12-16T09:29:22.098924+00:00"}, {"symbol": "BNBUSDT", "bids": [[859.46, 34.14], [859.45, 5.92], [859.44, 0.01], [859.43, 11.53], [859.42, 28.55], [859.41, 0.04], [859.4, 12.44], [859.39, 10.25], [859.38, 8.46], [859.37, 8.4], [859.36, 0.05], [859.35, 7.62], [859.34, 6.89], [859.33, 8.28], [859.32, 6.29], [859.31, 0.9], [859.3, 1.45], [859.29, 2.59], [859.28, 4.71], [859.27, 0.29]], "asks": [[859.47, 2.41], [859.48, 0.03], [859.52, 0.03], [859.53, 1.06], [859.54, 11.09], [859.55, 2.12], [859.56, 11.57], [859.57, 25.58], [859.58, 0.8], [859.59, 1.03], [859.6, 12.28], [859.61, 11.0], [859.62, 2.87], [859.63, 2.97], [859.64, 31.66], [859.65, 20.67], [859.66, 17.65], [859.67, 21.68], [859.68, 18.42], [859.69, 14.87]], "timestamp": "2025-12-16T09:30:16.116887+00:00"}, {"symbol": "BNBUSDT", "bids": [[859.95, 84.88], [859.94, 34.61], [859.93, 9.23], [859.92, 18.62], [859.91, 8.28], [859.9, 0.01], [859.89, 0.67], [859.88, 27.61], [859.87, 12.82], [859.86, 6.18], [859.85, 19.48], [859.84, 0.59], [859.83, 0.73], [859.82, 2.33], [859.81, 0.88], [859.8, 11.78], [859.79, 3.06], [859.78, 7.86], [859.77, 6.26], [859.76, 19.89]], "asks": [[859.96, 3.67], [859.97, 0.04], [859.98, 0.1], [859.99, 0.09], [860.0, 7.73], [860.01, 0.02], [860.02, 1.86], [860.03, 6.96], [860.04, 0.82], [860.05, 0.05], [860.06, 0.11], [860.07, 2.26], [860.08, 0.04], [860.1, 7.48], [860.11, 4.62], [860.12, 14.11], [860.13, 1.12], [860.14, 5.61], [860.15, 3.94], [860.16, 17.79]], "timestamp": "2025-12-16T09:31:09.654416+00:00"}, {"symbol": "BNBUSDT", "bids": [[859.98, 35.37], [859.97, 10.46], [859.96, 7.81], [859.95, 8.97], [859.94, 2.25], [859.92, 9.9], [859.91, 12.53], [859.9, 0.77], [859.89, 1.37], [859.88, 14.62], [859.87, 0.97], [859.86, 23.75], [859.85, 23.9], [859.84, 9.42], [859.83, 7.14], [859.82, 8.06], [859.81, 33.26], [859.8, 28.61], [859.79, 8.1], [859.78, 1.18]], "asks": [[859.99, 2.4], [860.0, 0.05], [860.01, 0.77], [860.03, 4.76], [860.04, 0.03], [860.05, 0.03], [860.07, 1.29], [860.08, 0.45], [860.09, 0.13], [860.1, 2.45], [860.11, 3.57], [860.12, 7.8], [860.13, 0.88], [860.14, 4.12], [860.15, 2.35], [860.16, 4.24], [860.17, 0.29], [860.18, 8.36], [860.19, 4.55], [860.2, 17.44]], "timestamp": "2025-12-16T09:32:04.303773+00:00"}, {"symbol": "BNBUSDT", "bids": [[861.15, 61.8], [861.14, 19.94], [861.13, 7.94], [861.12, 17.39], [861.11, 14.91], [861.1, 9.2], [861.09, 15.04], [861.08, 21.28], [861.07, 12.71], [861.06, 28.4], [861.05, 9.25], [861.04, 4.64], [861.03, 10.9], [861.02, 0.04], [861.01, 0.02], [861.0, 0.12], [860.99, 0.05], [860.98, 13.75], [860.97, 0.02], [860.96, 13.55]], "asks": [[861.16, 1.38], [861.18, 0.02], [861.19, 0.08], [861.2, 1.14], [861.21, 0.06], [861.22, 1.57], [861.23, 0.02], [861.24, 0.79], [861.25, 0.53], [861.26, 11.31], [861.27, 3.17], [861.28, 5.6], [861.29, 1.73], [861.3, 1.18], [861.31, 8.57], [861.32, 6.26], [861.33, 3.96], [861.34, 2.76], [861.35, 5.83], [861.36, 17.55]], "timestamp": "2025-12-16T09:32:58.396084+00:00"}, {"symbol": "BNBUSDT", "bids": [[861.03, 50.72], [861.02, 17.42], [861.01, 0.3], [861.0, 8.12], [860.99, 13.53], [860.98, 0.17], [860.97, 15.3], [860.96, 14.4], [860.95, 1.26], [860.94, 13.67], [860.92, 4.96], [860.91, 4.46], [860.9, 0.59], [860.89, 4.54], [860.88, 13.04], [860.87, 8.55], [860.86, 11.77], [860.85, 10.77], [860.84, 12.73], [860.83, 8.02]], "asks": [[861.04, 5.6], [861.06, 0.54], [861.08, 1.11], [861.09, 2.06], [861.12, 4.2], [861.13, 7.32], [861.14, 6.4], [861.15, 5.92], [861.16, 19.88], [861.17, 5.31], [861.18, 0.9], [861.19, 8.46], [861.2, 5.35], [861.21, 11.65], [861.22, 0.18], [861.23, 2.31], [861.24, 8.78], [861.25, 35.48], [861.26, 9.15], [861.27, 12.71]], "timestamp": "2025-12-16T09:33:52.135664+00:00"}, {"symbol": "BNBUSDT", "bids": [[860.2, 14.03], [860.19, 0.05], [860.18, 0.02], [860.17, 0.01], [860.16, 2.03], [860.15, 3.33], [860.14, 7.03], [860.13, 1.46], [860.12, 0.54], [860.11, 1.13], [860.1, 1.99], [860.09, 11.44], [860.08, 4.77], [860.07, 2.79], [860.06, 9.31], [860.05, 0.01], [860.04, 7.44], [860.03, 19.94], [860.02, 7.41], [860.01, 8.38]], "asks": [[860.21, 11.27], [860.22, 0.02], [860.23, 6.64], [860.24, 6.67], [860.25, 15.52], [860.26, 7.09], [860.27, 0.01], [860.28, 6.72], [860.29, 0.23], [860.31, 25.17], [860.32, 0.26], [860.33, 0.33], [860.34, 7.57], [860.35, 36.52], [860.36, 4.0], [860.37, 11.27], [860.38, 13.17], [860.39, 2.14], [860.4, 7.64], [860.41, 19.42]], "timestamp": "2025-12-16T09:34:45.796995+00:00"}, {"symbol": "BNBUSDT", "bids": [[859.56, 9.59], [859.54, 0.3], [859.53, 2.59], [859.52, 0.03], [859.51, 2.68], [859.5, 2.91], [859.49, 4.54], [859.48, 6.69], [859.47, 6.11], [859.46, 14.16], [859.45, 8.02], [859.44, 5.49], [859.43, 3.37], [859.42, 23.02], [859.41, 5.29], [859.4, 11.9], [859.39, 24.42], [859.38, 12.28], [859.37, 12.91], [859.36, 7.89]], "asks": [[859.57, 17.52], [859.58, 0.01], [859.59, 3.51], [859.6, 0.02], [859.61, 2.5], [859.62, 2.36], [859.63, 0.55], [859.64, 27.07], [859.65, 0.29], [859.66, 3.38], [859.67, 20.06], [859.68, 4.75], [859.69, 0.33], [859.7, 8.24], [859.71, 35.97], [859.72, 0.01], [859.73, 8.01], [859.74, 27.83], [859.75, 1.74], [859.76, 6.6]], "timestamp": "2025-12-16T09:35:40.268076+00:00"}, {"symbol": "BNBUSDT", "bids": [[859.94, 14.06], [859.92, 0.02], [859.91, 0.02], [859.9, 1.42], [859.89, 1.02], [859.88, 2.4], [859.86, 5.35], [859.85, 35.61], [859.84, 3.18], [859.83, 7.9], [859.82, 6.96], [859.81, 0.76], [859.8, 15.51], [859.79, 2.64], [859.78, 2.95], [859.77, 8.82], [859.76, 12.26], [859.75, 3.62], [859.74, 12.0], [859.73, 19.75]], "asks": [[859.95, 16.63], [859.96, 0.02], [859.98, 11.84], [859.99, 8.72], [860.0, 0.02], [860.01, 0.64], [860.02, 12.84], [860.03, 5.25], [860.04, 13.03], [860.05, 16.09], [860.06, 17.22], [860.07, 0.75], [860.08, 5.08], [860.09, 15.23], [860.1, 3.64], [860.11, 4.77], [860.12, 19.45], [860.13, 0.72], [860.14, 3.81], [860.15, 3.17]], "timestamp": "2025-12-16T09:36:34.565097+00:00"}, {"symbol": "BNBUSDT", "bids": [[859.8, 14.81], [859.79, 0.58], [859.78, 0.02], [859.77, 0.01], [859.76, 0.12], [859.75, 0.08], [859.74, 0.05], [859.73, 0.35], [859.72, 5.78], [859.71, 2.83], [859.7, 12.34], [859.69, 7.16], [859.68, 10.26], [859.67, 2.62], [859.66, 13.15], [859.65, 33.22], [859.64, 3.21], [859.63, 1.46], [859.62, 11.61], [859.61, 0.01]], "asks": [[859.81, 31.04], [859.82, 0.01], [859.84, 28.69], [859.85, 30.8], [859.86, 0.23], [859.87, 20.86], [859.88, 18.48], [859.89, 20.66], [859.9, 30.04], [859.91, 16.47], [859.92, 0.4], [859.93, 23.43], [859.94, 135.22], [859.95, 1.04], [859.96, 0.03], [859.97, 3.49], [859.98, 0.73], [859.99, 2.15], [860.0, 0.04], [860.01, 2.09]], "timestamp": "2025-12-16T09:37:27.891907+00:00"}, {"symbol": "BNBUSDT", "bids": [[859.96, 5.24], [859.95, 2.95], [859.94, 0.03], [859.92, 0.04], [859.89, 0.96], [859.88, 4.45], [859.87, 3.23], [859.86, 2.83], [859.85, 8.5], [859.84, 5.22], [859.83, 11.97], [859.82, 2.22], [859.81, 9.09], [859.8, 19.2], [859.79, 14.05], [859.78, 12.34], [859.77, 5.14], [859.76, 21.38], [859.75, 6.99], [859.74, 13.47]], "asks": [[859.97, 26.57], [859.98, 0.01], [859.99, 0.57], [860.0, 25.57], [860.01, 0.03], [860.02, 2.22], [860.03, 8.44], [860.04, 53.68], [860.05, 6.15], [860.06, 5.81], [860.07, 22.63], [860.08, 5.8], [860.09, 8.46], [860.1, 1.47], [860.11, 13.54], [860.12, 2.61], [860.13, 2.6], [860.14, 2.27], [860.15, 4.71], [860.16, 2.9]], "timestamp": "2025-12-16T09:38:21.180872+00:00"}, {"symbol": "BNBUSDT", "bids": [[860.77, 57.78], [860.76, 9.67], [860.75, 4.89], [860.74, 0.17], [860.73, 9.9], [860.72, 21.2], [860.71, 0.03], [860.7, 5.11], [860.68, 2.34], [860.67, 0.42], [860.66, 4.11], [860.65, 0.52], [860.64, 11.71], [860.63, 8.58], [860.62, 0.59], [860.61, 33.22], [860.6, 0.82], [860.59, 4.2], [860.58, 0.02], [860.57, 7.26]], "asks": [[860.78, 17.73], [860.79, 5.89], [860.8, 0.02], [860.81, 8.04], [860.82, 4.69], [860.83, 3.49], [860.84, 0.01], [860.85, 0.91], [860.86, 0.25], [860.87, 0.68], [860.88, 5.43], [860.89, 7.58], [860.9, 6.24], [860.91, 0.81], [860.92, 10.36], [860.93, 2.15], [860.94, 1.36], [860.95, 21.79], [860.96, 15.05], [860.97, 2.67]], "timestamp": "2025-12-16T09:39:14.390822+00:00"}, {"symbol": "BNBUSDT", "bids": [[860.61, 33.65], [860.6, 0.01], [860.59, 5.24], [860.58, 26.27], [860.57, 5.96], [860.56, 20.63], [860.55, 5.97], [860.54, 5.2], [860.53, 8.14], [860.52, 0.77], [860.51, 3.89], [860.5, 13.09], [860.49, 7.31], [860.48, 4.8], [860.47, 21.19], [860.46, 0.02], [860.44, 20.32], [860.43, 35.65], [860.42, 4.27], [860.41, 28.7]], "asks": [[860.62, 11.27], [860.63, 0.03], [860.64, 0.03], [860.65, 0.18], [860.66, 0.41], [860.67, 0.05], [860.68, 0.01], [860.69, 0.02], [860.7, 0.02], [860.72, 11.53], [860.73, 3.1], [860.74, 2.52], [860.75, 0.44], [860.76, 14.95], [860.77, 26.52], [860.78, 2.18], [860.79, 0.19], [860.8, 6.19], [860.81, 7.12], [860.82, 0.04]], "timestamp": "2025-12-16T09:40:08.065944+00:00"}, {"symbol": "BNBUSDT", "bids": [[860.33, 20.18], [860.32, 0.02], [860.31, 0.02], [860.3, 0.02], [860.28, 7.38], [860.27, 0.02], [860.26, 37.54], [860.25, 0.78], [860.24, 9.41], [860.23, 3.95], [860.22, 7.16], [860.21, 2.39], [860.2, 5.13], [860.19, 5.03], [860.18, 7.72], [860.17, 9.25], [860.16, 15.09], [860.15, 30.9], [860.14, 8.15], [860.13, 1.1]], "asks": [[860.34, 28.12], [860.35, 0.03], [860.36, 13.77], [860.37, 15.48], [860.4, 6.93], [860.41, 42.26], [860.42, 4.98], [860.43, 17.48], [860.44, 18.59], [860.45, 8.38], [860.46, 13.34], [860.47, 22.73], [860.48, 18.33], [860.49, 6.48], [860.5, 4.61], [860.51, 18.46], [860.52, 11.3], [860.53, 5.1], [860.54, 8.5], [860.55, 10.93]], "timestamp": "2025-12-16T09:41:01.507841+00:00"}, {"symbol": "BNBUSDT", "bids": [[860.9, 5.6], [860.89, 0.02], [860.88, 0.1], [860.87, 0.17], [860.86, 2.4], [860.85, 0.04], [860.84, 3.3], [860.83, 0.03], [860.82, 1.2], [860.81, 2.25], [860.8, 5.62], [860.79, 8.01], [860.78, 13.12], [860.77, 2.5], [860.76, 7.89], [860.75, 3.29], [860.74, 1.21], [860.73, 12.5], [860.72, 44.65], [860.71, 0.02]], "asks": [[860.91, 32.95], [860.92, 14.91], [860.93, 19.19], [860.94, 0.69], [860.95, 23.31], [860.96, 22.1], [860.97, 5.24], [860.98, 5.23], [860.99, 0.11], [861.0, 20.95], [861.01, 7.24], [861.02, 15.5], [861.03, 11.13], [861.04, 2.69], [861.05, 8.94], [861.06, 12.5], [861.07, 9.49], [861.08, 13.07], [861.09, 12.57], [861.1, 6.1]], "timestamp": "2025-12-16T09:41:53.731313+00:00"}, {"symbol": "BNBUSDT", "bids": [[860.79, 75.72], [860.78, 28.48], [860.77, 50.09], [860.76, 34.35], [860.75, 11.39], [860.74, 30.62], [860.73, 23.67], [860.72, 7.94], [860.71, 5.1], [860.7, 0.77], [860.68, 0.26], [860.67, 19.47], [860.66, 1.02], [860.65, 44.12], [860.64, 3.01], [860.63, 0.01], [860.62, 3.44], [860.61, 11.64], [860.6, 4.46], [860.59, 15.21]], "asks": [[860.8, 0.03], [860.81, 0.02], [860.82, 0.01], [860.83, 0.02], [860.84, 0.34], [860.85, 0.03], [860.86, 0.84], [860.88, 0.25], [860.89, 0.01], [860.9, 0.69], [860.91, 2.89], [860.92, 1.2], [860.93, 5.94], [860.94, 10.58], [860.95, 0.03], [860.96, 10.3], [860.97, 8.65], [860.98, 6.83], [860.99, 3.94], [861.0, 6.54]], "timestamp": "2025-12-16T09:42:46.175707+00:00"}, {"symbol": "BNBUSDT", "bids": [[861.11, 8.89], [861.1, 0.21], [861.06, 3.96], [861.05, 0.01], [861.04, 1.49], [861.03, 7.36], [861.02, 0.02], [861.01, 6.44], [861.0, 4.56], [860.99, 1.47], [860.98, 2.66], [860.97, 12.16], [860.96, 3.68], [860.95, 14.8], [860.94, 26.67], [860.93, 9.01], [860.92, 3.9], [860.91, 6.9], [860.9, 27.51], [860.89, 10.04]], "asks": [[861.12, 50.06], [861.13, 26.28], [861.14, 25.66], [861.15, 11.27], [861.16, 11.31], [861.17, 7.48], [861.18, 0.03], [861.19, 5.71], [861.2, 21.33], [861.21, 13.64], [861.22, 13.09], [861.23, 4.55], [861.24, 21.96], [861.25, 3.85], [861.26, 5.07], [861.27, 10.63], [861.28, 12.2], [861.29, 10.51], [861.3, 23.3], [861.31, 4.94]], "timestamp": "2025-12-16T09:43:39.195912+00:00"}, {"symbol": "BNBUSDT", "bids": [[861.31, 0.33], [861.28, 0.03], [861.27, 0.01], [861.26, 2.32], [861.25, 0.02], [861.24, 4.86], [861.23, 5.92], [861.22, 0.44], [861.21, 5.02], [861.2, 0.04], [861.19, 1.36], [861.18, 2.43], [861.17, 0.61], [861.16, 6.21], [861.15, 12.09], [861.14, 2.26], [861.13, 8.29], [861.12, 6.11], [861.11, 7.97], [861.1, 9.16]], "asks": [[861.32, 77.79], [861.33, 40.57], [861.34, 20.42], [861.35, 15.76], [861.36, 0.28], [861.37, 7.34], [861.38, 13.09], [861.39, 5.65], [861.4, 5.12], [861.41, 5.25], [861.42, 5.75], [861.43, 4.18], [861.44, 3.8], [861.45, 22.64], [861.46, 4.69], [861.47, 1.18], [861.48, 3.75], [861.49, 3.99], [861.5, 8.64], [861.51, 13.63]], "timestamp": "2025-12-16T09:44:32.173443+00:00"}, {"symbol": "BNBUSDT", "bids": [[861.59, 17.13], [861.58, 0.04], [861.54, 1.72], [861.53, 11.15], [861.52, 3.05], [861.51, 10.82], [861.5, 7.26], [861.49, 0.83], [861.48, 4.48], [861.47, 5.56], [861.46, 4.99], [861.45, 12.48], [861.44, 2.44], [861.43, 8.61], [861.42, 28.85], [861.41, 6.08], [861.4, 17.63], [861.39, 0.93], [861.38, 35.36], [861.37, 6.3]], "asks": [[861.6, 23.05], [861.61, 0.01], [861.62, 0.01], [861.63, 0.01], [861.64, 1.56], [861.65, 2.48], [861.66, 0.28], [861.67, 9.22], [861.68, 1.82], [861.69, 8.34], [861.7, 27.16], [861.71, 0.49], [861.72, 10.12], [861.73, 12.8], [861.74, 30.17], [861.75, 1.6], [861.76, 12.34], [861.77, 28.46], [861.78, 2.27], [861.79, 8.51]], "timestamp": "2025-12-16T09:45:24.950804+00:00"}, {"symbol": "BNBUSDT", "bids": [[861.29, 46.46], [861.28, 25.75], [861.27, 15.14], [861.26, 5.66], [861.25, 5.66], [861.24, 4.21], [861.23, 7.77], [861.22, 1.0], [861.21, 12.6], [861.2, 13.46], [861.19, 2.33], [861.18, 6.09], [861.17, 0.57], [861.16, 0.79], [861.15, 7.11], [861.14, 2.55], [861.13, 24.45], [861.12, 14.22], [861.11, 8.07], [861.1, 19.39]], "asks": [[861.3, 5.97], [861.31, 1.85], [861.32, 0.01], [861.33, 0.27], [861.34, 4.71], [861.35, 0.01], [861.36, 1.79], [861.37, 0.26], [861.38, 9.32], [861.39, 40.37], [861.4, 3.54], [861.41, 0.46], [861.42, 0.45], [861.43, 2.86], [861.44, 4.43], [861.45, 2.48], [861.46, 0.01], [861.47, 8.56], [861.48, 7.88], [861.49, 15.67]], "timestamp": "2025-12-16T09:46:17.985895+00:00"}, {"symbol": "BNBUSDT", "bids": [[861.99, 14.92], [861.98, 1.55], [861.97, 10.01], [861.96, 0.01], [861.94, 2.17], [861.93, 6.05], [861.92, 15.18], [861.91, 18.18], [861.9, 7.93], [861.89, 15.77], [861.88, 8.31], [861.87, 2.76], [861.86, 10.43], [861.85, 2.38], [861.84, 4.2], [861.83, 1.02], [861.82, 7.24], [861.81, 2.21], [861.8, 23.18], [861.79, 9.48]], "asks": [[862.0, 23.5], [862.01, 0.14], [862.02, 0.13], [862.03, 0.19], [862.04, 0.09], [862.05, 0.04], [862.06, 0.36], [862.07, 4.5], [862.08, 5.36], [862.09, 21.9], [862.1, 24.35], [862.11, 0.93], [862.12, 4.45], [862.13, 17.8], [862.14, 8.59], [862.15, 1.68], [862.16, 8.61], [862.17, 21.13], [862.18, 8.99], [862.19, 1.58]], "timestamp": "2025-12-16T09:47:10.532044+00:00"}, {"symbol": "BNBUSDT", "bids": [[861.45, 0.02], [861.44, 0.01], [861.41, 0.02], [861.4, 3.73], [861.39, 24.49], [861.38, 0.16], [861.37, 0.06], [861.36, 0.1], [861.34, 0.03], [861.33, 2.13], [861.32, 0.04], [861.31, 1.54], [861.3, 1.36], [861.29, 4.97], [861.28, 10.91], [861.27, 61.56], [861.26, 0.14], [861.25, 2.63], [861.24, 0.06], [861.23, 11.16]], "asks": [[861.46, 71.88], [861.47, 38.31], [861.48, 22.78], [861.49, 24.21], [861.5, 22.66], [861.51, 16.38], [861.52, 0.02], [861.53, 16.71], [861.54, 20.69], [861.55, 49.15], [861.56, 203.6], [861.57, 0.57], [861.58, 0.03], [861.59, 2.77], [861.6, 13.11], [861.61, 2.23], [861.62, 7.38], [861.63, 13.05], [861.64, 6.6], [861.65, 1.68]], "timestamp": "2025-12-16T09:48:02.780397+00:00"}, {"symbol": "BNBUSDT", "bids": [[862.23, 5.59], [862.21, 0.01], [862.2, 3.65], [862.19, 0.6], [862.18, 7.02], [862.17, 2.21], [862.16, 15.63], [862.15, 4.53], [862.14, 6.39], [862.13, 15.4], [862.12, 8.81], [862.11, 3.41], [862.1, 4.94], [862.09, 19.91], [862.08, 16.09], [862.07, 58.36], [862.06, 2.63], [862.05, 11.94], [862.04, 19.16], [862.03, 13.12]], "asks": [[862.24, 28.09], [862.25, 5.91], [862.26, 17.44], [862.27, 4.28], [862.28, 0.01], [862.29, 9.76], [862.3, 11.77], [862.31, 16.07], [862.32, 0.02], [862.33, 296.98], [862.34, 2.24], [862.35, 0.07], [862.36, 2.17], [862.37, 1.0], [862.38, 2.9], [862.39, 0.66], [862.4, 2.09], [862.41, 2.24], [862.42, 3.29], [862.43, 7.65]], "timestamp": "2025-12-16T09:48:56.043617+00:00"}, {"symbol": "BNBUSDT", "bids": [[861.26, 5.62], [861.25, 0.02], [861.24, 0.02], [861.22, 2.41], [861.21, 2.19], [861.2, 4.26], [861.19, 2.93], [861.18, 2.17], [861.17, 2.83], [861.16, 18.33], [861.15, 15.73], [861.14, 7.19], [861.13, 4.87], [861.12, 15.63], [861.11, 2.19], [861.1, 2.75], [861.09, 6.99], [861.08, 15.47], [861.07, 29.63], [861.06, 3.58]], "asks": [[861.27, 31.52], [861.28, 0.02], [861.29, 0.02], [861.3, 12.05], [861.32, 7.76], [861.33, 2.48], [861.34, 24.67], [861.35, 74.13], [861.36, 0.03], [861.37, 2.33], [861.38, 0.01], [861.39, 0.01], [861.4, 2.22], [861.41, 3.31], [861.42, 0.3], [861.43, 7.97], [861.44, 18.66], [861.45, 6.48], [861.46, 1.05], [861.47, 19.06]], "timestamp": "2025-12-16T09:49:48.684835+00:00"}, {"symbol": "BNBUSDT", "bids": [[860.53, 3.26], [860.52, 0.01], [860.51, 6.92], [860.5, 4.19], [860.49, 3.2], [860.48, 2.57], [860.46, 0.12], [860.45, 0.57], [860.44, 8.01], [860.43, 3.34], [860.42, 19.35], [860.41, 4.65], [860.4, 15.83], [860.39, 0.03], [860.38, 2.65], [860.37, 60.18], [860.36, 12.67], [860.35, 1.78], [860.34, 1.25], [860.33, 3.59]], "asks": [[860.54, 42.71], [860.55, 11.62], [860.56, 9.74], [860.57, 27.86], [860.58, 1.05], [860.6, 9.1], [860.61, 22.15], [860.62, 5.9], [860.63, 7.75], [860.64, 15.5], [860.65, 4.72], [860.66, 11.62], [860.67, 0.56], [860.68, 16.06], [860.7, 5.16], [860.71, 19.66], [860.72, 24.21], [860.73, 32.42], [860.74, 7.98], [860.75, 1.47]], "timestamp": "2025-12-16T09:50:40.865615+00:00"}, {"symbol": "BNBUSDT", "bids": [[860.78, 4.64], [860.77, 0.58], [860.76, 3.99], [860.75, 0.02], [860.74, 0.06], [860.73, 0.01], [860.72, 0.01], [860.71, 3.58], [860.7, 0.01], [860.69, 1.48], [860.68, 9.98], [860.67, 4.97], [860.66, 6.59], [860.65, 4.97], [860.64, 43.63], [860.63, 74.27], [860.62, 20.37], [860.61, 8.8], [860.6, 23.25], [860.59, 10.92]], "asks": [[860.79, 33.77], [860.8, 5.93], [860.81, 5.9], [860.82, 11.34], [860.83, 6.15], [860.84, 14.74], [860.85, 0.01], [860.86, 5.66], [860.88, 14.12], [860.89, 10.27], [860.9, 0.45], [860.91, 12.3], [860.92, 0.05], [860.93, 13.37], [860.94, 7.52], [860.95, 7.18], [860.96, 16.47], [860.97, 9.3], [860.98, 11.51], [860.99, 23.85]], "timestamp": "2025-12-16T09:51:34.309938+00:00"}, {"symbol": "BNBUSDT", "bids": [[860.34, 20.59], [860.33, 0.61], [860.32, 2.95], [860.31, 15.02], [860.29, 3.79], [860.28, 6.16], [860.27, 21.53], [860.26, 0.04], [860.25, 7.83], [860.24, 19.56], [860.23, 13.4], [860.22, 0.96], [860.21, 2.27], [860.2, 28.45], [860.19, 7.7], [860.18, 9.44], [860.17, 32.9], [860.16, 19.14], [860.15, 62.11], [860.14, 0.05]], "asks": [[860.35, 13.9], [860.36, 0.05], [860.39, 7.1], [860.4, 1.78], [860.41, 0.01], [860.42, 12.1], [860.43, 17.51], [860.44, 12.83], [860.45, 8.11], [860.46, 0.59], [860.47, 7.39], [860.48, 7.23], [860.49, 3.34], [860.5, 3.37], [860.51, 0.64], [860.52, 17.59], [860.53, 22.63], [860.54, 1.92], [860.55, 22.97], [860.56, 0.3]], "timestamp": "2025-12-16T09:52:26.451128+00:00"}, {"symbol": "BNBUSDT", "bids": [[859.99, 30.74], [859.98, 0.01], [859.97, 5.45], [859.96, 11.43], [859.95, 0.15], [859.94, 2.26], [859.93, 2.15], [859.92, 30.71], [859.91, 0.03], [859.9, 9.7], [859.89, 27.04], [859.88, 15.22], [859.87, 4.36], [859.86, 3.43], [859.85, 20.81], [859.84, 15.3], [859.83, 59.54], [859.82, 0.16], [859.81, 9.34], [859.8, 25.42]], "asks": [[860.0, 84.77], [860.01, 0.06], [860.03, 0.01], [860.04, 0.62], [860.05, 0.02], [860.07, 0.02], [860.08, 4.81], [860.09, 0.56], [860.1, 5.28], [860.11, 2.61], [860.12, 0.33], [860.13, 0.57], [860.14, 22.11], [860.15, 8.61], [860.16, 13.76], [860.17, 2.08], [860.18, 1.43], [860.19, 8.67], [860.2, 42.75], [860.21, 1.8]], "timestamp": "2025-12-16T09:53:18.307135+00:00"}, {"symbol": "BNBUSDT", "bids": [[860.26, 21.14], [860.25, 0.02], [860.24, 2.82], [860.23, 12.75], [860.22, 0.02], [860.21, 8.26], [860.2, 10.83], [860.19, 23.93], [860.18, 9.67], [860.17, 10.32], [860.16, 8.18], [860.15, 6.08], [860.14, 21.83], [860.13, 0.26], [860.12, 13.79], [860.11, 3.1], [860.1, 14.66], [860.09, 13.22], [860.08, 10.29], [860.07, 32.59]], "asks": [[860.27, 17.71], [860.28, 0.02], [860.29, 1.21], [860.3, 0.01], [860.31, 4.28], [860.32, 0.95], [860.33, 1.5], [860.34, 2.29], [860.35, 0.05], [860.36, 0.1], [860.37, 11.18], [860.38, 3.4], [860.39, 5.91], [860.4, 8.13], [860.41, 8.26], [860.42, 7.99], [860.43, 1.17], [860.44, 24.42], [860.45, 11.55], [860.46, 6.76]], "timestamp": "2025-12-16T09:54:11.439147+00:00"}, {"symbol": "BNBUSDT", "bids": [[859.91, 23.34], [859.9, 9.32], [859.89, 16.14], [859.88, 10.14], [859.87, 5.88], [859.86, 8.62], [859.85, 13.26], [859.84, 0.15], [859.83, 2.94], [859.82, 2.95], [859.81, 0.27], [859.8, 13.32], [859.79, 6.11], [859.78, 11.83], [859.77, 0.32], [859.76, 4.1], [859.75, 13.74], [859.74, 10.15], [859.73, 3.19], [859.72, 70.96]], "asks": [[859.92, 17.8], [859.93, 0.1], [859.94, 0.03], [859.96, 0.05], [859.97, 4.94], [859.98, 5.92], [859.99, 0.94], [860.0, 2.45], [860.01, 0.33], [860.02, 2.06], [860.03, 4.91], [860.04, 13.83], [860.05, 14.73], [860.06, 7.84], [860.07, 0.05], [860.08, 13.78], [860.09, 28.49], [860.1, 16.96], [860.11, 10.09], [860.12, 19.72]], "timestamp": "2025-12-16T09:55:04.427622+00:00"}, {"symbol": "BNBUSDT", "bids": [[860.1, 1.42], [860.09, 0.02], [860.08, 0.09], [860.07, 5.24], [860.05, 0.02], [860.04, 3.29], [860.03, 1.18], [860.02, 0.04], [860.01, 11.49], [860.0, 9.59], [859.99, 3.27], [859.98, 4.92], [859.97, 2.75], [859.96, 8.39], [859.95, 1.99], [859.94, 3.25], [859.93, 21.01], [859.92, 11.92], [859.91, 30.23], [859.9, 1.15]], "asks": [[860.11, 23.37], [860.12, 0.02], [860.13, 4.65], [860.14, 23.12], [860.15, 4.07], [860.16, 0.01], [860.17, 14.71], [860.18, 31.81], [860.19, 12.67], [860.2, 10.67], [860.21, 7.76], [860.22, 8.38], [860.23, 1.13], [860.24, 4.43], [860.25, 17.07], [860.26, 10.69], [860.27, 13.45], [860.28, 11.67], [860.3, 3.18], [860.31, 7.96]], "timestamp": "2025-12-16T09:55:57.398457+00:00"}, {"symbol": "BNBUSDT", "bids": [[859.84, 30.48], [859.83, 2.97], [859.82, 5.1], [859.81, 11.74], [859.8, 3.4], [859.79, 2.15], [859.78, 1.74], [859.77, 17.75], [859.76, 0.65], [859.75, 21.09], [859.74, 19.26], [859.73, 8.12], [859.72, 59.86], [859.71, 2.34], [859.7, 11.84], [859.69, 0.06], [859.68, 3.9], [859.67, 5.47], [859.66, 0.32], [859.65, 8.44]], "asks": [[859.85, 66.44], [859.86, 0.03], [859.88, 0.01], [859.89, 10.19], [859.91, 0.05], [859.92, 0.02], [859.93, 0.01], [859.95, 0.19], [859.96, 3.25], [859.97, 8.22], [859.98, 0.26], [859.99, 0.33], [860.0, 6.82], [860.01, 2.5], [860.02, 13.78], [860.03, 2.52], [860.04, 0.38], [860.05, 8.89], [860.06, 22.03], [860.07, 21.9]], "timestamp": "2025-12-16T09:56:50.031285+00:00"}, {"symbol": "BNBUSDT", "bids": [[859.7, 1.34], [859.69, 0.05], [859.68, 0.06], [859.67, 0.6], [859.66, 1.0], [859.65, 0.06], [859.64, 0.71], [859.63, 0.05], [859.62, 0.26], [859.61, 2.77], [859.6, 6.67], [859.59, 4.32], [859.58, 10.51], [859.57, 3.52], [859.56, 7.14], [859.55, 2.53], [859.54, 62.04], [859.53, 0.09], [859.52, 6.28], [859.51, 0.59]], "asks": [[859.71, 74.16], [859.72, 26.88], [859.73, 26.13], [859.74, 0.01], [859.75, 0.12], [859.76, 6.14], [859.77, 10.4], [859.78, 10.67], [859.79, 5.49], [859.8, 16.27], [859.81, 8.42], [859.82, 3.92], [859.83, 8.58], [859.84, 9.56], [859.85, 6.16], [859.86, 11.64], [859.87, 3.45], [859.88, 28.43], [859.89, 5.33], [859.9, 6.69]], "timestamp": "2025-12-16T09:57:41.764069+00:00"}, {"symbol": "BNBUSDT", "bids": [[859.64, 7.42], [859.62, 0.91], [859.61, 0.01], [859.6, 2.57], [859.59, 0.02], [859.58, 0.01], [859.57, 1.07], [859.56, 1.52], [859.55, 0.62], [859.54, 3.44], [859.53, 0.07], [859.52, 5.04], [859.51, 2.41], [859.5, 7.21], [859.49, 6.37], [859.48, 5.23], [859.47, 15.26], [859.46, 5.27], [859.45, 2.07], [859.44, 17.56]], "asks": [[859.65, 110.37], [859.66, 16.31], [859.67, 17.23], [859.68, 25.33], [859.69, 28.56], [859.7, 0.01], [859.71, 10.48], [859.72, 32.41], [859.73, 13.55], [859.74, 0.55], [859.75, 3.44], [859.76, 2.8], [859.77, 7.97], [859.78, 9.81], [859.79, 13.39], [859.8, 4.81], [859.81, 0.13], [859.82, 14.57], [859.83, 4.48], [859.84, 17.27]], "timestamp": "2025-12-16T09:58:34.016986+00:00"}, {"symbol": "BNBUSDT", "bids": [[859.68, 42.13], [859.67, 0.02], [859.66, 5.71], [859.65, 27.87], [859.64, 11.08], [859.63, 1.25], [859.62, 0.5], [859.61, 48.8], [859.6, 6.11], [859.59, 2.82], [859.58, 16.42], [859.57, 2.04], [859.56, 22.79], [859.55, 4.74], [859.54, 14.53], [859.53, 8.41], [859.52, 27.72], [859.51, 1.35], [859.5, 14.86], [859.49, 5.35]], "asks": [[859.69, 2.22], [859.7, 0.02], [859.72, 1.2], [859.73, 0.18], [859.74, 0.2], [859.76, 0.27], [859.77, 0.61], [859.78, 0.02], [859.79, 7.12], [859.8, 0.04], [859.81, 5.77], [859.82, 2.19], [859.83, 2.26], [859.84, 4.68], [859.85, 13.58], [859.86, 2.5], [859.87, 6.27], [859.88, 2.69], [859.89, 8.54], [859.9, 16.14]], "timestamp": "2025-12-16T09:59:26.444752+00:00"}, {"symbol": "BNBUSDT", "bids": [[859.96, 36.21], [859.95, 2.19], [859.94, 4.29], [859.93, 24.25], [859.92, 0.52], [859.91, 0.49], [859.9, 6.05], [859.89, 29.04], [859.88, 3.21], [859.87, 7.97], [859.86, 24.14], [859.85, 9.5], [859.84, 7.36], [859.83, 16.2], [859.82, 12.33], [859.81, 2.03], [859.8, 21.97], [859.79, 9.41], [859.78, 12.96], [859.77, 8.39]], "asks": [[859.97, 0.8], [859.98, 0.02], [859.99, 0.07], [860.0, 0.02], [860.01, 3.04], [860.03, 0.01], [860.04, 0.05], [860.05, 8.11], [860.06, 6.01], [860.07, 5.83], [860.08, 0.04], [860.09, 0.42], [860.1, 0.01], [860.12, 2.16], [860.13, 3.33], [860.14, 10.97], [860.15, 2.2], [860.16, 8.28], [860.17, 15.24], [860.18, 11.79]], "timestamp": "2025-12-16T10:00:18.792248+00:00"}, {"symbol": "BNBUSDT", "bids": [[859.69, 28.49], [859.68, 8.91], [859.67, 0.02], [859.66, 0.02], [859.65, 0.02], [859.64, 2.68], [859.63, 1.98], [859.62, 12.1], [859.61, 1.3], [859.6, 4.22], [859.59, 34.36], [859.58, 2.69], [859.57, 2.79], [859.56, 7.23], [859.55, 23.57], [859.54, 3.28], [859.53, 2.57], [859.52, 19.03], [859.51, 7.2], [859.5, 14.78]], "asks": [[859.7, 9.49], [859.71, 2.94], [859.72, 0.02], [859.73, 0.01], [859.74, 5.89], [859.75, 7.34], [859.76, 0.3], [859.77, 0.04], [859.78, 7.38], [859.79, 13.32], [859.8, 13.76], [859.81, 0.55], [859.82, 0.05], [859.83, 0.31], [859.84, 0.04], [859.85, 2.11], [859.86, 0.01], [859.87, 0.37], [859.88, 7.56], [859.89, 3.54]], "timestamp": "2025-12-16T10:01:11.677411+00:00"}, {"symbol": "BNBUSDT", "bids": [[859.22, 28.06], [859.21, 6.42], [859.2, 0.06], [859.19, 0.02], [859.18, 1.25], [859.17, 3.09], [859.16, 3.28], [859.15, 5.37], [859.14, 0.28], [859.13, 1.06], [859.12, 25.22], [859.11, 0.5], [859.1, 5.62], [859.09, 10.99], [859.08, 28.26], [859.07, 4.68], [859.06, 9.05], [859.05, 21.52], [859.04, 49.36], [859.03, 62.2]], "asks": [[859.23, 26.5], [859.24, 5.96], [859.25, 5.9], [859.26, 7.34], [859.27, 4.13], [859.28, 5.9], [859.29, 6.14], [859.3, 7.95], [859.31, 14.92], [859.32, 9.9], [859.33, 0.65], [859.34, 5.27], [859.35, 1.76], [859.36, 14.14], [859.37, 4.63], [859.38, 6.51], [859.4, 13.74], [859.41, 16.53], [859.42, 2.5], [859.43, 15.25]], "timestamp": "2025-12-16T10:02:04.820400+00:00"}, {"symbol": "BNBUSDT", "bids": [[859.96, 21.22], [859.95, 7.96], [859.94, 9.67], [859.92, 0.06], [859.91, 2.14], [859.89, 0.02], [859.88, 3.46], [859.87, 2.23], [859.86, 13.06], [859.85, 1.58], [859.84, 12.49], [859.83, 4.6], [859.82, 32.14], [859.81, 3.95], [859.8, 38.15], [859.79, 9.72], [859.78, 22.31], [859.77, 0.04], [859.76, 11.63], [859.75, 9.91]], "asks": [[859.97, 20.29], [860.0, 0.7], [860.01, 0.03], [860.02, 4.15], [860.03, 2.63], [860.04, 0.03], [860.05, 12.52], [860.06, 2.19], [860.07, 2.86], [860.08, 7.07], [860.09, 4.21], [860.1, 0.49], [860.11, 12.85], [860.12, 7.59], [860.13, 10.39], [860.14, 0.15], [860.15, 0.64], [860.16, 10.33], [860.17, 12.57], [860.18, 1.29]], "timestamp": "2025-12-16T10:02:57.219881+00:00"}, {"symbol": "BNBUSDT", "bids": [[860.14, 26.53], [860.13, 7.18], [860.12, 7.14], [860.11, 26.63], [860.1, 2.13], [860.09, 8.8], [860.08, 8.44], [860.07, 14.16], [860.06, 5.28], [860.05, 1.13], [860.04, 23.31], [860.03, 9.23], [860.02, 11.96], [860.01, 7.79], [860.0, 11.62], [859.99, 9.46], [859.98, 2.15], [859.97, 0.02], [859.96, 0.02], [859.95, 0.06]], "asks": [[860.15, 4.27], [860.16, 0.19], [860.17, 0.01], [860.18, 0.32], [860.19, 1.81], [860.2, 0.27], [860.21, 3.64], [860.22, 0.28], [860.23, 3.14], [860.24, 0.57], [860.25, 3.11], [860.26, 2.57], [860.27, 2.4], [860.28, 16.83], [860.29, 10.13], [860.3, 2.17], [860.31, 11.64], [860.32, 14.49], [860.33, 2.27], [860.34, 10.68]], "timestamp": "2025-12-16T10:03:49.374584+00:00"}, {"symbol": "BNBUSDT", "bids": [[860.14, 11.15], [860.13, 1.58], [860.1, 0.09], [860.08, 0.6], [860.07, 0.01], [860.06, 1.48], [860.05, 2.16], [860.04, 16.35], [860.03, 5.51], [860.02, 2.84], [860.01, 5.76], [860.0, 11.44], [859.99, 2.52], [859.98, 6.42], [859.97, 13.1], [859.96, 0.03], [859.95, 5.08], [859.94, 7.95], [859.93, 20.84], [859.92, 11.72]], "asks": [[860.15, 30.71], [860.16, 0.02], [860.17, 5.41], [860.18, 29.66], [860.19, 1.04], [860.2, 4.68], [860.21, 11.81], [860.22, 31.43], [860.23, 24.91], [860.24, 12.33], [860.25, 6.41], [860.26, 1.36], [860.27, 1.09], [860.28, 7.8], [860.29, 12.98], [860.3, 13.66], [860.31, 7.13], [860.32, 18.62], [860.33, 6.25], [860.34, 18.77]], "timestamp": "2025-12-16T10:04:41.712879+00:00"}, {"symbol": "BNBUSDT", "bids": [[859.89, 25.39], [859.88, 1.67], [859.87, 0.02], [859.86, 3.19], [859.85, 0.1], [859.84, 0.02], [859.83, 9.48], [859.82, 0.26], [859.81, 10.87], [859.8, 31.38], [859.79, 7.9], [859.78, 7.91], [859.77, 13.91], [859.76, 19.37], [859.75, 11.8], [859.74, 2.12], [859.72, 2.43], [859.71, 11.07], [859.7, 0.05], [859.69, 0.6]], "asks": [[859.9, 27.91], [859.91, 0.17], [859.92, 0.02], [859.93, 0.02], [859.94, 2.39], [859.95, 0.12], [859.96, 5.55], [859.97, 18.77], [859.98, 3.51], [859.99, 2.43], [860.0, 14.4], [860.01, 0.91], [860.02, 2.34], [860.03, 11.89], [860.04, 11.16], [860.05, 6.86], [860.06, 10.31], [860.07, 27.44], [860.08, 6.41], [860.09, 1.41]], "timestamp": "2025-12-16T10:05:34.502532+00:00"}, {"symbol": "BNBUSDT", "bids": [[860.11, 19.17], [860.1, 0.01], [860.09, 3.61], [860.08, 6.05], [860.07, 9.9], [860.06, 1.81], [860.05, 8.05], [860.04, 10.03], [860.02, 11.26], [860.01, 7.92], [860.0, 10.15], [859.99, 0.35], [859.98, 2.79], [859.97, 7.13], [859.96, 5.06], [859.95, 3.68], [859.94, 4.5], [859.93, 0.56], [859.92, 14.83], [859.91, 5.03]], "asks": [[860.12, 21.11], [860.13, 0.04], [860.14, 0.02], [860.15, 0.02], [860.16, 0.04], [860.17, 2.14], [860.18, 2.4], [860.19, 15.38], [860.2, 0.67], [860.21, 12.19], [860.22, 35.52], [860.23, 2.63], [860.24, 6.03], [860.25, 7.87], [860.26, 13.48], [860.27, 7.87], [860.28, 10.3], [860.29, 0.02], [860.3, 0.4], [860.31, 20.1]], "timestamp": "2025-12-16T10:06:26.598997+00:00"}, {"symbol": "BNBUSDT", "bids": [[859.78, 90.86], [859.77, 28.11], [859.76, 13.25], [859.75, 7.68], [859.74, 0.19], [859.73, 1.67], [859.71, 4.93], [859.7, 8.9], [859.69, 16.09], [859.68, 9.85], [859.67, 1.36], [859.66, 3.27], [859.65, 1.2], [859.64, 3.4], [859.63, 0.88], [859.62, 4.37], [859.61, 19.55], [859.6, 0.95], [859.59, 3.7], [859.58, 11.18]], "asks": [[859.79, 3.57], [859.8, 0.17], [859.82, 0.2], [859.83, 0.03], [859.84, 0.01], [859.85, 1.03], [859.86, 0.01], [859.87, 0.04], [859.88, 4.2], [859.89, 6.3], [859.9, 3.82], [859.91, 0.03], [859.92, 16.7], [859.93, 11.36], [859.94, 12.9], [859.95, 9.14], [859.96, 29.63], [859.97, 14.72], [859.98, 6.42], [859.99, 9.64]], "timestamp": "2025-12-16T10:07:19.344004+00:00"}, {"symbol": "BNBUSDT", "bids": [[859.84, 0.03], [859.83, 0.55], [859.82, 0.02], [859.81, 0.07], [859.8, 7.14], [859.78, 0.97], [859.77, 0.3], [859.76, 2.18], [859.75, 1.2], [859.74, 0.25], [859.73, 1.67], [859.71, 5.13], [859.7, 6.76], [859.69, 2.35], [859.68, 8.1], [859.67, 0.01], [859.66, 1.57], [859.65, 4.69], [859.64, 5.94], [859.63, 0.1]], "asks": [[859.85, 77.73], [859.86, 17.61], [859.87, 17.76], [859.88, 6.61], [859.89, 22.48], [859.9, 19.85], [859.91, 22.84], [859.92, 34.81], [859.93, 20.28], [859.94, 17.74], [859.95, 0.05], [859.96, 0.89], [859.97, 5.34], [859.98, 18.26], [859.99, 2.91], [860.0, 26.97], [860.01, 71.3], [860.02, 19.91], [860.03, 11.11], [860.04, 21.19]], "timestamp": "2025-12-16T10:08:12.279923+00:00"}, {"symbol": "BNBUSDT", "bids": [[859.8, 28.22], [859.79, 1.28], [859.78, 0.6], [859.77, 0.13], [859.76, 7.67], [859.75, 3.61], [859.74, 2.52], [859.73, 1.52], [859.72, 3.21], [859.71, 2.2], [859.7, 16.21], [859.69, 0.21], [859.68, 8.01], [859.67, 2.66], [859.66, 20.57], [859.65, 2.75], [859.64, 7.34], [859.63, 10.3], [859.62, 11.05], [859.61, 8.97]], "asks": [[859.81, 8.41], [859.82, 3.66], [859.83, 0.02], [859.84, 0.28], [859.86, 0.01], [859.87, 0.04], [859.88, 3.82], [859.89, 3.1], [859.9, 5.79], [859.91, 21.48], [859.92, 5.03], [859.93, 8.47], [859.94, 16.92], [859.95, 26.67], [859.96, 5.26], [859.97, 14.28], [859.98, 25.83], [859.99, 30.1], [860.0, 29.01], [860.01, 30.89]], "timestamp": "2025-12-16T10:09:04.770241+00:00"}, {"symbol": "BNBUSDT", "bids": [[859.98, 89.88], [859.97, 30.81], [859.96, 29.68], [859.95, 19.98], [859.94, 14.85], [859.93, 24.08], [859.92, 0.34], [859.91, 0.1], [859.9, 0.22], [859.89, 3.49], [859.88, 3.32], [859.87, 2.39], [859.86, 6.73], [859.85, 0.01], [859.84, 1.49], [859.83, 0.29], [859.82, 0.56], [859.81, 2.57], [859.8, 8.62], [859.79, 16.97]], "asks": [[859.99, 0.87], [860.0, 0.02], [860.01, 0.01], [860.02, 0.26], [860.03, 0.03], [860.04, 0.58], [860.05, 0.81], [860.06, 2.05], [860.07, 0.04], [860.08, 7.35], [860.09, 0.13], [860.1, 0.01], [860.11, 2.63], [860.12, 22.15], [860.13, 3.09], [860.14, 2.29], [860.15, 6.91], [860.16, 12.75], [860.17, 0.84], [860.18, 24.96]], "timestamp": "2025-12-16T10:09:57.237827+00:00"}, {"symbol": "BNBUSDT", "bids": [[860.06, 21.1], [860.05, 6.13], [860.04, 17.77], [860.03, 5.44], [860.02, 5.91], [860.0, 11.33], [859.99, 11.73], [859.98, 20.9], [859.97, 14.48], [859.96, 9.33], [859.95, 1.75], [859.94, 1.03], [859.93, 0.02], [859.92, 3.78], [859.9, 0.02], [859.89, 0.83], [859.88, 3.5], [859.87, 4.09], [859.86, 3.2], [859.85, 9.7]], "asks": [[860.07, 8.32], [860.08, 0.01], [860.09, 3.35], [860.1, 8.83], [860.11, 10.38], [860.12, 3.75], [860.13, 3.64], [860.14, 23.4], [860.15, 1.81], [860.16, 11.77], [860.17, 22.6], [860.18, 36.23], [860.19, 0.55], [860.2, 15.56], [860.21, 3.1], [860.22, 12.23], [860.23, 0.05], [860.24, 9.79], [860.25, 5.43], [860.26, 20.6]], "timestamp": "2025-12-16T10:10:49.272320+00:00"}, {"symbol": "BNBUSDT", "bids": [[859.88, 29.22], [859.87, 5.26], [859.86, 8.25], [859.85, 21.25], [859.84, 0.05], [859.83, 11.24], [859.82, 3.68], [859.81, 23.93], [859.8, 2.81], [859.79, 6.74], [859.78, 21.05], [859.77, 0.34], [859.76, 9.98], [859.75, 4.13], [859.74, 24.33], [859.73, 9.09], [859.72, 4.96], [859.71, 1.02], [859.7, 6.17], [859.69, 8.22]], "asks": [[859.89, 5.28], [859.92, 0.01], [859.93, 11.54], [859.94, 10.27], [859.95, 6.17], [859.96, 28.64], [859.97, 11.17], [859.98, 21.25], [859.99, 5.81], [860.0, 8.03], [860.01, 11.25], [860.02, 0.29], [860.03, 10.89], [860.04, 7.81], [860.05, 2.67], [860.06, 0.6], [860.07, 2.39], [860.08, 3.06], [860.09, 7.53], [860.1, 0.49]], "timestamp": "2025-12-16T10:11:40.848490+00:00"}, {"symbol": "BNBUSDT", "bids": [[859.91, 14.09], [859.9, 0.27], [859.89, 0.94], [859.87, 0.3], [859.86, 4.34], [859.85, 1.36], [859.84, 2.96], [859.83, 0.01], [859.82, 0.8], [859.81, 0.94], [859.8, 9.72], [859.79, 0.02], [859.78, 6.98], [859.77, 21.81], [859.76, 5.32], [859.75, 9.92], [859.74, 12.98], [859.73, 0.35], [859.72, 19.13], [859.71, 47.36]], "asks": [[859.92, 23.62], [859.93, 0.01], [859.94, 5.43], [859.95, 0.02], [859.96, 3.28], [859.97, 13.79], [859.98, 0.03], [859.99, 12.23], [860.0, 3.51], [860.01, 10.72], [860.02, 16.42], [860.03, 5.2], [860.04, 9.42], [860.05, 13.58], [860.06, 10.88], [860.07, 8.28], [860.08, 5.4], [860.09, 12.35], [860.1, 12.09], [860.11, 2.76]], "timestamp": "2025-12-16T10:12:33.984502+00:00"}, {"symbol": "BNBUSDT", "bids": [[860.38, 76.79], [860.37, 42.1], [860.36, 29.36], [860.35, 7.92], [860.34, 29.63], [860.33, 17.16], [860.32, 16.15], [860.31, 0.4], [860.3, 7.36], [860.28, 1.48], [860.27, 4.15], [860.26, 0.61], [860.25, 3.49], [860.24, 0.56], [860.23, 2.6], [860.22, 11.67], [860.21, 5.11], [860.2, 2.27], [860.19, 7.33], [860.18, 0.05]], "asks": [[860.39, 0.97], [860.4, 0.05], [860.41, 0.05], [860.42, 0.51], [860.43, 0.01], [860.44, 0.11], [860.45, 6.02], [860.46, 0.17], [860.47, 0.01], [860.48, 10.31], [860.49, 2.59], [860.5, 2.96], [860.51, 8.09], [860.52, 3.55], [860.53, 25.08], [860.54, 19.41], [860.55, 4.57], [860.56, 9.31], [860.57, 17.21], [860.58, 1.4]], "timestamp": "2025-12-16T10:13:25.860271+00:00"}, {"symbol": "BNBUSDT", "bids": [[860.53, 25.01], [860.52, 0.56], [860.5, 5.59], [860.49, 0.03], [860.48, 0.02], [860.47, 6.45], [860.46, 24.31], [860.45, 0.27], [860.44, 10.42], [860.43, 20.14], [860.42, 7.22], [860.41, 6.82], [860.4, 6.27], [860.39, 23.58], [860.38, 1.05], [860.37, 0.32], [860.36, 24.99], [860.35, 0.86], [860.34, 8.78], [860.33, 3.79]], "asks": [[860.54, 15.23], [860.55, 1.79], [860.56, 5.38], [860.57, 0.46], [860.58, 0.02], [860.59, 2.14], [860.6, 14.9], [860.61, 11.46], [860.62, 11.82], [860.63, 12.13], [860.64, 8.11], [860.65, 4.87], [860.66, 0.29], [860.67, 2.44], [860.68, 11.72], [860.69, 16.99], [860.7, 23.44], [860.71, 33.11], [860.72, 0.02], [860.73, 0.54]], "timestamp": "2025-12-16T10:14:17.741282+00:00"}, {"symbol": "BNBUSDT", "bids": [[860.48, 0.71], [860.47, 0.6], [860.44, 5.34], [860.43, 1.62], [860.42, 0.03], [860.4, 0.5], [860.39, 6.31], [860.38, 5.6], [860.37, 2.31], [860.36, 0.16], [860.35, 0.01], [860.34, 0.82], [860.33, 3.92], [860.32, 4.22], [860.31, 13.34], [860.3, 2.64], [860.29, 0.61], [860.28, 19.78], [860.27, 30.24], [860.26, 5.46]], "asks": [[860.49, 38.94], [860.5, 5.48], [860.51, 7.36], [860.52, 17.37], [860.53, 0.45], [860.54, 2.86], [860.55, 12.63], [860.56, 34.21], [860.57, 0.23], [860.58, 3.24], [860.59, 25.65], [860.6, 20.75], [860.61, 9.94], [860.62, 7.99], [860.63, 45.26], [860.64, 6.71], [860.65, 0.58], [860.66, 10.28], [860.67, 0.51], [860.68, 17.81]], "timestamp": "2025-12-16T10:15:11.485024+00:00"}, {"symbol": "BNBUSDT", "bids": [[860.26, 51.99], [860.25, 0.43], [860.24, 0.3], [860.23, 0.12], [860.22, 1.22], [860.21, 1.61], [860.2, 1.77], [860.19, 0.94], [860.18, 8.05], [860.17, 3.69], [860.16, 4.36], [860.15, 1.09], [860.14, 12.57], [860.13, 0.04], [860.12, 13.67], [860.11, 2.58], [860.1, 0.49], [860.09, 6.97], [860.08, 13.79], [860.07, 20.85]], "asks": [[860.27, 9.99], [860.28, 4.43], [860.29, 1.94], [860.31, 3.86], [860.32, 0.5], [860.33, 0.33], [860.34, 0.01], [860.35, 3.09], [860.36, 2.38], [860.37, 1.1], [860.38, 6.47], [860.39, 0.03], [860.4, 7.7], [860.41, 9.1], [860.42, 0.01], [860.43, 9.5], [860.44, 12.14], [860.45, 15.22], [860.46, 17.73], [860.47, 0.96]], "timestamp": "2025-12-16T10:16:03.411539+00:00"}, {"symbol": "BNBUSDT", "bids": [[860.9, 26.19], [860.89, 5.32], [860.88, 8.49], [860.87, 8.36], [860.86, 9.66], [860.85, 9.37], [860.84, 1.74], [860.83, 5.32], [860.82, 0.85], [860.81, 0.7], [860.8, 2.95], [860.79, 3.11], [860.78, 3.16], [860.76, 23.17], [860.75, 5.32], [860.74, 2.37], [860.73, 26.28], [860.72, 0.31], [860.71, 16.01], [860.7, 18.92]], "asks": [[860.91, 19.39], [860.92, 2.62], [860.93, 0.75], [860.94, 8.57], [860.95, 1.22], [860.96, 13.94], [860.97, 17.49], [860.98, 11.56], [860.99, 13.48], [861.0, 0.03], [861.02, 7.06], [861.03, 5.75], [861.04, 11.66], [861.05, 10.64], [861.06, 25.75], [861.07, 7.77], [861.08, 11.32], [861.09, 8.01], [861.1, 4.63], [861.11, 0.02]], "timestamp": "2025-12-16T10:16:55.614685+00:00"}, {"symbol": "BNBUSDT", "bids": [[860.06, 16.31], [860.05, 0.21], [860.04, 0.01], [860.02, 2.24], [860.01, 3.45], [860.0, 19.0], [859.99, 0.02], [859.98, 0.07], [859.97, 0.03], [859.96, 3.69], [859.95, 0.03], [859.94, 1.58], [859.92, 4.87], [859.91, 4.45], [859.9, 7.01], [859.89, 10.53], [859.88, 23.87], [859.87, 21.64], [859.86, 6.24], [859.85, 13.9]], "asks": [[860.07, 48.9], [860.08, 7.5], [860.09, 6.18], [860.1, 11.6], [860.11, 7.87], [860.12, 27.67], [860.13, 15.66], [860.14, 9.92], [860.15, 23.6], [860.16, 5.55], [860.17, 5.54], [860.18, 0.46], [860.19, 0.04], [860.2, 0.73], [860.21, 0.01], [860.22, 5.63], [860.23, 10.04], [860.24, 16.86], [860.25, 0.02], [860.26, 0.01]], "timestamp": "2025-12-16T10:17:47.236254+00:00"}, {"symbol": "BNBUSDT", "bids": [[860.87, 39.21], [860.86, 0.6], [860.85, 5.67], [860.84, 5.53], [860.83, 7.04], [860.82, 0.23], [860.81, 7.28], [860.8, 17.13], [860.79, 14.33], [860.78, 7.3], [860.77, 3.52], [860.76, 6.18], [860.75, 9.46], [860.74, 7.76], [860.73, 23.31], [860.72, 7.62], [860.71, 18.15], [860.7, 6.68], [860.69, 15.1], [860.68, 25.71]], "asks": [[860.88, 3.9], [860.89, 0.03], [860.91, 0.01], [860.92, 1.83], [860.93, 0.02], [860.94, 3.25], [860.95, 0.05], [860.96, 1.03], [860.97, 9.03], [860.98, 15.03], [860.99, 0.34], [861.0, 14.3], [861.01, 5.04], [861.02, 34.25], [861.03, 2.13], [861.04, 5.7], [861.05, 25.76], [861.06, 3.56], [861.07, 1.94], [861.08, 17.46]], "timestamp": "2025-12-16T10:18:38.880029+00:00"}, {"symbol": "BNBUSDT", "bids": [[860.78, 9.42], [860.77, 0.91], [860.75, 0.02], [860.72, 11.31], [860.71, 1.29], [860.7, 12.04], [860.69, 11.42], [860.68, 1.77], [860.67, 5.66], [860.66, 2.4], [860.65, 0.63], [860.64, 1.74], [860.63, 8.25], [860.62, 2.39], [860.61, 2.66], [860.6, 0.02], [860.59, 0.04], [860.58, 0.04], [860.57, 1.89], [860.56, 8.43]], "asks": [[860.79, 29.32], [860.8, 6.14], [860.81, 5.43], [860.82, 36.76], [860.83, 0.01], [860.84, 2.57], [860.85, 6.84], [860.86, 17.72], [860.87, 0.72], [860.88, 11.96], [860.89, 36.27], [860.9, 9.33], [860.91, 11.18], [860.92, 8.98], [860.93, 28.26], [860.94, 0.45], [860.95, 15.84], [860.96, 5.95], [860.97, 10.48], [860.98, 8.37]], "timestamp": "2025-12-16T10:19:30.481189+00:00"}, {"symbol": "BNBUSDT", "bids": [[860.15, 19.26], [860.14, 0.02], [860.13, 0.24], [860.12, 5.37], [860.1, 0.04], [860.09, 1.98], [860.08, 1.14], [860.07, 1.45], [860.06, 2.12], [860.05, 0.37], [860.04, 5.58], [860.03, 0.23], [860.02, 7.68], [860.01, 13.32], [860.0, 6.73], [859.99, 4.69], [859.98, 11.57], [859.97, 6.02], [859.96, 13.34], [859.95, 0.26]], "asks": [[860.16, 31.41], [860.17, 4.62], [860.18, 5.41], [860.19, 25.16], [860.2, 0.08], [860.21, 14.03], [860.22, 22.09], [860.23, 17.64], [860.24, 9.89], [860.25, 13.66], [860.26, 23.35], [860.27, 1.62], [860.28, 8.12], [860.29, 10.79], [860.3, 1.44], [860.31, 9.45], [860.32, 22.65], [860.33, 2.46], [860.34, 0.47], [860.35, 11.35]], "timestamp": "2025-12-16T10:20:22.077954+00:00"}, {"symbol": "BNBUSDT", "bids": [[860.05, 33.5], [860.04, 0.01], [860.02, 6.05], [860.01, 11.45], [860.0, 10.91], [859.99, 1.63], [859.98, 5.12], [859.97, 1.24], [859.96, 7.75], [859.95, 14.79], [859.94, 0.15], [859.93, 0.02], [859.92, 7.66], [859.91, 2.15], [859.9, 1.42], [859.89, 1.74], [859.88, 16.21], [859.87, 10.8], [859.86, 14.62], [859.85, 11.05]], "asks": [[860.06, 17.86], [860.07, 3.3], [860.08, 2.16], [860.1, 8.01], [860.11, 0.02], [860.12, 8.07], [860.13, 7.19], [860.14, 7.99], [860.15, 17.09], [860.16, 1.74], [860.17, 0.31], [860.18, 7.42], [860.19, 30.24], [860.2, 8.99], [860.21, 3.03], [860.22, 12.7], [860.23, 8.99], [860.24, 9.25], [860.25, 2.2], [860.26, 1.74]], "timestamp": "2025-12-16T10:21:14.490209+00:00"}, {"symbol": "BNBUSDT", "bids": [[860.69, 74.63], [860.68, 34.46], [860.67, 21.58], [860.66, 15.6], [860.65, 26.98], [860.64, 0.04], [860.63, 6.41], [860.62, 0.41], [860.61, 4.07], [860.6, 28.3], [860.59, 17.44], [860.58, 3.09], [860.57, 11.72], [860.56, 0.47], [860.55, 0.27], [860.54, 2.25], [860.53, 3.28], [860.52, 10.08], [860.51, 2.52], [860.5, 10.24]], "asks": [[860.7, 0.28], [860.71, 0.14], [860.72, 0.01], [860.73, 0.01], [860.74, 0.02], [860.76, 0.09], [860.77, 0.04], [860.78, 3.23], [860.79, 0.32], [860.8, 16.81], [860.81, 2.97], [860.82, 5.46], [860.83, 5.48], [860.84, 18.68], [860.85, 1.8], [860.86, 2.32], [860.87, 10.05], [860.88, 10.07], [860.89, 9.41], [860.9, 2.19]], "timestamp": "2025-12-16T10:22:07.375491+00:00"}, {"symbol": "BNBUSDT", "bids": [[860.37, 39.64], [860.36, 0.02], [860.35, 0.02], [860.34, 8.64], [860.33, 4.1], [860.32, 3.06], [860.31, 4.84], [860.3, 15.56], [860.29, 1.14], [860.28, 9.7], [860.27, 2.73], [860.26, 3.73], [860.25, 4.74], [860.24, 10.69], [860.23, 14.05], [860.22, 15.85], [860.21, 10.42], [860.2, 9.52], [860.19, 7.16], [860.18, 2.04]], "asks": [[860.38, 3.83], [860.39, 0.02], [860.4, 0.02], [860.42, 0.02], [860.44, 0.01], [860.45, 2.92], [860.46, 8.08], [860.47, 8.09], [860.48, 8.05], [860.49, 2.52], [860.5, 31.1], [860.51, 0.31], [860.52, 3.52], [860.53, 0.04], [860.54, 0.02], [860.55, 2.19], [860.56, 0.02], [860.57, 0.6], [860.58, 2.21], [860.59, 12.25]], "timestamp": "2025-12-16T10:22:59.189756+00:00"}, {"symbol": "BNBUSDT", "bids": [[860.54, 4.56], [860.53, 0.04], [860.51, 0.28], [860.5, 0.32], [860.48, 0.01], [860.47, 0.01], [860.46, 0.04], [860.45, 2.2], [860.44, 2.56], [860.43, 1.95], [860.42, 1.02], [860.41, 4.72], [860.4, 2.36], [860.39, 6.05], [860.38, 14.27], [860.37, 6.4], [860.36, 5.93], [860.35, 5.98], [860.34, 4.74], [860.33, 1.25]], "asks": [[860.55, 43.71], [860.56, 7.94], [860.57, 5.67], [860.58, 25.5], [860.59, 10.05], [860.6, 13.25], [860.61, 4.11], [860.62, 28.0], [860.63, 1.57], [860.64, 27.34], [860.65, 12.19], [860.66, 9.88], [860.67, 3.65], [860.68, 39.39], [860.69, 14.98], [860.7, 15.76], [860.71, 0.03], [860.72, 22.65], [860.73, 29.67], [860.74, 5.03]], "timestamp": "2025-12-16T10:23:50.858757+00:00"}, {"symbol": "BNBUSDT", "bids": [[860.71, 35.0], [860.7, 0.01], [860.69, 4.23], [860.68, 17.64], [860.67, 0.23], [860.66, 3.73], [860.65, 4.35], [860.64, 36.96], [860.63, 2.41], [860.62, 7.27], [860.61, 20.92], [860.6, 27.58], [860.59, 5.58], [860.58, 0.37], [860.57, 4.72], [860.56, 5.33], [860.55, 4.51], [860.54, 3.43], [860.53, 27.8], [860.52, 1.97]], "asks": [[860.72, 1.06], [860.73, 0.02], [860.76, 0.01], [860.77, 1.46], [860.78, 5.11], [860.79, 0.05], [860.8, 2.12], [860.81, 3.45], [860.82, 0.56], [860.83, 1.51], [860.84, 11.23], [860.85, 4.88], [860.86, 9.45], [860.87, 2.94], [860.88, 15.29], [860.89, 17.3], [860.9, 11.62], [860.91, 31.8], [860.92, 6.98], [860.93, 9.88]], "timestamp": "2025-12-16T10:24:42.634351+00:00"}, {"symbol": "BNBUSDT", "bids": [[860.77, 13.14], [860.76, 1.73], [860.73, 0.17], [860.72, 0.13], [860.71, 0.03], [860.7, 0.01], [860.69, 5.51], [860.68, 3.01], [860.67, 0.05], [860.66, 4.71], [860.65, 1.9], [860.64, 13.07], [860.63, 3.49], [860.62, 2.37], [860.61, 7.41], [860.6, 25.56], [860.59, 0.59], [860.58, 4.75], [860.57, 4.69], [860.56, 4.74]], "asks": [[860.78, 29.03], [860.79, 10.4], [860.8, 5.33], [860.81, 10.75], [860.82, 9.9], [860.83, 4.23], [860.84, 10.25], [860.85, 26.24], [860.86, 5.01], [860.87, 11.77], [860.88, 21.29], [860.89, 5.18], [860.9, 2.43], [860.91, 41.69], [860.92, 4.65], [860.93, 3.97], [860.94, 11.75], [860.95, 6.55], [860.96, 11.79], [860.97, 12.66]], "timestamp": "2025-12-16T10:25:34.243134+00:00"}, {"symbol": "BNBUSDT", "bids": [[861.31, 35.36], [861.3, 0.04], [861.28, 4.46], [861.27, 7.11], [861.26, 6.85], [861.25, 4.33], [861.24, 13.44], [861.23, 19.61], [861.22, 11.7], [861.21, 13.16], [861.2, 5.08], [861.19, 8.44], [861.18, 18.5], [861.17, 0.15], [861.16, 3.48], [861.15, 1.24], [861.14, 5.66], [861.13, 2.12], [861.12, 0.29], [861.11, 2.9]], "asks": [[861.32, 18.53], [861.33, 1.34], [861.34, 5.39], [861.35, 2.51], [861.36, 6.46], [861.37, 7.12], [861.38, 1.58], [861.39, 25.47], [861.4, 5.37], [861.41, 6.62], [861.42, 29.71], [861.43, 6.86], [861.44, 10.01], [861.45, 5.57], [861.46, 26.94], [861.47, 33.21], [861.48, 12.04], [861.49, 2.27], [861.5, 7.1], [861.51, 2.21]], "timestamp": "2025-12-16T10:26:26.374852+00:00"}, {"symbol": "BNBUSDT", "bids": [[861.06, 66.16], [861.05, 0.02], [861.04, 0.01], [861.03, 0.02], [861.02, 2.41], [861.0, 2.16], [860.99, 2.43], [860.98, 3.43], [860.97, 3.3], [860.96, 13.13], [860.95, 2.85], [860.94, 2.51], [860.93, 6.88], [860.92, 21.46], [860.91, 22.2], [860.9, 15.23], [860.89, 6.19], [860.88, 16.99], [860.87, 0.01], [860.86, 6.62]], "asks": [[861.07, 6.09], [861.08, 0.03], [861.1, 0.7], [861.11, 0.02], [861.12, 11.69], [861.13, 6.99], [861.14, 2.3], [861.15, 18.69], [861.16, 13.59], [861.17, 8.33], [861.18, 0.58], [861.19, 1.04], [861.2, 8.21], [861.21, 12.62], [861.22, 3.51], [861.23, 0.01], [861.24, 0.06], [861.25, 1.47], [861.26, 4.92], [861.27, 0.01]], "timestamp": "2025-12-16T10:27:18.059644+00:00"}, {"symbol": "BNBUSDT", "bids": [[861.3, 47.11], [861.29, 0.04], [861.28, 0.01], [861.27, 0.28], [861.26, 5.22], [861.25, 0.02], [861.24, 0.02], [861.22, 0.04], [861.21, 0.42], [861.2, 2.04], [861.19, 7.31], [861.18, 2.73], [861.17, 2.2], [861.16, 2.64], [861.15, 7.99], [861.14, 3.31], [861.13, 2.9], [861.12, 9.84], [861.11, 13.5], [861.1, 1.05]], "asks": [[861.31, 98.73], [861.32, 37.77], [861.33, 18.65], [861.34, 20.89], [861.35, 4.17], [861.36, 8.61], [861.37, 72.71], [861.38, 9.11], [861.39, 4.72], [861.4, 31.04], [861.41, 48.51], [861.42, 0.03], [861.43, 13.22], [861.44, 36.2], [861.45, 0.07], [861.46, 2.81], [861.47, 11.65], [861.48, 19.61], [861.49, 17.59], [861.5, 2.64]], "timestamp": "2025-12-16T10:28:09.862025+00:00"}, {"symbol": "BNBUSDT", "bids": [[860.44, 18.95], [860.43, 6.12], [860.42, 5.01], [860.41, 0.57], [860.4, 15.15], [860.39, 13.24], [860.38, 8.08], [860.37, 0.03], [860.36, 6.27], [860.35, 0.02], [860.34, 0.05], [860.33, 0.01], [860.32, 4.04], [860.31, 0.24], [860.3, 8.77], [860.29, 1.69], [860.28, 7.43], [860.27, 4.74], [860.26, 5.9], [860.25, 0.35]], "asks": [[860.45, 22.36], [860.46, 0.11], [860.47, 7.76], [860.48, 1.23], [860.49, 7.07], [860.5, 8.45], [860.51, 5.7], [860.52, 46.08], [860.53, 4.21], [860.54, 6.75], [860.55, 51.11], [860.56, 13.29], [860.57, 10.64], [860.58, 14.71], [860.59, 47.56], [860.6, 8.84], [860.61, 3.96], [860.62, 0.02], [860.64, 4.49], [860.65, 13.45]], "timestamp": "2025-12-16T10:29:02.050043+00:00"}, {"symbol": "BNBUSDT", "bids": [[860.13, 15.45], [860.11, 5.14], [860.1, 1.97], [860.09, 0.57], [860.08, 8.04], [860.07, 1.5], [860.06, 2.26], [860.05, 0.33], [860.04, 8.84], [860.03, 4.26], [860.02, 0.11], [860.01, 3.12], [860.0, 10.59], [859.99, 4.83], [859.98, 2.91], [859.97, 1.17], [859.96, 18.73], [859.95, 6.16], [859.94, 12.25], [859.93, 6.08]], "asks": [[860.14, 15.24], [860.15, 0.02], [860.16, 3.03], [860.17, 13.24], [860.18, 1.44], [860.19, 2.18], [860.2, 14.7], [860.21, 15.09], [860.22, 5.81], [860.23, 5.47], [860.24, 20.45], [860.25, 4.45], [860.26, 8.72], [860.27, 5.9], [860.28, 11.93], [860.29, 3.38], [860.3, 0.02], [860.31, 24.47], [860.32, 9.74], [860.33, 3.17]], "timestamp": "2025-12-16T10:29:55.284501+00:00"}, {"symbol": "BNBUSDT", "bids": [[860.43, 0.29], [860.42, 0.04], [860.4, 0.07], [860.37, 0.04], [860.36, 0.02], [860.35, 1.24], [860.34, 5.26], [860.33, 0.52], [860.32, 4.07], [860.31, 2.38], [860.3, 0.01], [860.29, 6.99], [860.28, 0.02], [860.27, 7.65], [860.26, 17.49], [860.25, 11.95], [860.24, 17.15], [860.23, 23.04], [860.22, 0.05], [860.21, 6.96]], "asks": [[860.44, 60.12], [860.45, 0.02], [860.46, 3.86], [860.47, 26.12], [860.48, 9.63], [860.49, 11.01], [860.5, 20.0], [860.51, 21.22], [860.52, 15.12], [860.53, 24.04], [860.54, 7.09], [860.55, 5.07], [860.56, 8.81], [860.57, 3.9], [860.58, 3.12], [860.59, 2.91], [860.6, 0.06], [860.61, 0.09], [860.62, 0.62], [860.64, 13.19]], "timestamp": "2025-12-16T10:30:48.091493+00:00"}, {"symbol": "BNBUSDT", "bids": [[860.77, 12.33], [860.76, 0.03], [860.74, 0.04], [860.73, 0.01], [860.72, 0.83], [860.71, 3.56], [860.7, 1.41], [860.69, 0.03], [860.68, 6.31], [860.67, 2.14], [860.66, 9.41], [860.65, 6.82], [860.64, 18.69], [860.63, 10.38], [860.62, 1.92], [860.61, 9.19], [860.6, 7.81], [860.59, 0.4], [860.58, 0.62], [860.57, 2.67]], "asks": [[860.78, 49.01], [860.79, 0.02], [860.8, 0.01], [860.81, 14.0], [860.82, 12.13], [860.83, 8.04], [860.84, 2.37], [860.85, 30.27], [860.86, 9.1], [860.87, 12.88], [860.88, 29.29], [860.89, 35.92], [860.9, 15.88], [860.91, 47.37], [860.92, 17.16], [860.93, 18.79], [860.94, 1.13], [860.95, 0.08], [860.96, 7.91], [860.97, 1.29]], "timestamp": "2025-12-16T10:31:41.081644+00:00"}, {"symbol": "BNBUSDT", "bids": [[860.81, 30.63], [860.8, 0.31], [860.79, 10.72], [860.78, 0.26], [860.77, 0.02], [860.76, 0.04], [860.75, 4.78], [860.74, 17.36], [860.73, 1.25], [860.72, 15.18], [860.71, 13.48], [860.7, 3.01], [860.69, 16.02], [860.68, 16.05], [860.67, 8.88], [860.66, 7.07], [860.65, 3.07], [860.64, 7.63], [860.63, 7.88], [860.62, 14.18]], "asks": [[860.82, 6.41], [860.83, 0.02], [860.84, 0.23], [860.86, 0.08], [860.87, 2.14], [860.88, 4.54], [860.89, 14.65], [860.9, 0.39], [860.91, 0.94], [860.92, 12.19], [860.93, 2.8], [860.94, 5.76], [860.95, 4.86], [860.96, 11.74], [860.97, 5.73], [860.98, 4.37], [860.99, 34.57], [861.0, 7.66], [861.02, 1.84], [861.03, 31.1]], "timestamp": "2025-12-16T10:32:34.047477+00:00"}, {"symbol": "BNBUSDT", "bids": [[860.74, 16.07], [860.73, 7.14], [860.72, 0.07], [860.71, 9.39], [860.7, 0.01], [860.69, 11.57], [860.68, 25.68], [860.67, 8.64], [860.66, 15.99], [860.65, 16.57], [860.64, 4.53], [860.62, 0.31], [860.61, 7.79], [860.6, 7.06], [860.59, 11.62], [860.58, 0.15], [860.57, 6.67], [860.56, 20.11], [860.55, 8.79], [860.54, 13.24]], "asks": [[860.75, 23.37], [860.76, 0.04], [860.77, 2.76], [860.78, 10.62], [860.79, 0.01], [860.8, 9.08], [860.81, 3.17], [860.82, 25.83], [860.83, 3.09], [860.84, 4.9], [860.85, 16.22], [860.86, 2.1], [860.87, 2.64], [860.88, 18.88], [860.89, 14.36], [860.9, 6.19], [860.91, 7.54], [860.92, 12.82], [860.93, 6.54], [860.94, 16.82]], "timestamp": "2025-12-16T10:33:26.332341+00:00"}, {"symbol": "BNBUSDT", "bids": [[860.95, 52.56], [860.94, 22.8], [860.93, 2.92], [860.92, 22.42], [860.91, 11.43], [860.9, 0.65], [860.89, 2.32], [860.88, 0.26], [860.87, 3.61], [860.86, 10.63], [860.85, 2.18], [860.84, 7.12], [860.83, 6.12], [860.82, 4.3], [860.81, 22.06], [860.8, 19.01], [860.79, 7.99], [860.78, 9.57], [860.77, 11.8], [860.76, 11.49]], "asks": [[860.96, 5.46], [860.97, 0.02], [860.98, 0.01], [860.99, 2.08], [861.0, 0.02], [861.01, 1.12], [861.02, 1.17], [861.03, 0.12], [861.04, 4.61], [861.05, 5.6], [861.06, 0.18], [861.07, 2.57], [861.08, 6.78], [861.09, 3.07], [861.1, 19.6], [861.11, 0.01], [861.12, 7.12], [861.13, 31.81], [861.14, 0.01], [861.15, 3.65]], "timestamp": "2025-12-16T10:34:19.150355+00:00"}, {"symbol": "BNBUSDT", "bids": [[861.19, 64.47], [861.18, 0.01], [861.17, 1.97], [861.16, 20.06], [861.15, 13.19], [861.14, 16.29], [861.13, 3.51], [861.12, 2.76], [861.11, 2.13], [861.1, 0.56], [861.09, 11.41], [861.08, 5.11], [861.07, 0.72], [861.06, 0.11], [861.05, 2.57], [861.04, 14.26], [861.03, 7.78], [861.02, 8.68], [861.01, 13.04], [861.0, 19.27]], "asks": [[861.2, 2.46], [861.21, 0.07], [861.22, 0.02], [861.23, 0.01], [861.24, 0.03], [861.25, 0.09], [861.26, 0.1], [861.27, 0.03], [861.28, 5.94], [861.29, 10.43], [861.3, 16.43], [861.31, 7.16], [861.32, 9.0], [861.33, 7.33], [861.34, 9.38], [861.35, 6.52], [861.36, 10.82], [861.37, 23.52], [861.38, 12.59], [861.39, 4.39]], "timestamp": "2025-12-16T10:35:12.032032+00:00"}, {"symbol": "BNBUSDT", "bids": [[860.99, 7.44], [860.96, 0.01], [860.94, 3.87], [860.93, 5.74], [860.92, 11.41], [860.91, 8.09], [860.9, 13.66], [860.89, 9.05], [860.88, 8.58], [860.87, 0.56], [860.86, 1.03], [860.85, 0.01], [860.84, 6.68], [860.83, 14.9], [860.82, 3.52], [860.81, 0.12], [860.8, 3.12], [860.79, 0.01], [860.78, 2.69], [860.77, 8.04]], "asks": [[861.0, 41.04], [861.01, 0.01], [861.02, 3.64], [861.03, 24.11], [861.04, 6.43], [861.05, 5.21], [861.06, 2.99], [861.07, 25.38], [861.08, 15.44], [861.09, 11.13], [861.1, 17.11], [861.11, 5.57], [861.12, 6.53], [861.13, 6.88], [861.14, 14.37], [861.15, 0.19], [861.16, 14.19], [861.17, 41.24], [861.18, 2.78], [861.19, 3.01]], "timestamp": "2025-12-16T10:36:04.165076+00:00"}, {"symbol": "BNBUSDT", "bids": [[861.29, 23.19], [861.28, 0.02], [861.27, 3.91], [861.26, 0.13], [861.25, 8.32], [861.24, 29.3], [861.23, 13.96], [861.22, 16.62], [861.21, 23.25], [861.2, 5.34], [861.19, 1.4], [861.18, 2.73], [861.17, 2.49], [861.16, 4.32], [861.15, 0.94], [861.14, 3.56], [861.13, 8.21], [861.12, 16.22], [861.11, 7.92], [861.1, 7.9]], "asks": [[861.3, 17.59], [861.31, 0.01], [861.32, 0.03], [861.33, 0.19], [861.35, 2.23], [861.36, 4.06], [861.37, 26.64], [861.38, 3.7], [861.39, 5.01], [861.4, 22.31], [861.41, 1.03], [861.42, 3.07], [861.43, 11.91], [861.44, 30.61], [861.45, 13.52], [861.46, 0.03], [861.47, 35.4], [861.48, 21.35], [861.49, 5.29], [861.5, 3.0]], "timestamp": "2025-12-16T10:36:56.705284+00:00"}, {"symbol": "BNBUSDT", "bids": [[860.94, 2.37], [860.93, 5.24], [860.92, 0.02], [860.88, 0.03], [860.87, 2.27], [860.86, 7.26], [860.85, 2.34], [860.84, 5.5], [860.83, 0.78], [860.82, 1.64], [860.81, 4.9], [860.8, 6.44], [860.79, 0.14], [860.78, 4.42], [860.77, 6.9], [860.76, 3.95], [860.75, 14.4], [860.74, 2.41], [860.73, 6.05], [860.72, 7.98]], "asks": [[860.95, 29.82], [860.96, 0.03], [860.97, 4.86], [860.98, 23.87], [860.99, 2.89], [861.0, 7.42], [861.01, 9.21], [861.02, 47.09], [861.03, 0.14], [861.04, 6.72], [861.05, 32.31], [861.06, 0.84], [861.07, 1.71], [861.08, 25.51], [861.09, 36.47], [861.1, 11.85], [861.11, 8.56], [861.12, 16.46], [861.13, 11.4], [861.14, 0.02]], "timestamp": "2025-12-16T10:37:48.922766+00:00"}, {"symbol": "BNBUSDT", "bids": [[860.81, 3.32], [860.8, 5.23], [860.76, 0.01], [860.75, 3.34], [860.74, 5.18], [860.73, 6.01], [860.72, 7.15], [860.71, 5.93], [860.7, 5.18], [860.69, 4.37], [860.68, 5.75], [860.67, 3.09], [860.66, 10.04], [860.65, 3.51], [860.64, 12.37], [860.63, 6.53], [860.62, 7.1], [860.61, 1.97], [860.6, 15.67], [860.59, 11.71]], "asks": [[860.82, 26.15], [860.83, 6.2], [860.84, 5.51], [860.85, 30.34], [860.86, 3.24], [860.87, 0.31], [860.88, 9.84], [860.89, 20.78], [860.9, 5.0], [860.91, 8.98], [860.92, 30.66], [860.93, 2.65], [860.94, 0.29], [860.95, 6.11], [860.96, 36.85], [860.97, 23.58], [860.98, 7.69], [860.99, 16.1], [861.0, 18.71], [861.01, 17.04]], "timestamp": "2025-12-16T10:38:41.684784+00:00"}, {"symbol": "BNBUSDT", "bids": [[862.11, 1.37], [862.1, 0.02], [862.08, 0.15], [862.07, 5.98], [862.06, 9.9], [862.05, 7.78], [862.04, 14.99], [862.03, 11.47], [862.02, 4.0], [862.01, 3.68], [862.0, 0.32], [861.99, 2.42], [861.98, 1.92], [861.97, 10.73], [861.96, 2.49], [861.95, 5.88], [861.94, 0.72], [861.93, 2.12], [861.92, 0.02], [861.91, 5.59]], "asks": [[862.12, 14.79], [862.13, 1.45], [862.16, 11.64], [862.17, 2.16], [862.19, 2.13], [862.2, 0.06], [862.21, 0.02], [862.22, 35.63], [862.24, 2.29], [862.25, 7.03], [862.26, 43.43], [862.27, 0.01], [862.28, 18.28], [862.29, 2.24], [862.3, 8.15], [862.31, 14.9], [862.32, 11.55], [862.33, 0.84], [862.34, 0.04], [862.35, 6.44]], "timestamp": "2025-12-16T10:39:34.735895+00:00"}, {"symbol": "BNBUSDT", "bids": [[862.31, 65.83], [862.3, 26.62], [862.29, 22.34], [862.28, 15.05], [862.27, 17.12], [862.26, 6.01], [862.25, 8.85], [862.24, 14.28], [862.23, 8.64], [862.22, 4.76], [862.21, 5.95], [862.2, 10.3], [862.19, 1.06], [862.18, 0.38], [862.17, 2.25], [862.16, 0.33], [862.15, 2.19], [862.14, 1.68], [862.13, 8.38], [862.12, 2.37]], "asks": [[862.32, 1.82], [862.33, 0.02], [862.36, 0.03], [862.37, 0.01], [862.38, 0.03], [862.39, 1.82], [862.4, 1.87], [862.41, 0.9], [862.42, 0.8], [862.43, 5.05], [862.44, 0.02], [862.45, 9.81], [862.46, 13.47], [862.47, 18.86], [862.48, 21.38], [862.49, 4.62], [862.5, 4.38], [862.51, 6.38], [862.52, 22.43], [862.53, 0.68]], "timestamp": "2025-12-16T10:40:26.539412+00:00"}, {"symbol": "BNBUSDT", "bids": [[862.88, 71.5], [862.87, 15.02], [862.85, 20.69], [862.84, 17.44], [862.83, 15.5], [862.82, 9.16], [862.81, 12.61], [862.8, 28.66], [862.79, 20.75], [862.78, 8.07], [862.77, 8.77], [862.76, 6.76], [862.75, 2.26], [862.74, 0.2], [862.73, 1.83], [862.72, 10.04], [862.71, 0.57], [862.69, 13.47], [862.68, 3.59], [862.67, 10.1]], "asks": [[862.89, 2.97], [862.9, 0.01], [862.92, 0.08], [862.93, 0.02], [862.94, 0.02], [862.95, 0.01], [862.96, 0.03], [862.97, 1.38], [862.98, 0.01], [862.99, 0.02], [863.0, 2.33], [863.01, 0.27], [863.02, 2.59], [863.03, 0.01], [863.04, 1.25], [863.05, 4.17], [863.06, 7.41], [863.07, 0.56], [863.08, 11.42], [863.09, 21.88]], "timestamp": "2025-12-16T10:41:18.627250+00:00"}, {"symbol": "BNBUSDT", "bids": [[863.9, 4.9], [863.88, 0.01], [863.85, 0.02], [863.84, 0.01], [863.83, 0.05], [863.82, 0.32], [863.81, 2.8], [863.8, 2.14], [863.79, 0.4], [863.78, 2.33], [863.77, 1.78], [863.76, 0.32], [863.75, 4.26], [863.74, 2.32], [863.73, 5.03], [863.72, 6.45], [863.71, 8.56], [863.7, 8.77], [863.69, 0.48], [863.68, 20.98]], "asks": [[863.91, 77.57], [863.92, 14.65], [863.93, 0.03], [863.94, 9.36], [863.95, 40.1], [863.96, 9.14], [863.97, 7.49], [863.98, 4.73], [863.99, 32.02], [864.0, 0.03], [864.01, 6.64], [864.02, 20.43], [864.03, 8.3], [864.04, 1.38], [864.05, 6.68], [864.06, 13.03], [864.07, 6.66], [864.08, 30.07], [864.09, 14.39], [864.1, 9.1]], "timestamp": "2025-12-16T10:42:10.608902+00:00"}, {"symbol": "BNBUSDT", "bids": [[864.22, 39.55], [864.21, 31.24], [864.2, 0.52], [864.19, 26.77], [864.17, 6.11], [864.16, 37.0], [864.15, 22.83], [864.14, 22.33], [864.13, 15.53], [864.12, 23.14], [864.11, 8.22], [864.1, 9.86], [864.09, 0.32], [864.08, 5.07], [864.07, 5.01], [864.06, 3.01], [864.05, 9.0], [864.04, 20.39], [864.03, 11.81], [864.02, 7.89]], "asks": [[864.23, 4.26], [864.24, 0.05], [864.25, 0.42], [864.26, 0.04], [864.27, 0.11], [864.28, 2.36], [864.3, 0.11], [864.31, 2.8], [864.32, 2.61], [864.33, 7.89], [864.34, 6.32], [864.35, 1.45], [864.36, 2.41], [864.37, 0.04], [864.38, 0.03], [864.39, 5.94], [864.4, 31.74], [864.41, 13.03], [864.42, 1.84], [864.43, 8.35]], "timestamp": "2025-12-16T10:43:02.202713+00:00"}, {"symbol": "BNBUSDT", "bids": [[865.47, 15.72], [865.46, 0.16], [865.45, 4.43], [865.44, 28.03], [865.43, 8.19], [865.42, 7.77], [865.41, 10.08], [865.4, 14.36], [865.39, 2.38], [865.38, 12.75], [865.37, 10.4], [865.36, 14.7], [865.35, 21.11], [865.34, 59.95], [865.33, 14.23], [865.32, 7.58], [865.31, 2.72], [865.3, 17.56], [865.28, 7.88], [865.27, 9.18]], "asks": [[865.48, 6.69], [865.52, 0.01], [865.53, 1.83], [865.55, 3.1], [865.56, 2.08], [865.57, 7.53], [865.58, 5.23], [865.59, 2.52], [865.6, 0.6], [865.61, 0.02], [865.62, 0.32], [865.63, 4.75], [865.64, 6.34], [865.65, 21.43], [865.66, 0.08], [865.67, 6.27], [865.68, 13.07], [865.69, 28.79], [865.7, 5.84], [865.71, 17.39]], "timestamp": "2025-12-16T10:43:54.582169+00:00"}, {"symbol": "BNBUSDT", "bids": [[864.81, 8.87], [864.8, 0.02], [864.79, 5.2], [864.76, 0.07], [864.75, 3.13], [864.73, 0.01], [864.72, 10.61], [864.71, 8.23], [864.7, 0.02], [864.69, 0.43], [864.68, 0.26], [864.67, 0.12], [864.66, 0.08], [864.65, 2.32], [864.64, 14.66], [864.63, 0.05], [864.62, 8.24], [864.61, 1.4], [864.6, 15.79], [864.59, 11.06]], "asks": [[864.82, 41.79], [864.83, 0.01], [864.84, 0.01], [864.85, 3.13], [864.86, 9.04], [864.87, 10.19], [864.88, 8.22], [864.89, 18.03], [864.9, 0.61], [864.91, 10.96], [864.92, 24.64], [864.93, 4.81], [864.94, 8.25], [864.95, 0.58], [864.96, 20.36], [864.97, 10.72], [864.98, 9.15], [864.99, 8.76], [865.0, 0.26], [865.01, 15.58]], "timestamp": "2025-12-16T10:44:47.420834+00:00"}, {"symbol": "BNBUSDT", "bids": [[864.43, 25.68], [864.42, 0.25], [864.41, 3.58], [864.4, 19.31], [864.39, 0.4], [864.38, 12.94], [864.37, 8.22], [864.36, 20.68], [864.35, 5.56], [864.34, 3.38], [864.33, 18.48], [864.32, 6.26], [864.31, 2.41], [864.3, 9.21], [864.29, 13.05], [864.28, 9.49], [864.27, 9.29], [864.26, 12.87], [864.25, 7.78], [864.24, 13.48]], "asks": [[864.44, 8.72], [864.45, 0.04], [864.46, 1.2], [864.48, 0.32], [864.49, 2.18], [864.5, 0.02], [864.51, 4.57], [864.52, 33.84], [864.53, 8.03], [864.54, 11.16], [864.55, 2.61], [864.56, 2.18], [864.57, 2.14], [864.58, 10.79], [864.59, 2.32], [864.6, 8.43], [864.61, 30.98], [864.62, 17.55], [864.63, 8.06], [864.64, 9.32]], "timestamp": "2025-12-16T10:45:40.408934+00:00"}, {"symbol": "BNBUSDT", "bids": [[865.25, 8.69], [865.24, 0.77], [865.23, 0.01], [865.22, 0.02], [865.21, 0.02], [865.2, 0.05], [865.19, 1.58], [865.18, 6.22], [865.17, 0.01], [865.16, 0.05], [865.15, 0.01], [865.14, 0.03], [865.13, 3.27], [865.12, 0.01], [865.11, 6.22], [865.1, 5.18], [865.09, 5.51], [865.08, 14.41], [865.07, 3.16], [865.06, 4.41]], "asks": [[865.26, 46.58], [865.27, 23.05], [865.28, 14.15], [865.29, 12.03], [865.3, 3.7], [865.32, 31.78], [865.33, 25.81], [865.34, 3.72], [865.35, 3.72], [865.36, 0.18], [865.37, 0.02], [865.38, 2.21], [865.39, 1.74], [865.4, 11.61], [865.41, 0.04], [865.42, 0.01], [865.43, 2.4], [865.44, 10.96], [865.45, 0.02], [865.46, 19.07]], "timestamp": "2025-12-16T10:46:33.057957+00:00"}, {"symbol": "BNBUSDT", "bids": [[864.92, 34.68], [864.91, 0.14], [864.9, 0.15], [864.89, 8.02], [864.88, 0.02], [864.87, 8.81], [864.86, 4.32], [864.85, 8.19], [864.84, 3.34], [864.83, 3.74], [864.82, 11.85], [864.81, 11.01], [864.8, 7.05], [864.79, 4.07], [864.78, 15.81], [864.77, 24.57], [864.76, 12.38], [864.75, 14.34], [864.74, 10.41], [864.73, 52.72]], "asks": [[864.93, 1.8], [864.96, 1.32], [864.97, 2.46], [864.98, 11.73], [864.99, 6.12], [865.0, 1.44], [865.01, 5.3], [865.02, 0.12], [865.03, 0.5], [865.04, 6.32], [865.05, 13.72], [865.06, 0.46], [865.07, 8.24], [865.08, 5.65], [865.09, 9.38], [865.1, 26.7], [865.11, 0.57], [865.12, 6.44], [865.13, 2.55], [865.14, 22.03]], "timestamp": "2025-12-16T10:47:25.108796+00:00"}, {"symbol": "BNBUSDT", "bids": [[863.99, 23.11], [863.98, 0.43], [863.97, 2.18], [863.96, 5.62], [863.95, 15.86], [863.94, 9.52], [863.93, 0.02], [863.92, 3.65], [863.91, 8.74], [863.9, 5.51], [863.88, 0.24], [863.87, 5.55], [863.86, 7.57], [863.85, 14.43], [863.84, 0.45], [863.83, 9.01], [863.82, 13.06], [863.81, 3.0], [863.8, 24.16], [863.79, 2.85]], "asks": [[864.0, 13.66], [864.03, 2.22], [864.04, 8.03], [864.05, 0.02], [864.06, 1.96], [864.07, 8.27], [864.08, 5.03], [864.09, 3.49], [864.1, 12.1], [864.11, 0.03], [864.12, 10.34], [864.13, 8.85], [864.14, 23.73], [864.15, 10.45], [864.16, 25.83], [864.17, 19.33], [864.18, 4.21], [864.19, 0.72], [864.2, 0.42], [864.21, 7.63]], "timestamp": "2025-12-16T10:48:17.380317+00:00"}, {"symbol": "BNBUSDT", "bids": [[863.69, 27.66], [863.68, 0.05], [863.65, 0.01], [863.64, 2.15], [863.63, 8.03], [863.62, 11.79], [863.61, 1.03], [863.6, 5.36], [863.59, 17.1], [863.58, 0.37], [863.57, 0.83], [863.56, 10.38], [863.55, 19.95], [863.54, 0.04], [863.53, 8.95], [863.52, 20.47], [863.51, 0.27], [863.5, 6.23], [863.49, 12.99], [863.48, 14.98]], "asks": [[863.7, 21.96], [863.71, 1.99], [863.72, 7.42], [863.73, 0.01], [863.74, 0.04], [863.75, 2.16], [863.76, 15.56], [863.77, 10.09], [863.78, 0.53], [863.79, 2.38], [863.8, 1.88], [863.81, 0.21], [863.82, 0.03], [863.83, 2.7], [863.84, 15.48], [863.85, 5.34], [863.86, 10.59], [863.87, 24.04], [863.88, 16.44], [863.89, 3.67]], "timestamp": "2025-12-16T10:49:09.409961+00:00"}, {"symbol": "BNBUSDT", "bids": [[863.68, 19.23], [863.67, 0.02], [863.65, 0.03], [863.64, 0.02], [863.63, 9.18], [863.62, 4.74], [863.61, 16.43], [863.6, 7.12], [863.59, 14.87], [863.58, 0.11], [863.57, 0.51], [863.56, 0.01], [863.55, 1.84], [863.54, 11.83], [863.52, 6.1], [863.51, 3.97], [863.5, 9.08], [863.49, 2.2], [863.48, 23.11], [863.47, 20.7]], "asks": [[863.69, 14.41], [863.7, 0.05], [863.71, 0.05], [863.72, 0.02], [863.73, 2.07], [863.74, 2.74], [863.75, 2.22], [863.76, 8.47], [863.77, 5.18], [863.78, 13.86], [863.79, 9.45], [863.8, 4.55], [863.81, 20.05], [863.82, 0.68], [863.83, 0.58], [863.84, 2.98], [863.85, 8.74], [863.86, 29.22], [863.87, 2.37], [863.88, 12.27]], "timestamp": "2025-12-16T10:50:01.553425+00:00"}, {"symbol": "BNBUSDT", "bids": [[863.11, 31.97], [863.1, 11.0], [863.09, 9.84], [863.08, 12.47], [863.07, 4.05], [863.06, 7.95], [863.05, 3.12], [863.04, 11.95], [863.03, 0.23], [863.02, 0.89], [863.01, 26.39], [863.0, 68.16], [862.99, 0.16], [862.98, 2.17], [862.97, 0.25], [862.96, 2.91], [862.95, 2.25], [862.94, 9.17], [862.93, 3.48], [862.92, 0.07]], "asks": [[863.12, 5.16], [863.13, 0.02], [863.14, 5.24], [863.16, 0.3], [863.17, 0.02], [863.18, 1.33], [863.19, 2.37], [863.2, 2.28], [863.21, 5.14], [863.22, 11.26], [863.23, 0.69], [863.24, 10.39], [863.25, 13.94], [863.26, 7.65], [863.27, 16.26], [863.28, 16.06], [863.29, 0.05], [863.31, 9.83], [863.32, 17.63], [863.33, 31.8]], "timestamp": "2025-12-16T10:50:54.580039+00:00"}, {"symbol": "BNBUSDT", "bids": [[862.19, 84.07], [862.18, 20.88], [862.17, 32.41], [862.16, 2.49], [862.15, 4.22], [862.14, 0.01], [862.13, 2.31], [862.12, 8.5], [862.11, 0.23], [862.1, 0.81], [862.09, 2.39], [862.08, 4.55], [862.07, 3.0], [862.06, 0.16], [862.05, 0.14], [862.04, 22.52], [862.03, 0.01], [862.02, 0.05], [862.01, 2.48], [862.0, 16.07]], "asks": [[862.2, 0.76], [862.21, 0.02], [862.24, 0.01], [862.26, 2.32], [862.27, 0.02], [862.28, 2.39], [862.29, 6.52], [862.3, 8.44], [862.31, 2.77], [862.32, 2.49], [862.33, 5.82], [862.34, 38.13], [862.35, 0.03], [862.36, 10.58], [862.37, 26.15], [862.38, 5.02], [862.39, 1.06], [862.4, 28.93], [862.41, 18.19], [862.42, 15.95]], "timestamp": "2025-12-16T10:51:46.653170+00:00"}, {"symbol": "BNBUSDT", "bids": [[862.79, 14.14], [862.78, 0.01], [862.77, 0.07], [862.75, 0.02], [862.74, 2.32], [862.73, 0.01], [862.72, 4.52], [862.71, 8.03], [862.7, 2.37], [862.69, 4.0], [862.68, 7.12], [862.67, 13.18], [862.66, 2.19], [862.65, 1.91], [862.64, 31.93], [862.63, 0.03], [862.62, 0.01], [862.61, 0.57], [862.6, 4.06], [862.59, 8.8]], "asks": [[862.8, 25.58], [862.81, 3.46], [862.82, 4.17], [862.83, 17.19], [862.84, 5.69], [862.85, 9.55], [862.86, 13.83], [862.87, 8.77], [862.88, 19.22], [862.89, 10.89], [862.9, 4.61], [862.91, 0.9], [862.92, 0.8], [862.93, 8.93], [862.94, 31.53], [862.95, 21.83], [862.96, 17.71], [862.97, 14.4], [862.98, 19.89], [862.99, 0.88]], "timestamp": "2025-12-16T10:52:38.292485+00:00"}, {"symbol": "BNBUSDT", "bids": [[862.73, 5.52], [862.72, 0.01], [862.71, 0.61], [862.68, 4.1], [862.67, 5.39], [862.66, 3.87], [862.65, 8.27], [862.64, 12.35], [862.63, 15.78], [862.62, 8.14], [862.61, 7.88], [862.6, 10.31], [862.59, 6.2], [862.58, 9.25], [862.56, 4.32], [862.55, 0.5], [862.54, 0.02], [862.53, 9.11], [862.52, 12.87], [862.51, 9.22]], "asks": [[862.74, 38.05], [862.75, 11.01], [862.76, 6.81], [862.77, 6.39], [862.78, 0.06], [862.79, 2.33], [862.8, 5.88], [862.81, 8.34], [862.82, 14.35], [862.83, 0.46], [862.84, 19.02], [862.85, 11.88], [862.86, 11.93], [862.87, 4.88], [862.88, 19.77], [862.89, 8.22], [862.9, 11.27], [862.91, 19.88], [862.92, 9.92], [862.93, 18.99]], "timestamp": "2025-12-16T10:53:30.488914+00:00"}, {"symbol": "BNBUSDT", "bids": [[863.26, 24.93], [863.25, 4.6], [863.24, 10.3], [863.23, 10.43], [863.22, 0.03], [863.21, 1.99], [863.2, 14.58], [863.19, 13.75], [863.18, 2.2], [863.17, 1.04], [863.16, 19.85], [863.15, 2.31], [863.14, 4.91], [863.13, 4.58], [863.12, 30.27], [863.11, 9.97], [863.1, 9.01], [863.09, 1.66], [863.08, 9.03], [863.07, 8.99]], "asks": [[863.27, 11.06], [863.28, 0.03], [863.32, 42.0], [863.33, 2.41], [863.34, 9.62], [863.35, 0.41], [863.36, 3.94], [863.37, 4.46], [863.38, 2.46], [863.39, 0.56], [863.4, 0.84], [863.41, 5.47], [863.42, 23.63], [863.43, 1.12], [863.44, 0.03], [863.45, 4.1], [863.46, 3.04], [863.47, 13.68], [863.48, 24.25], [863.49, 9.87]], "timestamp": "2025-12-16T10:54:22.444603+00:00"}, {"symbol": "BNBUSDT", "bids": [[863.09, 12.16], [863.08, 1.51], [863.07, 0.45], [863.06, 0.01], [863.05, 8.04], [863.04, 5.34], [863.03, 8.16], [863.02, 16.02], [863.01, 2.26], [863.0, 2.55], [862.99, 10.02], [862.98, 0.33], [862.97, 2.38], [862.96, 18.34], [862.95, 11.97], [862.94, 5.53], [862.93, 9.06], [862.92, 15.58], [862.91, 10.6], [862.9, 7.1]], "asks": [[863.1, 19.85], [863.11, 15.76], [863.12, 0.01], [863.13, 0.66], [863.14, 3.27], [863.15, 7.22], [863.16, 12.56], [863.17, 4.16], [863.18, 6.52], [863.19, 7.92], [863.2, 15.09], [863.21, 0.19], [863.22, 0.75], [863.23, 1.04], [863.24, 8.72], [863.25, 2.21], [863.26, 12.24], [863.27, 56.61], [863.28, 12.03], [863.29, 3.85]], "timestamp": "2025-12-16T10:55:14.578540+00:00"}, {"symbol": "BNBUSDT", "bids": [[862.87, 17.74], [862.86, 1.38], [862.85, 4.36], [862.84, 4.14], [862.83, 8.02], [862.82, 2.4], [862.81, 11.44], [862.8, 10.68], [862.79, 7.81], [862.78, 17.05], [862.77, 8.2], [862.76, 11.23], [862.75, 3.54], [862.74, 0.08], [862.73, 6.4], [862.72, 4.11], [862.71, 21.6], [862.7, 6.19], [862.69, 9.41], [862.68, 5.54]], "asks": [[862.88, 14.28], [862.89, 0.03], [862.9, 10.03], [862.92, 0.35], [862.93, 2.52], [862.94, 0.68], [862.95, 7.73], [862.96, 8.53], [862.97, 0.03], [862.98, 3.57], [862.99, 2.34], [863.0, 0.02], [863.01, 5.57], [863.02, 23.42], [863.03, 4.44], [863.04, 16.16], [863.05, 34.71], [863.06, 0.61], [863.07, 6.79], [863.08, 20.43]], "timestamp": "2025-12-16T10:56:05.965583+00:00"}, {"symbol": "BNBUSDT", "bids": [[862.91, 1.44], [862.9, 0.03], [862.88, 0.2], [862.87, 0.01], [862.85, 0.87], [862.84, 0.41], [862.83, 5.87], [862.82, 0.71], [862.81, 1.72], [862.8, 0.94], [862.79, 1.93], [862.78, 5.2], [862.77, 4.08], [862.76, 1.86], [862.75, 8.06], [862.74, 14.51], [862.73, 11.16], [862.72, 15.43], [862.71, 4.33], [862.7, 6.75]], "asks": [[862.92, 42.15], [862.93, 0.32], [862.94, 0.28], [862.95, 0.01], [862.96, 0.73], [862.97, 3.12], [862.98, 1.98], [862.99, 11.17], [863.0, 10.67], [863.01, 14.17], [863.02, 0.75], [863.03, 10.91], [863.04, 21.07], [863.05, 18.71], [863.06, 38.87], [863.07, 6.9], [863.08, 10.23], [863.09, 26.96], [863.1, 7.08], [863.11, 19.41]], "timestamp": "2025-12-16T10:56:58.210361+00:00"}, {"symbol": "BNBUSDT", "bids": [[863.27, 0.82], [863.26, 0.02], [863.25, 0.01], [863.23, 1.72], [863.22, 2.39], [863.21, 9.03], [863.2, 2.41], [863.19, 0.31], [863.18, 11.48], [863.17, 0.23], [863.16, 3.33], [863.15, 6.26], [863.14, 16.24], [863.13, 8.45], [863.12, 8.77], [863.11, 9.16], [863.1, 11.67], [863.09, 2.16], [863.08, 14.75], [863.07, 16.67]], "asks": [[863.28, 20.8], [863.29, 0.19], [863.3, 4.38], [863.31, 23.25], [863.32, 1.45], [863.33, 8.75], [863.34, 9.81], [863.35, 29.86], [863.36, 13.45], [863.37, 13.0], [863.38, 17.59], [863.39, 0.29], [863.4, 0.32], [863.41, 6.63], [863.42, 26.2], [863.43, 8.68], [863.44, 5.96], [863.45, 10.62], [863.46, 10.06], [863.47, 1.08]], "timestamp": "2025-12-16T10:57:51.134762+00:00"}, {"symbol": "BNBUSDT", "bids": [[862.83, 7.95], [862.82, 1.9], [862.81, 0.02], [862.8, 2.03], [862.78, 4.27], [862.77, 9.44], [862.76, 2.54], [862.75, 4.86], [862.74, 0.11], [862.73, 10.42], [862.72, 4.77], [862.71, 4.44], [862.7, 7.36], [862.69, 18.37], [862.68, 5.16], [862.67, 9.99], [862.66, 33.47], [862.65, 0.76], [862.64, 14.85], [862.63, 42.37]], "asks": [[862.84, 22.81], [862.85, 0.28], [862.86, 10.78], [862.87, 6.93], [862.88, 4.17], [862.89, 3.23], [862.9, 4.29], [862.92, 2.62], [862.93, 8.61], [862.94, 1.94], [862.95, 4.5], [862.96, 2.2], [862.97, 10.6], [862.98, 25.39], [862.99, 1.54], [863.0, 12.09], [863.01, 18.93], [863.02, 11.16], [863.03, 20.36], [863.04, 3.52]], "timestamp": "2025-12-16T10:58:44.139893+00:00"}, {"symbol": "BNBUSDT", "bids": [[862.62, 15.72], [862.61, 8.03], [862.6, 6.88], [862.59, 10.4], [862.58, 0.01], [862.57, 2.2], [862.56, 17.18], [862.55, 17.89], [862.54, 2.33], [862.53, 18.68], [862.52, 17.22], [862.51, 2.5], [862.5, 1.73], [862.49, 4.64], [862.48, 9.15], [862.47, 0.02], [862.46, 38.74], [862.45, 9.74], [862.44, 9.5], [862.43, 1.87]], "asks": [[862.63, 11.44], [862.64, 0.03], [862.65, 0.03], [862.67, 0.23], [862.68, 0.26], [862.69, 9.26], [862.7, 14.49], [862.71, 19.62], [862.72, 23.47], [862.73, 10.1], [862.74, 1.7], [862.75, 10.62], [862.76, 8.31], [862.77, 1.85], [862.78, 0.32], [862.79, 13.0], [862.8, 2.53], [862.81, 3.95], [862.82, 14.23], [862.83, 0.07]], "timestamp": "2025-12-16T10:59:36.530611+00:00"}, {"symbol": "BNBUSDT", "bids": [[862.74, 6.1], [862.73, 5.64], [862.72, 8.03], [862.7, 0.05], [862.68, 11.81], [862.67, 14.14], [862.66, 14.44], [862.65, 11.06], [862.64, 9.08], [862.63, 1.73], [862.62, 5.35], [862.61, 1.54], [862.6, 16.23], [862.59, 2.81], [862.58, 13.73], [862.57, 12.5], [862.56, 12.05], [862.55, 10.48], [862.54, 8.63], [862.53, 2.88]], "asks": [[862.75, 33.67], [862.76, 0.01], [862.77, 0.01], [862.78, 0.01], [862.79, 0.34], [862.8, 0.04], [862.81, 5.12], [862.82, 11.08], [862.83, 20.36], [862.84, 3.85], [862.85, 3.75], [862.86, 0.03], [862.87, 0.31], [862.88, 14.47], [862.89, 26.94], [862.9, 10.78], [862.91, 13.26], [862.92, 29.09], [862.93, 12.62], [862.94, 10.69]], "timestamp": "2025-12-16T11:00:28.303987+00:00"}, {"symbol": "BNBUSDT", "bids": [[863.27, 43.55], [863.26, 0.04], [863.25, 2.38], [863.24, 20.44], [863.23, 1.82], [863.22, 6.48], [863.21, 31.58], [863.2, 13.88], [863.19, 7.43], [863.18, 2.12], [863.17, 12.12], [863.16, 7.99], [863.15, 4.8], [863.14, 4.54], [863.13, 7.43], [863.12, 11.43], [863.11, 1.2], [863.1, 11.36], [863.09, 1.62], [863.08, 18.02]], "asks": [[863.28, 2.08], [863.32, 0.01], [863.36, 0.4], [863.37, 6.86], [863.38, 7.19], [863.39, 0.01], [863.4, 1.77], [863.41, 0.31], [863.42, 8.23], [863.43, 2.2], [863.44, 0.03], [863.45, 1.56], [863.46, 3.44], [863.47, 7.45], [863.48, 7.49], [863.49, 30.89], [863.5, 5.36], [863.51, 25.26], [863.52, 8.75], [863.53, 20.38]], "timestamp": "2025-12-16T11:01:19.926321+00:00"}, {"symbol": "BNBUSDT", "bids": [[863.32, 3.85], [863.28, 0.28], [863.27, 0.04], [863.26, 0.25], [863.25, 0.04], [863.24, 3.8], [863.23, 8.86], [863.22, 13.95], [863.21, 0.02], [863.2, 2.2], [863.19, 8.74], [863.18, 0.04], [863.17, 3.7], [863.16, 2.11], [863.15, 8.49], [863.14, 0.02], [863.13, 0.03], [863.12, 5.39], [863.11, 1.04], [863.1, 9.8]], "asks": [[863.33, 52.93], [863.34, 14.99], [863.35, 13.69], [863.36, 20.95], [863.37, 10.02], [863.38, 43.85], [863.39, 4.16], [863.4, 13.94], [863.41, 0.03], [863.42, 2.15], [863.43, 0.03], [863.44, 1.7], [863.45, 5.33], [863.46, 3.48], [863.47, 17.64], [863.48, 8.39], [863.49, 0.01], [863.5, 38.68], [863.51, 11.71], [863.52, 14.51]], "timestamp": "2025-12-16T11:02:12.142966+00:00"}, {"symbol": "BNBUSDT", "bids": [[862.65, 2.68], [862.64, 1.26], [862.6, 5.07], [862.59, 30.55], [862.56, 7.07], [862.55, 2.27], [862.54, 4.16], [862.53, 24.28], [862.52, 8.01], [862.51, 0.14], [862.5, 2.29], [862.49, 0.56], [862.48, 0.03], [862.47, 0.27], [862.46, 4.3], [862.45, 7.1], [862.44, 35.13], [862.43, 18.11], [862.42, 0.44], [862.41, 8.06]], "asks": [[862.66, 45.08], [862.67, 12.93], [862.68, 7.92], [862.69, 14.66], [862.7, 0.01], [862.71, 9.07], [862.72, 11.43], [862.73, 48.46], [862.74, 2.21], [862.75, 2.8], [862.76, 42.82], [862.77, 8.82], [862.78, 15.24], [862.79, 3.31], [862.8, 0.49], [862.81, 0.17], [862.82, 0.3], [862.83, 3.91], [862.84, 29.95], [862.85, 2.34]], "timestamp": "2025-12-16T11:03:04.558900+00:00"}, {"symbol": "BNBUSDT", "bids": [[862.83, 1.6], [862.82, 0.04], [862.8, 0.02], [862.79, 5.11], [862.78, 13.44], [862.77, 12.26], [862.76, 6.46], [862.75, 13.01], [862.74, 8.52], [862.73, 10.59], [862.72, 15.9], [862.71, 32.88], [862.7, 0.85], [862.69, 2.39], [862.68, 14.24], [862.67, 3.24], [862.66, 13.78], [862.65, 7.24], [862.64, 4.78], [862.63, 11.41]], "asks": [[862.84, 38.55], [862.85, 6.29], [862.86, 9.69], [862.87, 14.18], [862.88, 14.84], [862.89, 12.99], [862.9, 13.2], [862.91, 13.94], [862.92, 21.21], [862.93, 12.07], [862.94, 0.25], [862.95, 0.66], [862.96, 0.13], [862.97, 4.74], [862.98, 11.35], [862.99, 14.6], [863.0, 0.5], [863.01, 11.55], [863.02, 13.39], [863.03, 0.76]], "timestamp": "2025-12-16T11:03:57.068853+00:00"}, {"symbol": "BNBUSDT", "bids": [[863.88, 70.71], [863.87, 4.55], [863.86, 18.53], [863.85, 10.55], [863.84, 3.41], [863.83, 10.57], [863.82, 6.78], [863.81, 0.01], [863.8, 6.32], [863.79, 18.0], [863.78, 6.07], [863.77, 4.05], [863.76, 30.3], [863.75, 21.97], [863.74, 13.85], [863.73, 6.51], [863.72, 24.08], [863.71, 27.19], [863.7, 8.01], [863.69, 9.55]], "asks": [[863.89, 1.25], [863.91, 0.01], [863.92, 0.51], [863.93, 2.18], [863.94, 0.01], [863.95, 1.13], [863.96, 0.02], [863.97, 0.03], [863.98, 2.32], [863.99, 0.06], [864.0, 1.21], [864.01, 2.26], [864.02, 11.08], [864.03, 16.22], [864.04, 0.33], [864.05, 7.32], [864.06, 20.98], [864.07, 10.22], [864.08, 7.31], [864.09, 21.47]], "timestamp": "2025-12-16T11:04:49.889393+00:00"}, {"symbol": "BNBUSDT", "bids": [[863.03, 22.4], [863.02, 0.01], [863.01, 0.79], [863.0, 0.11], [862.99, 0.58], [862.98, 0.01], [862.97, 0.34], [862.96, 1.2], [862.95, 0.2], [862.94, 2.33], [862.93, 2.71], [862.92, 0.03], [862.91, 0.01], [862.9, 0.06], [862.89, 11.09], [862.88, 0.22], [862.87, 0.58], [862.86, 31.18], [862.85, 7.16], [862.84, 2.19]], "asks": [[863.04, 22.77], [863.05, 15.37], [863.06, 0.01], [863.07, 7.28], [863.08, 11.15], [863.09, 7.16], [863.1, 13.47], [863.11, 0.46], [863.12, 7.24], [863.13, 27.43], [863.14, 16.5], [863.15, 0.27], [863.16, 0.19], [863.17, 7.89], [863.18, 0.04], [863.19, 33.39], [863.2, 11.1], [863.21, 2.26], [863.22, 0.01], [863.23, 0.02]], "timestamp": "2025-12-16T11:05:43.499526+00:00"}, {"symbol": "BNBUSDT", "bids": [[862.51, 45.26], [862.5, 0.01], [862.48, 0.01], [862.47, 2.21], [862.45, 8.02], [862.44, 36.46], [862.43, 15.99], [862.42, 7.92], [862.41, 11.55], [862.4, 10.62], [862.39, 7.96], [862.38, 8.19], [862.36, 13.89], [862.35, 18.52], [862.34, 0.03], [862.33, 0.38], [862.32, 1.39], [862.3, 3.41], [862.29, 0.27], [862.28, 10.12]], "asks": [[862.52, 9.88], [862.53, 0.02], [862.54, 0.02], [862.55, 0.02], [862.56, 0.01], [862.57, 0.06], [862.58, 2.33], [862.59, 40.55], [862.6, 3.58], [862.61, 0.27], [862.62, 33.76], [862.63, 2.31], [862.64, 0.03], [862.65, 5.0], [862.66, 19.95], [862.67, 18.43], [862.68, 17.58], [862.69, 54.96], [862.7, 15.53], [862.71, 0.01]], "timestamp": "2025-12-16T11:06:36.248417+00:00"}, {"symbol": "BNBUSDT", "bids": [[862.79, 20.71], [862.78, 2.01], [862.77, 4.34], [862.75, 0.01], [862.74, 2.13], [862.72, 2.7], [862.71, 8.03], [862.7, 0.36], [862.69, 8.74], [862.68, 3.49], [862.67, 0.46], [862.66, 16.16], [862.65, 7.73], [862.64, 5.19], [862.63, 12.54], [862.62, 17.43], [862.61, 6.54], [862.6, 19.09], [862.59, 8.97], [862.58, 16.54]], "asks": [[862.8, 16.82], [862.81, 0.52], [862.82, 0.02], [862.83, 0.01], [862.84, 0.01], [862.85, 10.1], [862.86, 2.96], [862.87, 19.85], [862.88, 0.33], [862.89, 10.14], [862.9, 24.95], [862.91, 6.12], [862.92, 12.01], [862.93, 4.5], [862.94, 22.25], [862.95, 0.11], [862.96, 7.67], [862.97, 27.14], [862.98, 19.2], [862.99, 6.22]], "timestamp": "2025-12-16T11:07:27.946114+00:00"}, {"symbol": "BNBUSDT", "bids": [[863.3, 29.0], [863.29, 0.22], [863.28, 8.56], [863.27, 1.0], [863.26, 0.31], [863.25, 10.15], [863.24, 16.34], [863.23, 17.25], [863.22, 10.2], [863.21, 4.23], [863.2, 1.46], [863.19, 0.05], [863.18, 2.48], [863.17, 9.74], [863.16, 0.1], [863.15, 0.98], [863.14, 1.36], [863.13, 13.04], [863.12, 7.03], [863.11, 12.55]], "asks": [[863.31, 12.63], [863.32, 0.08], [863.33, 0.03], [863.34, 0.01], [863.35, 0.02], [863.36, 0.02], [863.37, 2.42], [863.38, 1.49], [863.39, 12.02], [863.4, 19.48], [863.41, 0.65], [863.42, 4.51], [863.43, 13.69], [863.44, 2.41], [863.45, 1.18], [863.46, 5.58], [863.47, 6.63], [863.48, 17.13], [863.49, 0.06], [863.5, 7.08]], "timestamp": "2025-12-16T11:08:20.459470+00:00"}, {"symbol": "BNBUSDT", "bids": [[862.98, 37.42], [862.97, 1.01], [862.96, 0.27], [862.95, 0.14], [862.94, 0.03], [862.93, 2.14], [862.92, 4.14], [862.91, 1.74], [862.9, 2.27], [862.89, 8.27], [862.88, 22.38], [862.87, 7.97], [862.86, 0.52], [862.85, 11.98], [862.84, 13.73], [862.83, 5.75], [862.82, 2.15], [862.81, 9.88], [862.8, 10.06], [862.79, 10.03]], "asks": [[862.99, 11.2], [863.0, 0.06], [863.02, 0.04], [863.04, 0.01], [863.05, 8.03], [863.06, 1.35], [863.07, 13.72], [863.08, 21.64], [863.09, 7.76], [863.1, 1.33], [863.11, 6.01], [863.12, 5.88], [863.13, 13.49], [863.14, 9.01], [863.15, 22.25], [863.16, 0.29], [863.17, 0.3], [863.18, 0.84], [863.19, 0.02], [863.2, 3.47]], "timestamp": "2025-12-16T11:09:12.803279+00:00"}, {"symbol": "BNBUSDT", "bids": [[862.99, 39.5], [862.98, 18.16], [862.97, 4.55], [862.96, 0.09], [862.95, 2.36], [862.94, 2.18], [862.93, 0.36], [862.92, 13.53], [862.91, 13.19], [862.9, 2.54], [862.89, 16.99], [862.88, 6.52], [862.87, 5.65], [862.86, 6.29], [862.85, 9.03], [862.84, 9.89], [862.83, 31.32], [862.82, 2.15], [862.81, 11.96], [862.8, 5.64]], "asks": [[863.0, 4.35], [863.01, 0.04], [863.02, 0.1], [863.04, 0.01], [863.05, 6.86], [863.06, 6.91], [863.07, 8.56], [863.08, 14.24], [863.09, 24.72], [863.1, 14.49], [863.11, 0.9], [863.12, 5.81], [863.13, 0.01], [863.14, 0.02], [863.16, 3.2], [863.17, 2.12], [863.18, 0.08], [863.19, 13.93], [863.2, 4.06], [863.21, 2.89]], "timestamp": "2025-12-16T11:10:04.534986+00:00"}, {"symbol": "BNBUSDT", "bids": [[862.85, 25.72], [862.84, 2.89], [862.83, 4.43], [862.82, 0.02], [862.81, 6.95], [862.8, 7.2], [862.79, 0.66], [862.78, 0.08], [862.77, 0.09], [862.76, 9.0], [862.75, 2.46], [862.74, 0.26], [862.73, 0.5], [862.72, 14.07], [862.71, 13.95], [862.7, 2.1], [862.69, 13.46], [862.68, 20.71], [862.67, 0.03], [862.66, 2.01]], "asks": [[862.86, 10.25], [862.87, 0.03], [862.88, 0.01], [862.89, 0.01], [862.9, 0.27], [862.91, 1.02], [862.92, 3.73], [862.93, 1.8], [862.94, 8.03], [862.95, 13.97], [862.96, 1.34], [862.97, 2.5], [862.98, 7.93], [862.99, 0.04], [863.0, 6.96], [863.01, 14.81], [863.02, 1.62], [863.03, 12.8], [863.04, 8.1], [863.05, 7.23]], "timestamp": "2025-12-16T11:10:56.613201+00:00"}, {"symbol": "BNBUSDT", "bids": [[862.74, 18.32], [862.73, 0.57], [862.72, 0.01], [862.71, 0.46], [862.7, 1.92], [862.69, 7.41], [862.68, 8.25], [862.67, 3.57], [862.66, 0.17], [862.65, 0.1], [862.64, 3.18], [862.63, 1.8], [862.62, 7.07], [862.61, 2.5], [862.6, 3.96], [862.59, 6.82], [862.58, 2.77], [862.57, 7.48], [862.56, 8.87], [862.55, 6.33]], "asks": [[862.75, 48.48], [862.76, 10.22], [862.77, 0.57], [862.78, 5.77], [862.79, 0.46], [862.8, 1.24], [862.81, 2.51], [862.82, 0.01], [862.83, 0.62], [862.84, 18.4], [862.85, 20.72], [862.86, 7.32], [862.87, 1.15], [862.88, 28.73], [862.89, 8.1], [862.9, 0.02], [862.91, 33.5], [862.92, 7.18], [862.93, 0.02], [862.94, 7.66]], "timestamp": "2025-12-16T11:11:49.328759+00:00"}, {"symbol": "BNBUSDT", "bids": [[862.51, 25.63], [862.5, 1.0], [862.49, 1.04], [862.48, 0.01], [862.47, 0.58], [862.46, 0.87], [862.45, 2.44], [862.44, 1.38], [862.43, 0.02], [862.42, 4.05], [862.41, 6.88], [862.4, 9.92], [862.39, 0.04], [862.38, 0.06], [862.37, 5.88], [862.36, 11.02], [862.35, 2.52], [862.34, 2.38], [862.33, 8.01], [862.32, 0.04]], "asks": [[862.52, 22.56], [862.53, 0.02], [862.54, 0.43], [862.55, 13.29], [862.56, 0.06], [862.58, 22.2], [862.59, 14.82], [862.6, 15.33], [862.61, 0.44], [862.62, 1.88], [862.63, 3.84], [862.64, 18.07], [862.65, 12.51], [862.66, 6.06], [862.67, 7.25], [862.68, 10.93], [862.69, 14.22], [862.7, 14.49], [862.71, 32.46], [862.72, 8.78]], "timestamp": "2025-12-16T11:12:41.885419+00:00"}, {"symbol": "BNBUSDT", "bids": [[862.71, 33.53], [862.7, 0.21], [862.69, 4.2], [862.68, 0.01], [862.67, 3.3], [862.66, 9.66], [862.65, 2.08], [862.64, 22.33], [862.63, 11.76], [862.62, 26.05], [862.61, 7.85], [862.6, 3.61], [862.59, 3.0], [862.58, 14.03], [862.57, 1.3], [862.56, 3.64], [862.55, 7.28], [862.54, 0.01], [862.53, 0.31], [862.52, 2.36]], "asks": [[862.72, 4.96], [862.73, 0.03], [862.74, 0.01], [862.75, 18.11], [862.76, 0.03], [862.77, 11.69], [862.78, 0.8], [862.79, 0.88], [862.8, 35.01], [862.81, 1.28], [862.82, 0.85], [862.83, 0.67], [862.84, 7.85], [862.85, 3.12], [862.86, 2.18], [862.87, 0.03], [862.88, 22.29], [862.89, 2.4], [862.9, 0.01], [862.91, 33.4]], "timestamp": "2025-12-16T11:13:33.770935+00:00"}, {"symbol": "BNBUSDT", "bids": [[863.25, 20.89], [863.24, 1.75], [863.23, 0.31], [863.22, 15.77], [863.21, 0.09], [863.2, 0.02], [863.19, 9.83], [863.18, 11.35], [863.17, 16.38], [863.16, 23.36], [863.15, 4.79], [863.14, 1.07], [863.13, 0.5], [863.12, 0.22], [863.11, 6.55], [863.1, 6.64], [863.09, 17.33], [863.08, 1.52], [863.07, 1.79], [863.06, 2.37]], "asks": [[863.26, 14.55], [863.27, 1.79], [863.28, 4.2], [863.29, 5.93], [863.3, 1.01], [863.31, 2.32], [863.32, 2.84], [863.33, 14.74], [863.34, 7.7], [863.35, 11.89], [863.36, 25.71], [863.37, 5.39], [863.38, 14.11], [863.39, 0.41], [863.4, 44.8], [863.41, 15.69], [863.42, 2.38], [863.43, 34.03], [863.44, 19.23], [863.45, 31.31]], "timestamp": "2025-12-16T11:14:25.865668+00:00"}, {"symbol": "BNBUSDT", "bids": [[863.48, 108.15], [863.47, 46.6], [863.46, 38.48], [863.45, 32.67], [863.44, 42.29], [863.43, 20.39], [863.42, 32.84], [863.41, 20.73], [863.4, 24.06], [863.39, 22.27], [863.38, 0.35], [863.37, 0.04], [863.36, 4.33], [863.35, 2.46], [863.34, 14.11], [863.33, 6.02], [863.31, 3.5], [863.3, 0.59], [863.29, 2.77], [863.28, 0.03]], "asks": [[863.49, 1.03], [863.51, 0.32], [863.52, 0.03], [863.53, 1.39], [863.54, 0.57], [863.55, 0.73], [863.56, 4.34], [863.57, 1.63], [863.58, 0.03], [863.59, 0.04], [863.6, 3.52], [863.61, 1.0], [863.62, 2.46], [863.63, 2.37], [863.64, 9.71], [863.65, 14.01], [863.66, 0.02], [863.67, 16.26], [863.68, 0.04], [863.69, 13.65]], "timestamp": "2025-12-16T11:15:18.043112+00:00"}, {"symbol": "BNBUSDT", "bids": [[863.79, 10.99], [863.78, 0.22], [863.77, 0.03], [863.76, 0.02], [863.75, 0.02], [863.74, 2.02], [863.73, 0.53], [863.72, 3.0], [863.71, 4.19], [863.7, 4.58], [863.69, 9.59], [863.68, 0.93], [863.67, 0.01], [863.66, 4.4], [863.65, 12.58], [863.64, 2.61], [863.63, 1.03], [863.62, 0.03], [863.61, 3.71], [863.6, 0.59]], "asks": [[863.8, 40.86], [863.81, 4.65], [863.82, 4.76], [863.83, 40.5], [863.84, 6.67], [863.85, 4.73], [863.86, 20.34], [863.87, 65.39], [863.88, 0.03], [863.89, 20.8], [863.9, 26.66], [863.91, 13.4], [863.92, 4.7], [863.94, 0.21], [863.95, 10.03], [863.96, 0.43], [863.97, 8.92], [863.98, 5.44], [863.99, 9.64], [864.0, 11.53]], "timestamp": "2025-12-16T11:16:09.859542+00:00"}, {"symbol": "BNBUSDT", "bids": [[864.06, 48.22], [864.05, 15.76], [864.04, 12.2], [864.03, 8.14], [864.02, 7.78], [864.01, 7.93], [864.0, 13.83], [863.99, 4.9], [863.98, 1.31], [863.97, 6.51], [863.96, 3.22], [863.95, 3.57], [863.94, 2.83], [863.93, 8.1], [863.92, 13.04], [863.91, 0.31], [863.9, 4.58], [863.88, 0.03], [863.87, 0.02], [863.86, 3.1]], "asks": [[864.07, 7.08], [864.08, 0.02], [864.09, 0.01], [864.1, 5.22], [864.11, 0.71], [864.12, 0.91], [864.13, 1.39], [864.14, 3.34], [864.15, 0.06], [864.16, 0.27], [864.17, 14.04], [864.18, 4.42], [864.19, 0.06], [864.2, 12.02], [864.21, 2.4], [864.22, 6.01], [864.23, 10.7], [864.24, 18.95], [864.25, 19.47], [864.26, 0.82]], "timestamp": "2025-12-16T11:17:02.253147+00:00"}, {"symbol": "BNBUSDT", "bids": [[864.83, 11.71], [864.82, 0.26], [864.8, 0.02], [864.79, 0.02], [864.78, 0.02], [864.77, 0.01], [864.76, 1.84], [864.75, 0.07], [864.74, 0.06], [864.72, 4.22], [864.71, 2.5], [864.7, 5.45], [864.69, 0.19], [864.68, 6.23], [864.67, 7.59], [864.66, 7.03], [864.65, 0.04], [864.64, 6.26], [864.63, 4.9], [864.62, 10.03]], "asks": [[864.84, 49.47], [864.85, 4.3], [864.86, 11.02], [864.87, 43.24], [864.88, 1.07], [864.89, 3.11], [864.9, 5.23], [864.91, 13.28], [864.92, 0.24], [864.93, 5.43], [864.94, 12.62], [864.95, 23.14], [864.96, 8.73], [864.97, 19.02], [864.98, 26.31], [864.99, 4.55], [865.0, 6.55], [865.01, 27.5], [865.02, 10.66], [865.03, 22.01]], "timestamp": "2025-12-16T11:17:54.538644+00:00"}, {"symbol": "BNBUSDT", "bids": [[863.82, 16.32], [863.8, 0.01], [863.79, 0.02], [863.78, 0.03], [863.77, 0.02], [863.76, 0.02], [863.75, 3.73], [863.74, 0.02], [863.72, 4.4], [863.71, 8.3], [863.7, 1.46], [863.69, 0.05], [863.68, 5.31], [863.67, 24.49], [863.66, 10.48], [863.65, 3.35], [863.64, 5.96], [863.63, 8.28], [863.62, 4.89], [863.61, 15.24]], "asks": [[863.83, 40.08], [863.84, 7.13], [863.85, 24.48], [863.86, 33.79], [863.87, 24.13], [863.88, 30.5], [863.89, 20.97], [863.9, 0.24], [863.91, 15.07], [863.92, 18.85], [863.93, 16.99], [863.95, 11.65], [863.96, 13.44], [863.97, 6.36], [863.98, 8.5], [863.99, 0.55], [864.0, 9.43], [864.01, 0.04], [864.02, 5.41], [864.03, 14.52]], "timestamp": "2025-12-16T11:18:46.570695+00:00"}, {"symbol": "BNBUSDT", "bids": [[863.62, 1.14], [863.61, 0.31], [863.6, 0.02], [863.59, 0.03], [863.58, 0.04], [863.57, 0.07], [863.56, 2.24], [863.55, 0.2], [863.54, 8.02], [863.53, 0.06], [863.52, 5.62], [863.51, 4.73], [863.5, 7.02], [863.49, 0.05], [863.48, 8.73], [863.47, 0.03], [863.46, 2.52], [863.45, 0.55], [863.44, 8.09], [863.43, 20.16]], "asks": [[863.63, 76.93], [863.64, 3.62], [863.65, 18.11], [863.66, 0.16], [863.67, 1.0], [863.68, 14.49], [863.69, 16.85], [863.7, 19.42], [863.71, 12.93], [863.72, 14.78], [863.73, 8.88], [863.74, 24.96], [863.75, 12.54], [863.76, 0.06], [863.77, 4.24], [863.78, 1.45], [863.79, 2.91], [863.8, 9.4], [863.81, 6.27], [863.82, 2.5]], "timestamp": "2025-12-16T11:19:39.435922+00:00"}, {"symbol": "BNBUSDT", "bids": [[864.05, 20.21], [864.04, 0.03], [864.03, 0.27], [864.02, 1.2], [864.01, 3.03], [864.0, 0.25], [863.99, 18.89], [863.98, 12.24], [863.97, 4.94], [863.96, 27.07], [863.95, 13.77], [863.94, 8.07], [863.93, 7.99], [863.92, 12.96], [863.91, 8.16], [863.9, 3.24], [863.89, 20.77], [863.88, 2.69], [863.87, 7.27], [863.86, 0.02]], "asks": [[864.06, 31.95], [864.07, 0.02], [864.08, 2.18], [864.09, 0.25], [864.1, 0.43], [864.11, 2.38], [864.12, 0.02], [864.13, 25.91], [864.14, 4.46], [864.15, 4.41], [864.16, 29.68], [864.17, 0.82], [864.18, 2.41], [864.19, 7.44], [864.2, 38.9], [864.21, 4.42], [864.22, 2.36], [864.23, 27.84], [864.24, 35.77], [864.25, 0.39]], "timestamp": "2025-12-16T11:20:31.433091+00:00"}, {"symbol": "BNBUSDT", "bids": [[863.7, 24.65], [863.69, 6.05], [863.68, 4.55], [863.67, 0.1], [863.65, 3.47], [863.64, 3.27], [863.63, 2.44], [863.62, 10.18], [863.61, 6.71], [863.6, 3.25], [863.59, 7.97], [863.58, 0.04], [863.57, 10.55], [863.56, 8.48], [863.55, 6.55], [863.54, 15.0], [863.53, 9.57], [863.52, 7.07], [863.51, 29.15], [863.5, 4.48]], "asks": [[863.71, 10.65], [863.72, 0.04], [863.73, 0.01], [863.74, 4.26], [863.75, 0.07], [863.76, 8.02], [863.77, 3.7], [863.78, 11.91], [863.79, 2.71], [863.8, 15.09], [863.81, 4.43], [863.82, 0.56], [863.83, 24.4], [863.84, 0.28], [863.85, 5.05], [863.86, 7.86], [863.87, 0.19], [863.88, 9.72], [863.89, 0.05], [863.9, 21.15]], "timestamp": "2025-12-16T11:21:23.160029+00:00"}, {"symbol": "BNBUSDT", "bids": [[863.68, 2.47], [863.64, 1.18], [863.63, 7.84], [863.62, 1.19], [863.61, 0.02], [863.6, 4.02], [863.59, 11.83], [863.58, 7.68], [863.57, 4.4], [863.56, 3.49], [863.55, 8.43], [863.54, 3.98], [863.53, 0.97], [863.52, 11.09], [863.51, 5.34], [863.5, 4.62], [863.49, 15.65], [863.47, 0.2], [863.46, 14.37], [863.45, 0.69]], "asks": [[863.69, 34.32], [863.7, 9.36], [863.71, 20.99], [863.72, 0.17], [863.73, 0.03], [863.74, 2.15], [863.75, 2.55], [863.76, 34.65], [863.77, 5.2], [863.78, 7.03], [863.79, 40.03], [863.8, 6.83], [863.81, 10.84], [863.82, 6.32], [863.83, 12.92], [863.84, 17.58], [863.85, 23.4], [863.86, 11.78], [863.87, 9.0], [863.88, 18.81]], "timestamp": "2025-12-16T11:22:16.086477+00:00"}, {"symbol": "BNBUSDT", "bids": [[863.97, 6.54], [863.96, 1.63], [863.95, 0.01], [863.94, 0.14], [863.93, 0.28], [863.92, 2.89], [863.91, 5.49], [863.9, 4.83], [863.89, 8.37], [863.88, 1.98], [863.87, 0.46], [863.86, 0.26], [863.85, 6.19], [863.84, 2.11], [863.83, 2.98], [863.82, 1.18], [863.81, 7.94], [863.8, 10.3], [863.79, 8.37], [863.78, 7.62]], "asks": [[863.98, 39.36], [863.99, 0.17], [864.0, 0.19], [864.01, 5.67], [864.02, 6.88], [864.03, 22.52], [864.04, 9.3], [864.05, 0.42], [864.06, 0.46], [864.07, 19.15], [864.08, 14.79], [864.09, 3.52], [864.1, 3.96], [864.11, 4.14], [864.12, 5.94], [864.13, 18.86], [864.14, 11.12], [864.15, 0.63], [864.16, 13.11], [864.17, 5.82]], "timestamp": "2025-12-16T11:23:08.983288+00:00"}