[{"id": "787646365", "price": 874.52, "amount": 0.06, "side": "sell", "timestamp": 1765928573099}, {"id": "787646366", "price": 874.52, "amount": 0.91, "side": "sell", "timestamp": 1765928574048}, {"id": "787646367", "price": 874.52, "amount": 0.06, "side": "sell", "timestamp": 1765928574150}, {"id": "787646368", "price": 874.52, "amount": 0.11, "side": "sell", "timestamp": 1765928575072}, {"id": "787646369", "price": 874.52, "amount": 0.06, "side": "sell", "timestamp": 1765928575188}, {"id": "787646370", "price": 874.52, "amount": 0.06, "side": "sell", "timestamp": 1765928576232}, {"id": "787646371", "price": 874.52, "amount": 0.06, "side": "sell", "timestamp": 1765928577105}, {"id": "787646372", "price": 874.53, "amount": 0.06, "side": "buy", "timestamp": 1765928577252}, {"id": "787646373", "price": 874.53, "amount": 0.01, "side": "buy", "timestamp": 1765928577932}, {"id": "787646374", "price": 874.52, "amount": 0.17, "side": "sell", "timestamp": 1765928578104}, {"id": "787646375", "price": 874.52, "amount": 0.06, "side": "sell", "timestamp": 1765928579216}, {"id": "787646376", "price": 874.53, "amount": 0.01, "side": "buy", "timestamp": 1765928579483}, {"id": "787646377", "price": 874.52, "amount": 0.91, "side": "sell", "timestamp": 1765928580041}, {"id": "787646378", "price": 874.52, "amount": 23.68, "side": "sell", "timestamp": 1765928580576}, {"id": "787646379", "price": 874.51, "amount": 1.17, "side": "sell", "timestamp": 1765928580620}, {"id": "787646380", "price": 874.5, "amount": 7.69, "side": "sell", "timestamp": 1765928580620}, {"id": "787646381", "price": 874.48, "amount": 0.03, "side": "sell", "timestamp": 1765928580624}, {"id": "787646382", "price": 874.47, "amount": 0.02, "side": "sell", "timestamp": 1765928580624}, {"id": "787646383", "price": 874.46, "amount": 0.01, "side": "sell", "timestamp": 1765928580624}, {"id": "787646384", "price": 874.46, "amount": 0.02, "side": "buy", "timestamp": 1765928580629}, {"id": "787646385", "price": 874.45, "amount": 0.55, "side": "sell", "timestamp": 1765928580638}, {"id": "787646386", "price": 874.45, "amount": 7.96, "side": "sell", "timestamp": 1765928580876}, {"id": "787646387", "price": 874.46, "amount": 0.04, "side": "buy", "timestamp": 1765928580985}, {"id": "787646388", "price": 874.45, "amount": 0.23, "side": "sell", "timestamp": 1765928581127}, {"id": "787646389", "price": 874.46, "amount": 0.72, "side": "buy", "timestamp": 1765928581227}, {"id": "787646390", "price": 874.45, "amount": 0.05, "side": "sell", "timestamp": 1765928581889}, {"id": "787646391", "price": 874.45, "amount": 0.11, "side": "sell", "timestamp": 1765928582011}, {"id": "787646392", "price": 874.45, "amount": 0.28, "side": "sell", "timestamp": 1765928582115}, {"id": "787646393", "price": 874.44, "amount": 0.85, "side": "sell", "timestamp": 1765928582138}, {"id": "787646394", "price": 874.41, "amount": 0.02, "side": "sell", "timestamp": 1765928582669}, {"id": "787646395", "price": 874.41, "amount": 0.13, "side": "sell", "timestamp": 1765928583158}, {"id": "787646396", "price": 874.41, "amount": 0.02, "side": "sell", "timestamp": 1765928583462}, {"id": "787646397", "price": 874.42, "amount": 0.16, "side": "buy", "timestamp": 1765928583545}, {"id": "787646398", "price": 874.41, "amount": 0.13, "side": "sell", "timestamp": 1765928584018}, {"id": "787646399", "price": 874.41, "amount": 0.11, "side": "sell", "timestamp": 1765928584159}, {"id": "787646400", "price": 874.42, "amount": 0.02, "side": "buy", "timestamp": 1765928584485}, {"id": "787646401", "price": 874.42, "amount": 0.02, "side": "buy", "timestamp": 1765928584714}, {"id": "787646402", "price": 874.42, "amount": 0.01, "side": "buy", "timestamp": 1765928584927}, {"id": "787646403", "price": 874.42, "amount": 0.6, "side": "buy", "timestamp": 1765928585042}, {"id": "787646404", "price": 874.41, "amount": 0.19, "side": "sell", "timestamp": 1765928585061}, {"id": "787646405", "price": 874.42, "amount": 0.04, "side": "buy", "timestamp": 1765928585212}, {"id": "787646406", "price": 874.42, "amount": 0.04, "side": "buy", "timestamp": 1765928585501}, {"id": "787646407", "price": 874.41, "amount": 0.06, "side": "sell", "timestamp": 1765928586127}, {"id": "787646408", "price": 874.41, "amount": 0.18, "side": "sell", "timestamp": 1765928587176}, {"id": "787646409", "price": 874.41, "amount": 0.02, "side": "sell", "timestamp": 1765928587748}, {"id": "787646410", "price": 874.41, "amount": 0.06, "side": "sell", "timestamp": 1765928588009}, {"id": "787646411", "price": 874.42, "amount": 0.01, "side": "buy", "timestamp": 1765928588613}, {"id": "787646412", "price": 874.41, "amount": 0.4, "side": "sell", "timestamp": 1765928588895}, {"id": "787646413", "price": 874.42, "amount": 0.69, "side": "buy", "timestamp": 1765928588902}, {"id": "787646414", "price": 874.41, "amount": 0.06, "side": "sell", "timestamp": 1765928589049}, {"id": "787646498", "price": 874.61, "amount": 1.19, "side": "buy", "timestamp": 1765928617586}, {"id": "787646499", "price": 874.62, "amount": 0.14, "side": "buy", "timestamp": 1765928617589}, {"id": "787646500", "price": 874.61, "amount": 0.05, "side": "sell", "timestamp": 1765928617812}, {"id": "787646501", "price": 874.61, "amount": 0.11, "side": "sell", "timestamp": 1765928618072}, {"id": "787646502", "price": 874.62, "amount": 0.01, "side": "buy", "timestamp": 1765928618413}, {"id": "787646503", "price": 874.61, "amount": 0.06, "side": "sell", "timestamp": 1765928619012}, {"id": "787646504", "price": 874.62, "amount": 0.04, "side": "buy", "timestamp": 1765928619352}, {"id": "787646505", "price": 874.62, "amount": 3.59, "side": "buy", "timestamp": 1765928620082}, {"id": "787646506", "price": 874.61, "amount": 0.17, "side": "sell", "timestamp": 1765928620087}, {"id": "787646507", "price": 874.62, "amount": 0.01, "side": "buy", "timestamp": 1765928620112}, {"id": "787646508", "price": 874.61, "amount": 0.06, "side": "sell", "timestamp": 1765928621186}, {"id": "787646509", "price": 874.61, "amount": 0.06, "side": "sell", "timestamp": 1765928622091}, {"id": "787646510", "price": 874.62, "amount": 0.37, "side": "buy", "timestamp": 1765928623026}, {"id": "787646511", "price": 874.61, "amount": 0.11, "side": "sell", "timestamp": 1765928623129}, {"id": "787646512", "price": 874.61, "amount": 0.06, "side": "sell", "timestamp": 1765928623233}, {"id": "787646513", "price": 874.61, "amount": 0.63, "side": "sell", "timestamp": 1765928624083}, {"id": "787646514", "price": 874.61, "amount": 0.06, "side": "sell", "timestamp": 1765928625122}, {"id": "787646515", "price": 874.62, "amount": 2.26, "side": "buy", "timestamp": 1765928625351}, {"id": "787646516", "price": 874.63, "amount": 0.17, "side": "sell", "timestamp": 1765928626176}, {"id": "787646517", "price": 874.64, "amount": 0.01, "side": "buy", "timestamp": 1765928626854}, {"id": "787646518", "price": 874.63, "amount": 1.62, "side": "sell", "timestamp": 1765928627126}, {"id": "787646519", "price": 874.62, "amount": 0.02, "side": "sell", "timestamp": 1765928627130}, {"id": "787646520", "price": 874.62, "amount": 0.05, "side": "buy", "timestamp": 1765928627137}, {"id": "787646521", "price": 874.61, "amount": 0.01, "side": "sell", "timestamp": 1765928627683}, {"id": "787646522", "price": 874.61, "amount": 0.06, "side": "sell", "timestamp": 1765928628090}, {"id": "787646523", "price": 874.61, "amount": 0.27, "side": "sell", "timestamp": 1765928628967}, {"id": "787646524", "price": 874.61, "amount": 0.06, "side": "sell", "timestamp": 1765928629145}, {"id": "787646525", "price": 874.62, "amount": 0.42, "side": "buy", "timestamp": 1765928629409}, {"id": "787646526", "price": 874.61, "amount": 0.06, "side": "sell", "timestamp": 1765928630183}, {"id": "787646527", "price": 874.61, "amount": 0.06, "side": "sell", "timestamp": 1765928631023}, {"id": "787646528", "price": 874.61, "amount": 0.17, "side": "sell", "timestamp": 1765928632060}, {"id": "787646529", "price": 874.61, "amount": 0.86, "side": "sell", "timestamp": 1765928633111}, {"id": "787646530", "price": 874.62, "amount": 3.27, "side": "buy", "timestamp": 1765928633854}, {"id": "787646531", "price": 874.61, "amount": 0.06, "side": "sell", "timestamp": 1765928634181}, {"id": "787646532", "price": 874.62, "amount": 0.01, "side": "buy", "timestamp": 1765928634849}, {"id": "787646533", "price": 874.61, "amount": 0.04, "side": "sell", "timestamp": 1765928634889}, {"id": "787646534", "price": 874.61, "amount": 0.17, "side": "sell", "timestamp": 1765928635041}, {"id": "787646535", "price": 874.61, "amount": 0.06, "side": "sell", "timestamp": 1765928636065}, {"id": "787646536", "price": 874.61, "amount": 0.01, "side": "sell", "timestamp": 1765928636179}, {"id": "787646537", "price": 874.62, "amount": 0.01, "side": "buy", "timestamp": 1765928636332}, {"id": "787646538", "price": 874.61, "amount": 0.06, "side": "sell", "timestamp": 1765928637150}, {"id": "787646539", "price": 874.61, "amount": 10.24, "side": "sell", "timestamp": 1765928637273}, {"id": "787646540", "price": 874.62, "amount": 2.01, "side": "buy", "timestamp": 1765928637813}, {"id": "787646541", "price": 874.61, "amount": 0.14, "side": "sell", "timestamp": 1765928638037}, {"id": "787646542", "price": 874.6, "amount": 0.11, "side": "sell", "timestamp": 1765928638119}, {"id": "787646543", "price": 874.6, "amount": 0.06, "side": "sell", "timestamp": 1765928639108}, {"id": "787646544", "price": 874.6, "amount": 0.06, "side": "sell", "timestamp": 1765928640153}, {"id": "787646545", "price": 874.6, "amount": 1.44, "side": "sell", "timestamp": 1765928640317}, {"id": "787646546", "price": 874.6, "amount": 0.17, "side": "sell", "timestamp": 1765928641137}, {"id": "787646547", "price": 874.6, "amount": 0.03, "side": "sell", "timestamp": 1765928641522}, {"id": "787646612", "price": 874.6, "amount": 0.02, "side": "sell", "timestamp": 1765928674409}, {"id": "787646613", "price": 874.61, "amount": 0.01, "side": "buy", "timestamp": 1765928674954}, {"id": "787646614", "price": 874.6, "amount": 0.15, "side": "sell", "timestamp": 1765928675016}, {"id": "787646615", "price": 874.61, "amount": 0.02, "side": "buy", "timestamp": 1765928675070}, {"id": "787646616", "price": 874.6, "amount": 0.06, "side": "sell", "timestamp": 1765928676120}, {"id": "787646617", "price": 874.6, "amount": 0.16, "side": "sell", "timestamp": 1765928677039}, {"id": "787646618", "price": 874.6, "amount": 0.06, "side": "sell", "timestamp": 1765928677181}, {"id": "787646619", "price": 874.6, "amount": 0.11, "side": "sell", "timestamp": 1765928678069}, {"id": "787646620", "price": 874.6, "amount": 0.06, "side": "sell", "timestamp": 1765928678205}, {"id": "787646621", "price": 874.6, "amount": 0.06, "side": "sell", "timestamp": 1765928679059}, {"id": "787646622", "price": 874.6, "amount": 0.07, "side": "sell", "timestamp": 1765928679702}, {"id": "787646623", "price": 874.61, "amount": 0.02, "side": "buy", "timestamp": 1765928679828}, {"id": "787646624", "price": 874.61, "amount": 0.01, "side": "buy", "timestamp": 1765928679970}, {"id": "787646625", "price": 874.6, "amount": 0.11, "side": "sell", "timestamp": 1765928680070}, {"id": "787646626", "price": 874.6, "amount": 0.06, "side": "sell", "timestamp": 1765928680184}, {"id": "787646627", "price": 874.6, "amount": 0.06, "side": "sell", "timestamp": 1765928681043}, {"id": "787646628", "price": 874.6, "amount": 0.11, "side": "sell", "timestamp": 1765928681756}, {"id": "787646629", "price": 874.6, "amount": 0.06, "side": "sell", "timestamp": 1765928682113}, {"id": "787646630", "price": 874.6, "amount": 0.45, "side": "sell", "timestamp": 1765928682767}, {"id": "787646631", "price": 874.6, "amount": 0.17, "side": "sell", "timestamp": 1765928683093}, {"id": "787646632", "price": 874.6, "amount": 0.06, "side": "sell", "timestamp": 1765928684052}, {"id": "787646633", "price": 874.6, "amount": 0.02, "side": "sell", "timestamp": 1765928684998}, {"id": "787646634", "price": 874.61, "amount": 0.02, "side": "buy", "timestamp": 1765928685032}, {"id": "787646635", "price": 874.6, "amount": 0.06, "side": "sell", "timestamp": 1765928685160}, {"id": "787646636", "price": 874.6, "amount": 0.01, "side": "sell", "timestamp": 1765928685609}, {"id": "787646637", "price": 874.6, "amount": 0.17, "side": "sell", "timestamp": 1765928686138}, {"id": "787646638", "price": 874.61, "amount": 0.02, "side": "buy", "timestamp": 1765928687053}, {"id": "787646639", "price": 874.6, "amount": 0.06, "side": "sell", "timestamp": 1765928687188}, {"id": "787646640", "price": 874.6, "amount": 0.39, "side": "sell", "timestamp": 1765928688039}, {"id": "787646641", "price": 874.61, "amount": 0.02, "side": "buy", "timestamp": 1765928688640}, {"id": "787646642", "price": 874.61, "amount": 0.01, "side": "buy", "timestamp": 1765928688839}, {"id": "787646643", "price": 874.61, "amount": 6.51, "side": "buy", "timestamp": 1765928689040}, {"id": "787646644", "price": 874.62, "amount": 1.99, "side": "buy", "timestamp": 1765928689044}, {"id": "787646645", "price": 874.63, "amount": 0.09, "side": "buy", "timestamp": 1765928689046}, {"id": "787646646", "price": 874.64, "amount": 3.62, "side": "buy", "timestamp": 1765928689046}, {"id": "787646647", "price": 874.63, "amount": 0.17, "side": "sell", "timestamp": 1765928689121}, {"id": "787646648", "price": 874.64, "amount": 0.02, "side": "buy", "timestamp": 1765928689255}, {"id": "787646649", "price": 874.64, "amount": 0.03, "side": "buy", "timestamp": 1765928689754}, {"id": "787646650", "price": 874.63, "amount": 0.06, "side": "sell", "timestamp": 1765928690080}, {"id": "787646651", "price": 874.63, "amount": 0.02, "side": "sell", "timestamp": 1765928690345}, {"id": "787646652", "price": 874.64, "amount": 0.08, "side": "buy", "timestamp": 1765928690466}, {"id": "787646653", "price": 874.63, "amount": 0.02, "side": "sell", "timestamp": 1765928690907}, {"id": "787646654", "price": 874.64, "amount": 0.85, "side": "buy", "timestamp": 1765928691073}, {"id": "787646655", "price": 874.63, "amount": 0.06, "side": "sell", "timestamp": 1765928691098}, {"id": "787646656", "price": 874.64, "amount": 0.02, "side": "buy", "timestamp": 1765928691235}, {"id": "787646657", "price": 874.63, "amount": 0.17, "side": "sell", "timestamp": 1765928692056}, {"id": "787646658", "price": 874.63, "amount": 0.06, "side": "sell", "timestamp": 1765928693182}, {"id": "787646659", "price": 874.64, "amount": 0.04, "side": "buy", "timestamp": 1765928693497}, {"id": "787646660", "price": 874.63, "amount": 0.06, "side": "sell", "timestamp": 1765928694209}, {"id": "787646661", "price": 874.64, "amount": 0.51, "side": "buy", "timestamp": 1765928694251}, {"id": "787646772", "price": 874.93, "amount": 0.02, "side": "buy", "timestamp": 1765928739379}, {"id": "787646773", "price": 874.95, "amount": 0.15, "side": "buy", "timestamp": 1765928739402}, {"id": "787646774", "price": 874.96, "amount": 0.18, "side": "buy", "timestamp": 1765928739408}, {"id": "787646775", "price": 874.98, "amount": 2.95, "side": "buy", "timestamp": 1765928739408}, {"id": "787646776", "price": 874.98, "amount": 0.06, "side": "sell", "timestamp": 1765928740021}, {"id": "787646777", "price": 874.99, "amount": 2.56, "side": "buy", "timestamp": 1765928740952}, {"id": "787646778", "price": 875.0, "amount": 16.11, "side": "buy", "timestamp": 1765928740952}, {"id": "787646779", "price": 875.01, "amount": 1.75, "side": "buy", "timestamp": 1765928740952}, {"id": "787646780", "price": 875.02, "amount": 5.21, "side": "buy", "timestamp": 1765928740952}, {"id": "787646781", "price": 875.03, "amount": 0.03, "side": "buy", "timestamp": 1765928740952}, {"id": "787646782", "price": 875.04, "amount": 2.06, "side": "buy", "timestamp": 1765928740952}, {"id": "787646783", "price": 875.05, "amount": 0.01, "side": "buy", "timestamp": 1765928740952}, {"id": "787646784", "price": 875.06, "amount": 0.02, "side": "buy", "timestamp": 1765928740952}, {"id": "787646785", "price": 875.07, "amount": 1.36, "side": "buy", "timestamp": 1765928740952}, {"id": "787646786", "price": 875.08, "amount": 0.01, "side": "buy", "timestamp": 1765928740952}, {"id": "787646787", "price": 875.09, "amount": 1.02, "side": "buy", "timestamp": 1765928740952}, {"id": "787646788", "price": 875.1, "amount": 2.27, "side": "buy", "timestamp": 1765928740952}, {"id": "787646789", "price": 875.11, "amount": 2.29, "side": "buy", "timestamp": 1765928740952}, {"id": "787646790", "price": 875.12, "amount": 3.2, "side": "buy", "timestamp": 1765928740952}, {"id": "787646791", "price": 875.13, "amount": 2.27, "side": "buy", "timestamp": 1765928740952}, {"id": "787646792", "price": 875.14, "amount": 0.13, "side": "buy", "timestamp": 1765928740952}, {"id": "787646793", "price": 875.15, "amount": 0.07, "side": "buy", "timestamp": 1765928740952}, {"id": "787646794", "price": 875.16, "amount": 9.63, "side": "buy", "timestamp": 1765928740952}, {"id": "787646795", "price": 875.15, "amount": 14.37, "side": "sell", "timestamp": 1765928740957}, {"id": "787646796", "price": 875.14, "amount": 0.16, "side": "sell", "timestamp": 1765928740959}, {"id": "787646797", "price": 875.15, "amount": 0.02, "side": "buy", "timestamp": 1765928740959}, {"id": "787646798", "price": 875.13, "amount": 0.17, "side": "sell", "timestamp": 1765928740960}, {"id": "787646799", "price": 875.12, "amount": 1.28, "side": "sell", "timestamp": 1765928740966}, {"id": "787646800", "price": 875.05, "amount": 0.28, "side": "buy", "timestamp": 1765928741015}, {"id": "787646801", "price": 875.04, "amount": 0.17, "side": "sell", "timestamp": 1765928741016}, {"id": "787646802", "price": 875.04, "amount": 6.51, "side": "sell", "timestamp": 1765928741428}, {"id": "787646803", "price": 875.02, "amount": 0.05, "side": "sell", "timestamp": 1765928741431}, {"id": "787646804", "price": 875.03, "amount": 0.01, "side": "buy", "timestamp": 1765928741730}, {"id": "787646805", "price": 875.02, "amount": 0.12, "side": "sell", "timestamp": 1765928741920}, {"id": "787646806", "price": 875.02, "amount": 0.06, "side": "sell", "timestamp": 1765928742201}, {"id": "787646807", "price": 875.03, "amount": 0.01, "side": "buy", "timestamp": 1765928742871}, {"id": "787646808", "price": 875.02, "amount": 4.55, "side": "sell", "timestamp": 1765928743035}, {"id": "787646809", "price": 875.03, "amount": 1.44, "side": "buy", "timestamp": 1765928743035}, {"id": "787646810", "price": 875.02, "amount": 0.06, "side": "sell", "timestamp": 1765928743079}, {"id": "787646811", "price": 875.02, "amount": 0.17, "side": "sell", "timestamp": 1765928744136}, {"id": "787646812", "price": 875.03, "amount": 0.03, "side": "buy", "timestamp": 1765928744323}, {"id": "787646813", "price": 875.02, "amount": 0.06, "side": "sell", "timestamp": 1765928745055}, {"id": "787646814", "price": 875.03, "amount": 0.05, "side": "buy", "timestamp": 1765928746112}, {"id": "787646815", "price": 875.02, "amount": 0.06, "side": "sell", "timestamp": 1765928746185}, {"id": "787646816", "price": 875.03, "amount": 0.02, "side": "buy", "timestamp": 1765928746394}, {"id": "787646817", "price": 875.03, "amount": 0.38, "side": "buy", "timestamp": 1765928746600}, {"id": "787646818", "price": 875.03, "amount": 6.0, "side": "buy", "timestamp": 1765928746729}, {"id": "787646819", "price": 875.02, "amount": 0.06, "side": "sell", "timestamp": 1765928747083}, {"id": "787646820", "price": 875.03, "amount": 0.01, "side": "buy", "timestamp": 1765928747115}, {"id": "787646821", "price": 875.02, "amount": 0.11, "side": "sell", "timestamp": 1765928747176}, {"id": "787646963", "price": 874.84, "amount": 0.01, "side": "sell", "timestamp": 1765928788332}, {"id": "787646964", "price": 874.84, "amount": 0.85, "side": "sell", "timestamp": 1765928788622}, {"id": "787646965", "price": 874.83, "amount": 0.01, "side": "sell", "timestamp": 1765928788622}, {"id": "787646966", "price": 874.82, "amount": 0.02, "side": "sell", "timestamp": 1765928788622}, {"id": "787646967", "price": 874.81, "amount": 0.06, "side": "sell", "timestamp": 1765928789054}, {"id": "787646968", "price": 874.81, "amount": 0.12, "side": "sell", "timestamp": 1765928789176}, {"id": "787646969", "price": 874.81, "amount": 0.01, "side": "sell", "timestamp": 1765928789291}, {"id": "787646970", "price": 874.81, "amount": 0.02, "side": "sell", "timestamp": 1765928789710}, {"id": "787646971", "price": 874.82, "amount": 0.02, "side": "buy", "timestamp": 1765928789810}, {"id": "787646972", "price": 874.81, "amount": 0.14, "side": "sell", "timestamp": 1765928790107}, {"id": "787646973", "price": 874.81, "amount": 1.46, "side": "sell", "timestamp": 1765928790227}, {"id": "787646974", "price": 874.8, "amount": 0.18, "side": "sell", "timestamp": 1765928790227}, {"id": "787646975", "price": 874.78, "amount": 2.34, "side": "sell", "timestamp": 1765928790236}, {"id": "787646976", "price": 874.77, "amount": 0.03, "side": "sell", "timestamp": 1765928790240}, {"id": "787646977", "price": 874.76, "amount": 0.03, "side": "sell", "timestamp": 1765928790240}, {"id": "787646978", "price": 874.75, "amount": 0.99, "side": "sell", "timestamp": 1765928790240}, {"id": "787646979", "price": 874.75, "amount": 0.01, "side": "sell", "timestamp": 1765928790371}, {"id": "787646980", "price": 874.75, "amount": 3.02, "side": "sell", "timestamp": 1765928790549}, {"id": "787646981", "price": 874.75, "amount": 1.3, "side": "buy", "timestamp": 1765928790597}, {"id": "787646982", "price": 874.74, "amount": 0.06, "side": "sell", "timestamp": 1765928791038}, {"id": "787646983", "price": 874.74, "amount": 2.06, "side": "sell", "timestamp": 1765928791212}, {"id": "787646984", "price": 874.74, "amount": 0.02, "side": "buy", "timestamp": 1765928791596}, {"id": "787646985", "price": 874.73, "amount": 1.83, "side": "sell", "timestamp": 1765928791682}, {"id": "787646986", "price": 874.72, "amount": 0.06, "side": "sell", "timestamp": 1765928791682}, {"id": "787646987", "price": 874.71, "amount": 0.04, "side": "sell", "timestamp": 1765928791694}, {"id": "787646988", "price": 874.7, "amount": 0.02, "side": "sell", "timestamp": 1765928791699}, {"id": "787646989", "price": 874.68, "amount": 0.49, "side": "sell", "timestamp": 1765928791710}, {"id": "787646990", "price": 874.67, "amount": 0.17, "side": "sell", "timestamp": 1765928792004}, {"id": "787646991", "price": 874.67, "amount": 0.06, "side": "sell", "timestamp": 1765928793137}, {"id": "787646992", "price": 874.67, "amount": 0.01, "side": "sell", "timestamp": 1765928793336}, {"id": "787646993", "price": 874.68, "amount": 0.04, "side": "buy", "timestamp": 1765928793869}, {"id": "787646994", "price": 874.67, "amount": 0.4, "side": "sell", "timestamp": 1765928793956}, {"id": "787646995", "price": 874.67, "amount": 0.01, "side": "sell", "timestamp": 1765928794210}, {"id": "787646996", "price": 874.67, "amount": 0.01, "side": "sell", "timestamp": 1765928794362}, {"id": "787646997", "price": 874.67, "amount": 0.17, "side": "sell", "timestamp": 1765928795029}, {"id": "787646998", "price": 874.67, "amount": 0.91, "side": "sell", "timestamp": 1765928795167}, {"id": "787646999", "price": 874.67, "amount": 0.01, "side": "sell", "timestamp": 1765928795383}, {"id": "787647000", "price": 874.67, "amount": 0.06, "side": "sell", "timestamp": 1765928796157}, {"id": "787647001", "price": 874.68, "amount": 0.01, "side": "buy", "timestamp": 1765928796514}, {"id": "787647002", "price": 874.68, "amount": 0.01, "side": "buy", "timestamp": 1765928796772}, {"id": "787647003", "price": 874.67, "amount": 0.04, "side": "sell", "timestamp": 1765928796884}, {"id": "787647004", "price": 874.68, "amount": 0.03, "side": "buy", "timestamp": 1765928797025}, {"id": "787647005", "price": 874.67, "amount": 0.18, "side": "sell", "timestamp": 1765928797179}, {"id": "787647006", "price": 874.67, "amount": 0.17, "side": "sell", "timestamp": 1765928798013}, {"id": "787647007", "price": 874.67, "amount": 0.01, "side": "sell", "timestamp": 1765928798337}, {"id": "787647008", "price": 874.67, "amount": 0.01, "side": "sell", "timestamp": 1765928798841}, {"id": "787647009", "price": 874.67, "amount": 0.12, "side": "sell", "timestamp": 1765928799044}, {"id": "787647010", "price": 874.67, "amount": 0.05, "side": "sell", "timestamp": 1765928799170}, {"id": "787647011", "price": 874.67, "amount": 0.03, "side": "sell", "timestamp": 1765928799617}, {"id": "787647012", "price": 874.67, "amount": 0.13, "side": "sell", "timestamp": 1765928800068}, {"id": "787647162", "price": 874.89, "amount": 0.01, "side": "buy", "timestamp": 1765928836266}, {"id": "787647163", "price": 874.89, "amount": 0.17, "side": "sell", "timestamp": 1765928837104}, {"id": "787647164", "price": 874.9, "amount": 0.15, "side": "buy", "timestamp": 1765928837291}, {"id": "787647165", "price": 874.89, "amount": 0.05, "side": "sell", "timestamp": 1765928837576}, {"id": "787647166", "price": 874.89, "amount": 0.06, "side": "sell", "timestamp": 1765928838168}, {"id": "787647167", "price": 874.9, "amount": 7.97, "side": "buy", "timestamp": 1765928838384}, {"id": "787647168", "price": 874.92, "amount": 0.02, "side": "buy", "timestamp": 1765928838436}, {"id": "787647169", "price": 874.94, "amount": 0.3, "side": "buy", "timestamp": 1765928838568}, {"id": "787647170", "price": 874.93, "amount": 0.06, "side": "sell", "timestamp": 1765928839004}, {"id": "787647171", "price": 874.94, "amount": 0.66, "side": "buy", "timestamp": 1765928839040}, {"id": "787647172", "price": 874.95, "amount": 0.17, "side": "buy", "timestamp": 1765928839041}, {"id": "787647173", "price": 874.96, "amount": 0.1, "side": "buy", "timestamp": 1765928839041}, {"id": "787647174", "price": 874.96, "amount": 0.01, "side": "buy", "timestamp": 1765928839988}, {"id": "787647175", "price": 874.95, "amount": 0.17, "side": "sell", "timestamp": 1765928840064}, {"id": "787647176", "price": 874.96, "amount": 0.04, "side": "buy", "timestamp": 1765928840720}, {"id": "787647177", "price": 874.95, "amount": 0.06, "side": "sell", "timestamp": 1765928841103}, {"id": "787647178", "price": 874.95, "amount": 0.03, "side": "sell", "timestamp": 1765928841421}, {"id": "787647179", "price": 874.95, "amount": 0.06, "side": "sell", "timestamp": 1765928842118}, {"id": "787647180", "price": 874.96, "amount": 0.01, "side": "buy", "timestamp": 1765928842331}, {"id": "787647181", "price": 874.96, "amount": 0.01, "side": "buy", "timestamp": 1765928842827}, {"id": "787647182", "price": 874.95, "amount": 0.17, "side": "sell", "timestamp": 1765928843184}, {"id": "787647183", "price": 874.95, "amount": 0.01, "side": "sell", "timestamp": 1765928843681}, {"id": "787647184", "price": 874.96, "amount": 9.78, "side": "buy", "timestamp": 1765928843892}, {"id": "787647185", "price": 874.97, "amount": 0.01, "side": "buy", "timestamp": 1765928843961}, {"id": "787647186", "price": 874.98, "amount": 0.05, "side": "buy", "timestamp": 1765928844028}, {"id": "787647187", "price": 875.0, "amount": 0.03, "side": "buy", "timestamp": 1765928844028}, {"id": "787647188", "price": 875.01, "amount": 0.01, "side": "buy", "timestamp": 1765928844028}, {"id": "787647189", "price": 875.01, "amount": 0.06, "side": "sell", "timestamp": 1765928844058}, {"id": "787647190", "price": 875.02, "amount": 0.01, "side": "buy", "timestamp": 1765928844905}, {"id": "787647191", "price": 875.01, "amount": 0.06, "side": "sell", "timestamp": 1765928845124}, {"id": "787647192", "price": 875.02, "amount": 0.01, "side": "buy", "timestamp": 1765928845125}, {"id": "787647193", "price": 875.02, "amount": 3.95, "side": "buy", "timestamp": 1765928845683}, {"id": "787647194", "price": 875.02, "amount": 0.11, "side": "sell", "timestamp": 1765928846078}, {"id": "787647195", "price": 875.02, "amount": 0.06, "side": "sell", "timestamp": 1765928846213}, {"id": "787647196", "price": 875.03, "amount": 0.03, "side": "buy", "timestamp": 1765928846388}, {"id": "787647197", "price": 875.03, "amount": 1.19, "side": "buy", "timestamp": 1765928846624}, {"id": "787647198", "price": 875.02, "amount": 0.06, "side": "sell", "timestamp": 1765928847039}, {"id": "787647199", "price": 875.03, "amount": 0.04, "side": "buy", "timestamp": 1765928847110}, {"id": "787647200", "price": 875.04, "amount": 0.1, "side": "buy", "timestamp": 1765928847110}, {"id": "787647201", "price": 875.06, "amount": 0.03, "side": "buy", "timestamp": 1765928847113}, {"id": "787647202", "price": 875.05, "amount": 0.06, "side": "sell", "timestamp": 1765928848082}, {"id": "787647203", "price": 875.06, "amount": 0.01, "side": "buy", "timestamp": 1765928848102}, {"id": "787647204", "price": 875.05, "amount": 0.07, "side": "sell", "timestamp": 1765928848808}, {"id": "787647205", "price": 875.05, "amount": 0.17, "side": "sell", "timestamp": 1765928849095}, {"id": "787647206", "price": 875.05, "amount": 0.33, "side": "sell", "timestamp": 1765928849641}, {"id": "787647207", "price": 875.05, "amount": 9.53, "side": "sell", "timestamp": 1765928850040}, {"id": "787647208", "price": 875.05, "amount": 0.06, "side": "sell", "timestamp": 1765928850187}, {"id": "787647209", "price": 875.05, "amount": 0.07, "side": "sell", "timestamp": 1765928850912}, {"id": "787647210", "price": 875.05, "amount": 0.06, "side": "sell", "timestamp": 1765928851049}, {"id": "787647211", "price": 875.06, "amount": 0.43, "side": "buy", "timestamp": 1765928851463}, {"id": "787647304", "price": 875.03, "amount": 0.06, "side": "sell", "timestamp": 1765928887128}, {"id": "787647305", "price": 875.04, "amount": 0.61, "side": "buy", "timestamp": 1765928887234}, {"id": "787647306", "price": 875.03, "amount": 0.17, "side": "sell", "timestamp": 1765928888090}, {"id": "787647307", "price": 875.03, "amount": 20.33, "side": "sell", "timestamp": 1765928888243}, {"id": "787647308", "price": 875.03, "amount": 0.06, "side": "sell", "timestamp": 1765928889180}, {"id": "787647309", "price": 875.04, "amount": 0.02, "side": "buy", "timestamp": 1765928889714}, {"id": "787647310", "price": 875.04, "amount": 0.06, "side": "buy", "timestamp": 1765928889910}, {"id": "787647311", "price": 875.03, "amount": 0.02, "side": "sell", "timestamp": 1765928889992}, {"id": "787647312", "price": 875.04, "amount": 0.08, "side": "buy", "timestamp": 1765928890057}, {"id": "787647313", "price": 875.03, "amount": 0.06, "side": "sell", "timestamp": 1765928890191}, {"id": "787647314", "price": 875.04, "amount": 10.43, "side": "buy", "timestamp": 1765928890442}, {"id": "787647315", "price": 875.03, "amount": 0.11, "side": "sell", "timestamp": 1765928891152}, {"id": "787647316", "price": 875.04, "amount": 0.01, "side": "buy", "timestamp": 1765928891166}, {"id": "787647317", "price": 875.03, "amount": 0.06, "side": "sell", "timestamp": 1765928891201}, {"id": "787647318", "price": 875.03, "amount": 0.06, "side": "sell", "timestamp": 1765928892012}, {"id": "787647319", "price": 875.04, "amount": 0.31, "side": "buy", "timestamp": 1765928892233}, {"id": "787647320", "price": 875.03, "amount": 0.09, "side": "sell", "timestamp": 1765928892830}, {"id": "787647321", "price": 875.04, "amount": 0.14, "side": "buy", "timestamp": 1765928892914}, {"id": "787647322", "price": 875.06, "amount": 0.01, "side": "buy", "timestamp": 1765928892925}, {"id": "787647323", "price": 875.07, "amount": 0.03, "side": "buy", "timestamp": 1765928892925}, {"id": "787647324", "price": 875.07, "amount": 0.06, "side": "sell", "timestamp": 1765928893042}, {"id": "787647325", "price": 875.08, "amount": 0.01, "side": "buy", "timestamp": 1765928893098}, {"id": "787647326", "price": 875.07, "amount": 0.17, "side": "sell", "timestamp": 1765928894103}, {"id": "787647327", "price": 875.08, "amount": 0.02, "side": "buy", "timestamp": 1765928894907}, {"id": "787647328", "price": 875.07, "amount": 0.06, "side": "sell", "timestamp": 1765928895121}, {"id": "787647329", "price": 875.08, "amount": 0.8, "side": "buy", "timestamp": 1765928895324}, {"id": "787647330", "price": 875.08, "amount": 0.26, "side": "buy", "timestamp": 1765928895477}, {"id": "787647331", "price": 875.07, "amount": 0.1, "side": "sell", "timestamp": 1765928895881}, {"id": "787647332", "price": 875.07, "amount": 0.29, "side": "sell", "timestamp": 1765928896135}, {"id": "787647333", "price": 875.07, "amount": 1.98, "side": "sell", "timestamp": 1765928896249}, {"id": "787647334", "price": 875.07, "amount": 0.17, "side": "sell", "timestamp": 1765928897171}, {"id": "787647335", "price": 875.07, "amount": 0.06, "side": "sell", "timestamp": 1765928898181}, {"id": "787647336", "price": 875.08, "amount": 0.13, "side": "buy", "timestamp": 1765928898441}, {"id": "787647337", "price": 875.08, "amount": 0.38, "side": "buy", "timestamp": 1765928898623}, {"id": "787647338", "price": 875.07, "amount": 0.06, "side": "sell", "timestamp": 1765928899190}, {"id": "787647339", "price": 875.08, "amount": 0.02, "side": "buy", "timestamp": 1765928899860}, {"id": "787647340", "price": 875.07, "amount": 0.11, "side": "sell", "timestamp": 1765928900014}, {"id": "787647341", "price": 875.07, "amount": 0.06, "side": "sell", "timestamp": 1765928900201}, {"id": "787647342", "price": 875.07, "amount": 0.06, "side": "sell", "timestamp": 1765928901019}, {"id": "787647343", "price": 875.07, "amount": 0.09, "side": "sell", "timestamp": 1765928902042}, {"id": "787647344", "price": 875.07, "amount": 0.11, "side": "sell", "timestamp": 1765928903043}, {"id": "787647345", "price": 875.07, "amount": 0.06, "side": "sell", "timestamp": 1765928903171}, {"id": "787647346", "price": 875.07, "amount": 0.91, "side": "sell", "timestamp": 1765928903534}, {"id": "787647347", "price": 875.08, "amount": 4.02, "side": "buy", "timestamp": 1765928903890}, {"id": "787647348", "price": 875.09, "amount": 0.67, "side": "buy", "timestamp": 1765928903890}, {"id": "787647349", "price": 875.09, "amount": 0.29, "side": "buy", "timestamp": 1765928904139}, {"id": "787647350", "price": 875.08, "amount": 0.06, "side": "sell", "timestamp": 1765928904193}, {"id": "787647351", "price": 875.09, "amount": 0.55, "side": "buy", "timestamp": 1765928904393}, {"id": "787647352", "price": 875.09, "amount": 0.01, "side": "buy", "timestamp": 1765928904888}, {"id": "787647353", "price": 875.09, "amount": 0.01, "side": "buy", "timestamp": 1765928905005}, {"id": "787647486", "price": 874.81, "amount": 0.07, "side": "sell", "timestamp": 1765928941709}, {"id": "787647487", "price": 874.8, "amount": 0.03, "side": "sell", "timestamp": 1765928941797}, {"id": "787647488", "price": 874.79, "amount": 0.02, "side": "sell", "timestamp": 1765928941797}, {"id": "787647489", "price": 874.79, "amount": 0.01, "side": "buy", "timestamp": 1765928941956}, {"id": "787647490", "price": 874.78, "amount": 0.13, "side": "sell", "timestamp": 1765928942045}, {"id": "787647491", "price": 874.78, "amount": 0.11, "side": "sell", "timestamp": 1765928942171}, {"id": "787647492", "price": 874.79, "amount": 0.73, "side": "buy", "timestamp": 1765928942932}, {"id": "787647493", "price": 874.78, "amount": 0.06, "side": "sell", "timestamp": 1765928943115}, {"id": "787647494", "price": 874.79, "amount": 0.34, "side": "buy", "timestamp": 1765928943377}, {"id": "787647495", "price": 874.79, "amount": 0.02, "side": "buy", "timestamp": 1765928943481}, {"id": "787647496", "price": 874.79, "amount": 0.15, "side": "buy", "timestamp": 1765928943945}, {"id": "787647497", "price": 874.78, "amount": 0.08, "side": "sell", "timestamp": 1765928944157}, {"id": "787647498", "price": 874.78, "amount": 1.05, "side": "sell", "timestamp": 1765928944332}, {"id": "787647499", "price": 874.78, "amount": 0.02, "side": "buy", "timestamp": 1765928944411}, {"id": "787647500", "price": 874.78, "amount": 0.03, "side": "buy", "timestamp": 1765928944533}, {"id": "787647501", "price": 874.78, "amount": 0.02, "side": "buy", "timestamp": 1765928944735}, {"id": "787647502", "price": 874.78, "amount": 0.02, "side": "buy", "timestamp": 1765928944954}, {"id": "787647503", "price": 874.77, "amount": 4.66, "side": "sell", "timestamp": 1765928944970}, {"id": "787647504", "price": 874.77, "amount": 0.47, "side": "sell", "timestamp": 1765928945113}, {"id": "787647505", "price": 874.76, "amount": 0.16, "side": "sell", "timestamp": 1765928945113}, {"id": "787647506", "price": 874.75, "amount": 0.08, "side": "sell", "timestamp": 1765928945167}, {"id": "787647507", "price": 874.74, "amount": 0.11, "side": "sell", "timestamp": 1765928945199}, {"id": "787647508", "price": 874.75, "amount": 0.04, "side": "buy", "timestamp": 1765928945250}, {"id": "787647509", "price": 874.75, "amount": 0.02, "side": "buy", "timestamp": 1765928945505}, {"id": "787647510", "price": 874.75, "amount": 0.07, "side": "buy", "timestamp": 1765928945607}, {"id": "787647511", "price": 874.74, "amount": 0.06, "side": "sell", "timestamp": 1765928946015}, {"id": "787647512", "price": 874.74, "amount": 0.06, "side": "sell", "timestamp": 1765928947049}, {"id": "787647513", "price": 874.75, "amount": 1.39, "side": "buy", "timestamp": 1765928947215}, {"id": "787647514", "price": 874.74, "amount": 0.17, "side": "sell", "timestamp": 1765928948013}, {"id": "787647515", "price": 874.75, "amount": 0.09, "side": "buy", "timestamp": 1765928948366}, {"id": "787647516", "price": 874.75, "amount": 0.12, "side": "buy", "timestamp": 1765928949124}, {"id": "787647517", "price": 874.74, "amount": 0.06, "side": "sell", "timestamp": 1765928949153}, {"id": "787647518", "price": 874.74, "amount": 2.89, "side": "sell", "timestamp": 1765928949455}, {"id": "787647519", "price": 874.73, "amount": 0.03, "side": "sell", "timestamp": 1765928949455}, {"id": "787647520", "price": 874.72, "amount": 0.03, "side": "sell", "timestamp": 1765928949455}, {"id": "787647521", "price": 874.71, "amount": 4.22, "side": "sell", "timestamp": 1765928949455}, {"id": "787647522", "price": 874.72, "amount": 0.39, "side": "buy", "timestamp": 1765928949744}, {"id": "787647523", "price": 874.71, "amount": 0.06, "side": "sell", "timestamp": 1765928950208}, {"id": "787647524", "price": 874.71, "amount": 0.17, "side": "sell", "timestamp": 1765928951020}, {"id": "787647525", "price": 874.71, "amount": 0.01, "side": "sell", "timestamp": 1765928951678}, {"id": "787647526", "price": 874.71, "amount": 0.06, "side": "sell", "timestamp": 1765928952049}, {"id": "787647527", "price": 874.71, "amount": 0.06, "side": "sell", "timestamp": 1765928953080}, {"id": "787647528", "price": 874.72, "amount": 0.02, "side": "buy", "timestamp": 1765928953284}, {"id": "787647529", "price": 874.71, "amount": 0.17, "side": "sell", "timestamp": 1765928954061}, {"id": "787647530", "price": 874.71, "amount": 0.1, "side": "sell", "timestamp": 1765928954583}, {"id": "787647531", "price": 874.71, "amount": 0.07, "side": "sell", "timestamp": 1765928954860}, {"id": "787647532", "price": 874.71, "amount": 0.06, "side": "sell", "timestamp": 1765928955122}, {"id": "787647533", "price": 874.71, "amount": 0.06, "side": "sell", "timestamp": 1765928956226}, {"id": "787647534", "price": 874.72, "amount": 0.02, "side": "buy", "timestamp": 1765928956958}, {"id": "787647535", "price": 874.71, "amount": 0.17, "side": "sell", "timestamp": 1765928957053}, {"id": "787647655", "price": 874.37, "amount": 0.57, "side": "buy", "timestamp": 1765928996866}, {"id": "787647656", "price": 874.36, "amount": 0.24, "side": "sell", "timestamp": 1765928997025}, {"id": "787647657", "price": 874.37, "amount": 0.03, "side": "buy", "timestamp": 1765928997112}, {"id": "787647658", "price": 874.36, "amount": 0.06, "side": "sell", "timestamp": 1765928998165}, {"id": "787647659", "price": 874.36, "amount": 0.11, "side": "sell", "timestamp": 1765928999101}, {"id": "787647660", "price": 874.36, "amount": 0.06, "side": "sell", "timestamp": 1765928999216}, {"id": "787647661", "price": 874.36, "amount": 0.71, "side": "sell", "timestamp": 1765928999958}, {"id": "787647662", "price": 874.37, "amount": 0.1, "side": "buy", "timestamp": 1765929000277}, {"id": "787647663", "price": 874.37, "amount": 2.62, "side": "buy", "timestamp": 1765929000603}, {"id": "787647664", "price": 874.4, "amount": 3.87, "side": "buy", "timestamp": 1765929000891}, {"id": "787647665", "price": 874.39, "amount": 0.06, "side": "sell", "timestamp": 1765929001158}, {"id": "787647666", "price": 874.4, "amount": 0.05, "side": "buy", "timestamp": 1765929001580}, {"id": "787647667", "price": 874.39, "amount": 10.0, "side": "sell", "timestamp": 1765929001671}, {"id": "787647668", "price": 874.4, "amount": 0.01, "side": "buy", "timestamp": 1765929001673}, {"id": "787647669", "price": 874.41, "amount": 0.02, "side": "buy", "timestamp": 1765929001673}, {"id": "787647670", "price": 874.42, "amount": 0.02, "side": "buy", "timestamp": 1765929001673}, {"id": "787647671", "price": 874.43, "amount": 0.02, "side": "buy", "timestamp": 1765929001673}, {"id": "787647672", "price": 874.43, "amount": 0.17, "side": "sell", "timestamp": 1765929002131}, {"id": "787647673", "price": 874.43, "amount": 2.85, "side": "sell", "timestamp": 1765929002743}, {"id": "787647674", "price": 874.4, "amount": 0.02, "side": "sell", "timestamp": 1765929002746}, {"id": "787647675", "price": 874.39, "amount": 0.06, "side": "sell", "timestamp": 1765929003010}, {"id": "787647676", "price": 874.4, "amount": 0.03, "side": "buy", "timestamp": 1765929003659}, {"id": "787647677", "price": 874.39, "amount": 0.06, "side": "sell", "timestamp": 1765929004082}, {"id": "787647678", "price": 874.4, "amount": 0.02, "side": "buy", "timestamp": 1765929004514}, {"id": "787647679", "price": 874.39, "amount": 0.82, "side": "sell", "timestamp": 1765929004644}, {"id": "787647680", "price": 874.39, "amount": 0.04, "side": "sell", "timestamp": 1765929004789}, {"id": "787647681", "price": 874.4, "amount": 0.02, "side": "buy", "timestamp": 1765929004805}, {"id": "787647682", "price": 874.4, "amount": 0.01, "side": "buy", "timestamp": 1765929004963}, {"id": "787647683", "price": 874.39, "amount": 0.17, "side": "sell", "timestamp": 1765929005154}, {"id": "787647684", "price": 874.4, "amount": 0.03, "side": "buy", "timestamp": 1765929005244}, {"id": "787647685", "price": 874.4, "amount": 0.01, "side": "buy", "timestamp": 1765929005364}, {"id": "787647686", "price": 874.4, "amount": 0.3, "side": "buy", "timestamp": 1765929005679}, {"id": "787647687", "price": 874.4, "amount": 0.04, "side": "buy", "timestamp": 1765929005812}, {"id": "787647688", "price": 874.39, "amount": 0.06, "side": "sell", "timestamp": 1765929006032}, {"id": "787647689", "price": 874.39, "amount": 0.04, "side": "sell", "timestamp": 1765929006917}, {"id": "787647690", "price": 874.39, "amount": 0.06, "side": "sell", "timestamp": 1765929007104}, {"id": "787647691", "price": 874.4, "amount": 0.74, "side": "buy", "timestamp": 1765929007636}, {"id": "787647692", "price": 874.44, "amount": 0.11, "side": "buy", "timestamp": 1765929007638}, {"id": "787647693", "price": 874.46, "amount": 0.02, "side": "buy", "timestamp": 1765929007644}, {"id": "787647694", "price": 874.46, "amount": 0.17, "side": "sell", "timestamp": 1765929008024}, {"id": "787647695", "price": 874.46, "amount": 0.01, "side": "sell", "timestamp": 1765929008647}, {"id": "787647696", "price": 874.47, "amount": 0.68, "side": "buy", "timestamp": 1765929008663}, {"id": "787647697", "price": 874.48, "amount": 0.04, "side": "buy", "timestamp": 1765929008663}, {"id": "787647698", "price": 874.5, "amount": 0.03, "side": "buy", "timestamp": 1765929008663}, {"id": "787647699", "price": 874.51, "amount": 0.43, "side": "buy", "timestamp": 1765929008663}, {"id": "787647700", "price": 874.52, "amount": 0.02, "side": "buy", "timestamp": 1765929008703}, {"id": "787647701", "price": 874.51, "amount": 0.06, "side": "sell", "timestamp": 1765929009081}, {"id": "787647702", "price": 874.52, "amount": 0.07, "side": "buy", "timestamp": 1765929009218}, {"id": "787647703", "price": 874.52, "amount": 0.1, "side": "buy", "timestamp": 1765929009533}, {"id": "787647704", "price": 874.51, "amount": 0.06, "side": "sell", "timestamp": 1765929010131}, {"id": "787647783", "price": 874.53, "amount": 0.09, "side": "buy", "timestamp": 1765929041499}, {"id": "787647784", "price": 874.52, "amount": 0.06, "side": "sell", "timestamp": 1765929042101}, {"id": "787647785", "price": 874.52, "amount": 1.15, "side": "sell", "timestamp": 1765929042454}, {"id": "787647786", "price": 874.53, "amount": 0.01, "side": "buy", "timestamp": 1765929042737}, {"id": "787647787", "price": 874.52, "amount": 0.01, "side": "sell", "timestamp": 1765929042782}, {"id": "787647788", "price": 874.52, "amount": 0.06, "side": "sell", "timestamp": 1765929043122}, {"id": "787647789", "price": 874.52, "amount": 1.72, "side": "sell", "timestamp": 1765929044096}, {"id": "787647790", "price": 874.53, "amount": 0.05, "side": "buy", "timestamp": 1765929044862}, {"id": "787647791", "price": 874.52, "amount": 0.06, "side": "sell", "timestamp": 1765929045159}, {"id": "787647792", "price": 874.52, "amount": 0.06, "side": "sell", "timestamp": 1765929046195}, {"id": "787647793", "price": 874.52, "amount": 0.08, "side": "sell", "timestamp": 1765929047004}, {"id": "787647794", "price": 874.53, "amount": 0.1, "side": "buy", "timestamp": 1765929047143}, {"id": "787647795", "price": 874.52, "amount": 0.11, "side": "sell", "timestamp": 1765929047159}, {"id": "787647796", "price": 874.53, "amount": 1.43, "side": "buy", "timestamp": 1765929047924}, {"id": "787647797", "price": 874.52, "amount": 0.06, "side": "sell", "timestamp": 1765929048033}, {"id": "787647798", "price": 874.52, "amount": 0.02, "side": "sell", "timestamp": 1765929048781}, {"id": "787647799", "price": 874.52, "amount": 0.06, "side": "sell", "timestamp": 1765929049120}, {"id": "787647800", "price": 874.52, "amount": 0.03, "side": "sell", "timestamp": 1765929049688}, {"id": "787647801", "price": 874.52, "amount": 0.17, "side": "sell", "timestamp": 1765929050172}, {"id": "787647802", "price": 874.52, "amount": 0.06, "side": "sell", "timestamp": 1765929051190}, {"id": "787647803", "price": 874.52, "amount": 0.04, "side": "sell", "timestamp": 1765929051327}, {"id": "787647804", "price": 874.53, "amount": 0.01, "side": "buy", "timestamp": 1765929051771}, {"id": "787647805", "price": 874.52, "amount": 0.06, "side": "sell", "timestamp": 1765929052108}, {"id": "787647806", "price": 874.52, "amount": 0.17, "side": "sell", "timestamp": 1765929053144}, {"id": "787647807", "price": 874.53, "amount": 0.05, "side": "buy", "timestamp": 1765929053279}, {"id": "787647808", "price": 874.53, "amount": 0.02, "side": "buy", "timestamp": 1765929053396}, {"id": "787647809", "price": 874.53, "amount": 0.02, "side": "buy", "timestamp": 1765929053544}, {"id": "787647810", "price": 874.52, "amount": 0.25, "side": "sell", "timestamp": 1765929053700}, {"id": "787647811", "price": 874.52, "amount": 0.96, "side": "sell", "timestamp": 1765929054156}, {"id": "787647812", "price": 874.53, "amount": 0.01, "side": "buy", "timestamp": 1765929054996}, {"id": "787647813", "price": 874.52, "amount": 0.06, "side": "sell", "timestamp": 1765929055031}, {"id": "787647814", "price": 874.53, "amount": 0.02, "side": "buy", "timestamp": 1765929055815}, {"id": "787647815", "price": 874.52, "amount": 0.17, "side": "sell", "timestamp": 1765929056051}, {"id": "787647816", "price": 874.52, "amount": 0.03, "side": "sell", "timestamp": 1765929056481}, {"id": "787647817", "price": 874.53, "amount": 0.03, "side": "buy", "timestamp": 1765929057132}, {"id": "787647818", "price": 874.52, "amount": 0.06, "side": "sell", "timestamp": 1765929057178}, {"id": "787647819", "price": 874.52, "amount": 0.09, "side": "sell", "timestamp": 1765929058066}, {"id": "787647820", "price": 874.52, "amount": 0.03, "side": "sell", "timestamp": 1765929058802}, {"id": "787647821", "price": 874.53, "amount": 0.03, "side": "buy", "timestamp": 1765929058843}, {"id": "787647822", "price": 874.53, "amount": 0.66, "side": "buy", "timestamp": 1765929059070}, {"id": "787647823", "price": 874.52, "amount": 0.39, "side": "sell", "timestamp": 1765929059095}, {"id": "787647824", "price": 874.52, "amount": 0.01, "side": "sell", "timestamp": 1765929059680}, {"id": "787647825", "price": 874.52, "amount": 0.06, "side": "sell", "timestamp": 1765929060150}, {"id": "787647826", "price": 874.52, "amount": 0.22, "side": "sell", "timestamp": 1765929060424}, {"id": "787647827", "price": 874.53, "amount": 0.04, "side": "buy", "timestamp": 1765929060913}, {"id": "787647828", "price": 874.52, "amount": 0.06, "side": "sell", "timestamp": 1765929061014}, {"id": "787647829", "price": 874.53, "amount": 0.12, "side": "buy", "timestamp": 1765929061137}, {"id": "787647830", "price": 874.53, "amount": 0.02, "side": "buy", "timestamp": 1765929061635}, {"id": "787647831", "price": 874.53, "amount": 0.01, "side": "buy", "timestamp": 1765929061783}, {"id": "787647832", "price": 874.52, "amount": 12.01, "side": "sell", "timestamp": 1765929062062}, {"id": "787647916", "price": 874.64, "amount": 0.06, "side": "sell", "timestamp": 1765929091149}, {"id": "787647917", "price": 874.65, "amount": 0.34, "side": "buy", "timestamp": 1765929092049}, {"id": "787647918", "price": 874.64, "amount": 0.17, "side": "sell", "timestamp": 1765929092080}, {"id": "787647919", "price": 874.65, "amount": 0.02, "side": "buy", "timestamp": 1765929092560}, {"id": "787647920", "price": 874.64, "amount": 0.06, "side": "sell", "timestamp": 1765929093130}, {"id": "787647921", "price": 874.65, "amount": 0.02, "side": "buy", "timestamp": 1765929093867}, {"id": "787647922", "price": 874.65, "amount": 0.01, "side": "buy", "timestamp": 1765929094098}, {"id": "787647923", "price": 874.64, "amount": 0.06, "side": "sell", "timestamp": 1765929094177}, {"id": "787647924", "price": 874.65, "amount": 0.11, "side": "buy", "timestamp": 1765929094507}, {"id": "787647925", "price": 874.64, "amount": 0.06, "side": "sell", "timestamp": 1765929095040}, {"id": "787647926", "price": 874.64, "amount": 0.11, "side": "sell", "timestamp": 1765929095152}, {"id": "787647927", "price": 874.64, "amount": 0.01, "side": "sell", "timestamp": 1765929095681}, {"id": "787647928", "price": 874.64, "amount": 0.06, "side": "sell", "timestamp": 1765929096079}, {"id": "787647929", "price": 874.65, "amount": 0.01, "side": "buy", "timestamp": 1765929096706}, {"id": "787647930", "price": 874.64, "amount": 0.06, "side": "sell", "timestamp": 1765929097102}, {"id": "787647931", "price": 874.64, "amount": 0.17, "side": "sell", "timestamp": 1765929098123}, {"id": "787647932", "price": 874.65, "amount": 1.15, "side": "buy", "timestamp": 1765929098983}, {"id": "787647933", "price": 874.67, "amount": 0.06, "side": "sell", "timestamp": 1765929099179}, {"id": "787647934", "price": 874.67, "amount": 0.06, "side": "sell", "timestamp": 1765929100070}, {"id": "787647935", "price": 874.67, "amount": 0.11, "side": "sell", "timestamp": 1765929101044}, {"id": "787647936", "price": 874.68, "amount": 0.01, "side": "buy", "timestamp": 1765929101083}, {"id": "787647937", "price": 874.67, "amount": 0.06, "side": "sell", "timestamp": 1765929101086}, {"id": "787647938", "price": 874.68, "amount": 0.02, "side": "buy", "timestamp": 1765929101148}, {"id": "787647939", "price": 874.67, "amount": 0.1, "side": "sell", "timestamp": 1765929101526}, {"id": "787647940", "price": 874.67, "amount": 0.06, "side": "sell", "timestamp": 1765929102130}, {"id": "787647941", "price": 874.67, "amount": 0.06, "side": "sell", "timestamp": 1765929103165}, {"id": "787647942", "price": 874.67, "amount": 0.17, "side": "sell", "timestamp": 1765929104017}, {"id": "787647943", "price": 874.68, "amount": 0.01, "side": "buy", "timestamp": 1765929104423}, {"id": "787647944", "price": 874.67, "amount": 0.06, "side": "sell", "timestamp": 1765929105066}, {"id": "787647945", "price": 874.67, "amount": 0.03, "side": "sell", "timestamp": 1765929105908}, {"id": "787647946", "price": 874.67, "amount": 0.05, "side": "sell", "timestamp": 1765929106016}, {"id": "787647947", "price": 874.67, "amount": 0.06, "side": "sell", "timestamp": 1765929106160}, {"id": "787647948", "price": 874.68, "amount": 0.05, "side": "buy", "timestamp": 1765929106903}, {"id": "787647949", "price": 874.67, "amount": 0.17, "side": "sell", "timestamp": 1765929107114}, {"id": "787647950", "price": 874.68, "amount": 0.01, "side": "buy", "timestamp": 1765929107946}, {"id": "787647951", "price": 874.67, "amount": 0.06, "side": "sell", "timestamp": 1765929108014}, {"id": "787647952", "price": 874.68, "amount": 0.09, "side": "buy", "timestamp": 1765929108933}, {"id": "787647953", "price": 874.67, "amount": 0.06, "side": "sell", "timestamp": 1765929109043}, {"id": "787647954", "price": 874.67, "amount": 0.17, "side": "sell", "timestamp": 1765929110069}, {"id": "787647955", "price": 874.68, "amount": 0.04, "side": "buy", "timestamp": 1765929110341}, {"id": "787647956", "price": 874.68, "amount": 0.03, "side": "buy", "timestamp": 1765929110922}, {"id": "787647957", "price": 874.67, "amount": 0.06, "side": "sell", "timestamp": 1765929111098}, {"id": "787647958", "price": 874.67, "amount": 0.06, "side": "sell", "timestamp": 1765929112123}, {"id": "787647959", "price": 874.68, "amount": 0.01, "side": "buy", "timestamp": 1765929112259}, {"id": "787647960", "price": 874.68, "amount": 0.01, "side": "buy", "timestamp": 1765929112746}, {"id": "787647961", "price": 874.67, "amount": 0.17, "side": "sell", "timestamp": 1765929113138}, {"id": "787647962", "price": 874.68, "amount": 0.01, "side": "buy", "timestamp": 1765929113482}, {"id": "787647963", "price": 874.67, "amount": 0.91, "side": "sell", "timestamp": 1765929113594}, {"id": "787647964", "price": 874.67, "amount": 0.06, "side": "sell", "timestamp": 1765929114161}, {"id": "787647965", "price": 874.68, "amount": 0.01, "side": "buy", "timestamp": 1765929114503}, {"id": "787648078", "price": 874.66, "amount": 0.22, "side": "sell", "timestamp": 1765929152667}, {"id": "787648079", "price": 874.66, "amount": 0.06, "side": "sell", "timestamp": 1765929153080}, {"id": "787648080", "price": 874.67, "amount": 0.03, "side": "buy", "timestamp": 1765929153127}, {"id": "787648081", "price": 874.67, "amount": 0.16, "side": "buy", "timestamp": 1765929153330}, {"id": "787648082", "price": 874.67, "amount": 0.01, "side": "buy", "timestamp": 1765929154082}, {"id": "787648083", "price": 874.66, "amount": 0.06, "side": "sell", "timestamp": 1765929154112}, {"id": "787648084", "price": 874.67, "amount": 0.01, "side": "buy", "timestamp": 1765929154373}, {"id": "787648085", "price": 874.66, "amount": 0.01, "side": "sell", "timestamp": 1765929154873}, {"id": "787648086", "price": 874.66, "amount": 0.17, "side": "sell", "timestamp": 1765929155115}, {"id": "787648087", "price": 874.67, "amount": 1.01, "side": "buy", "timestamp": 1765929155603}, {"id": "787648088", "price": 874.66, "amount": 1.31, "side": "sell", "timestamp": 1765929156158}, {"id": "787648089", "price": 874.65, "amount": 2.9, "side": "sell", "timestamp": 1765929156637}, {"id": "787648090", "price": 874.64, "amount": 0.14, "side": "sell", "timestamp": 1765929156647}, {"id": "787648091", "price": 874.62, "amount": 0.02, "side": "sell", "timestamp": 1765929156650}, {"id": "787648092", "price": 874.6, "amount": 0.03, "side": "sell", "timestamp": 1765929156766}, {"id": "787648093", "price": 874.59, "amount": 0.59, "side": "sell", "timestamp": 1765929156784}, {"id": "787648094", "price": 874.59, "amount": 0.1, "side": "buy", "timestamp": 1765929157064}, {"id": "787648095", "price": 874.58, "amount": 0.06, "side": "sell", "timestamp": 1765929157193}, {"id": "787648096", "price": 874.58, "amount": 0.1, "side": "sell", "timestamp": 1765929158008}, {"id": "787648097", "price": 874.58, "amount": 0.11, "side": "sell", "timestamp": 1765929158185}, {"id": "787648098", "price": 874.58, "amount": 0.06, "side": "sell", "timestamp": 1765929159046}, {"id": "787648099", "price": 874.59, "amount": 0.02, "side": "buy", "timestamp": 1765929159667}, {"id": "787648100", "price": 874.58, "amount": 0.69, "side": "sell", "timestamp": 1765929159722}, {"id": "787648101", "price": 874.57, "amount": 0.06, "side": "sell", "timestamp": 1765929160063}, {"id": "787648102", "price": 874.58, "amount": 0.01, "side": "buy", "timestamp": 1765929160072}, {"id": "787648103", "price": 874.57, "amount": 0.18, "side": "sell", "timestamp": 1765929160264}, {"id": "787648104", "price": 874.57, "amount": 1.64, "side": "sell", "timestamp": 1765929160496}, {"id": "787648105", "price": 874.56, "amount": 1.38, "side": "sell", "timestamp": 1765929160498}, {"id": "787648106", "price": 874.54, "amount": 0.21, "side": "buy", "timestamp": 1765929160544}, {"id": "787648107", "price": 874.53, "amount": 0.22, "side": "sell", "timestamp": 1765929160588}, {"id": "787648108", "price": 874.53, "amount": 0.17, "side": "sell", "timestamp": 1765929161015}, {"id": "787648109", "price": 874.53, "amount": 0.11, "side": "sell", "timestamp": 1765929161308}, {"id": "787648110", "price": 874.52, "amount": 0.04, "side": "sell", "timestamp": 1765929161308}, {"id": "787648111", "price": 874.51, "amount": 0.31, "side": "sell", "timestamp": 1765929161308}, {"id": "787648112", "price": 874.51, "amount": 0.02, "side": "buy", "timestamp": 1765929161940}, {"id": "787648113", "price": 874.5, "amount": 0.06, "side": "sell", "timestamp": 1765929162109}, {"id": "787648114", "price": 874.5, "amount": 0.06, "side": "sell", "timestamp": 1765929163122}, {"id": "787648115", "price": 874.5, "amount": 0.11, "side": "sell", "timestamp": 1765929164048}, {"id": "787648116", "price": 874.5, "amount": 0.06, "side": "sell", "timestamp": 1765929164196}, {"id": "787648117", "price": 874.51, "amount": 0.07, "side": "buy", "timestamp": 1765929164250}, {"id": "787648118", "price": 874.51, "amount": 0.01, "side": "buy", "timestamp": 1765929164702}, {"id": "787648119", "price": 874.51, "amount": 0.01, "side": "buy", "timestamp": 1765929164937}, {"id": "787648120", "price": 874.5, "amount": 0.06, "side": "sell", "timestamp": 1765929165010}, {"id": "787648121", "price": 874.51, "amount": 0.01, "side": "buy", "timestamp": 1765929165308}, {"id": "787648122", "price": 874.5, "amount": 0.01, "side": "sell", "timestamp": 1765929165672}, {"id": "787648123", "price": 874.51, "amount": 0.08, "side": "buy", "timestamp": 1765929165728}, {"id": "787648124", "price": 874.5, "amount": 0.06, "side": "sell", "timestamp": 1765929166070}, {"id": "787648125", "price": 874.5, "amount": 0.22, "side": "sell", "timestamp": 1765929166213}, {"id": "787648126", "price": 874.5, "amount": 0.17, "side": "sell", "timestamp": 1765929167091}, {"id": "787648127", "price": 874.5, "amount": 0.01, "side": "sell", "timestamp": 1765929167707}, {"id": "787648272", "price": 874.73, "amount": 0.45, "side": "sell", "timestamp": 1765929213620}, {"id": "787648273", "price": 874.74, "amount": 0.87, "side": "buy", "timestamp": 1765929214057}, {"id": "787648274", "price": 874.73, "amount": 0.06, "side": "sell", "timestamp": 1765929214076}, {"id": "787648275", "price": 874.74, "amount": 0.03, "side": "buy", "timestamp": 1765929214917}, {"id": "787648276", "price": 874.73, "amount": 0.17, "side": "sell", "timestamp": 1765929215029}, {"id": "787648277", "price": 874.74, "amount": 0.01, "side": "buy", "timestamp": 1765929215496}, {"id": "787648278", "price": 874.73, "amount": 0.06, "side": "sell", "timestamp": 1765929216171}, {"id": "787648279", "price": 874.74, "amount": 0.01, "side": "buy", "timestamp": 1765929216564}, {"id": "787648280", "price": 874.74, "amount": 2.05, "side": "buy", "timestamp": 1765929216988}, {"id": "787648281", "price": 874.76, "amount": 0.4, "side": "buy", "timestamp": 1765929216994}, {"id": "787648282", "price": 874.77, "amount": 11.41, "side": "buy", "timestamp": 1765929216994}, {"id": "787648283", "price": 874.78, "amount": 0.74, "side": "buy", "timestamp": 1765929216995}, {"id": "787648284", "price": 874.8, "amount": 0.05, "side": "buy", "timestamp": 1765929217033}, {"id": "787648285", "price": 874.8, "amount": 0.06, "side": "sell", "timestamp": 1765929217081}, {"id": "787648286", "price": 874.81, "amount": 0.02, "side": "buy", "timestamp": 1765929217092}, {"id": "787648287", "price": 874.82, "amount": 2.38, "side": "buy", "timestamp": 1765929217157}, {"id": "787648288", "price": 874.83, "amount": 0.01, "side": "buy", "timestamp": 1765929217219}, {"id": "787648289", "price": 874.84, "amount": 0.26, "side": "buy", "timestamp": 1765929217219}, {"id": "787648290", "price": 874.85, "amount": 20.01, "side": "buy", "timestamp": 1765929217219}, {"id": "787648291", "price": 874.86, "amount": 0.93, "side": "buy", "timestamp": 1765929217238}, {"id": "787648292", "price": 874.87, "amount": 0.01, "side": "buy", "timestamp": 1765929217358}, {"id": "787648293", "price": 874.87, "amount": 0.22, "side": "sell", "timestamp": 1765929217450}, {"id": "787648294", "price": 874.87, "amount": 0.22, "side": "sell", "timestamp": 1765929217714}, {"id": "787648295", "price": 874.88, "amount": 24.78, "side": "buy", "timestamp": 1765929217973}, {"id": "787648296", "price": 874.89, "amount": 0.1, "side": "buy", "timestamp": 1765929217980}, {"id": "787648297", "price": 874.9, "amount": 0.01, "side": "buy", "timestamp": 1765929217980}, {"id": "787648298", "price": 874.91, "amount": 0.02, "side": "buy", "timestamp": 1765929217985}, {"id": "787648299", "price": 874.92, "amount": 0.03, "side": "buy", "timestamp": 1765929217998}, {"id": "787648300", "price": 874.95, "amount": 0.03, "side": "buy", "timestamp": 1765929218008}, {"id": "787648301", "price": 874.97, "amount": 0.22, "side": "sell", "timestamp": 1765929218090}, {"id": "787648302", "price": 874.98, "amount": 0.01, "side": "buy", "timestamp": 1765929218112}, {"id": "787648303", "price": 874.98, "amount": 0.11, "side": "sell", "timestamp": 1765929218128}, {"id": "787648304", "price": 874.99, "amount": 0.1, "side": "buy", "timestamp": 1765929218183}, {"id": "787648305", "price": 874.98, "amount": 0.06, "side": "sell", "timestamp": 1765929218202}, {"id": "787648306", "price": 874.99, "amount": 1.66, "side": "buy", "timestamp": 1765929218301}, {"id": "787648307", "price": 875.0, "amount": 0.16, "side": "buy", "timestamp": 1765929218304}, {"id": "787648308", "price": 875.01, "amount": 0.01, "side": "buy", "timestamp": 1765929218304}, {"id": "787648309", "price": 875.02, "amount": 0.01, "side": "buy", "timestamp": 1765929218440}, {"id": "787648310", "price": 875.03, "amount": 1.49, "side": "buy", "timestamp": 1765929218461}, {"id": "787648311", "price": 875.04, "amount": 0.06, "side": "buy", "timestamp": 1765929218463}, {"id": "787648312", "price": 875.05, "amount": 0.01, "side": "buy", "timestamp": 1765929218463}, {"id": "787648313", "price": 875.06, "amount": 0.03, "side": "buy", "timestamp": 1765929218463}, {"id": "787648314", "price": 875.06, "amount": 0.06, "side": "sell", "timestamp": 1765929219151}, {"id": "787648315", "price": 875.07, "amount": 1.73, "side": "buy", "timestamp": 1765929219343}, {"id": "787648316", "price": 875.08, "amount": 0.22, "side": "buy", "timestamp": 1765929219343}, {"id": "787648317", "price": 875.09, "amount": 0.08, "side": "buy", "timestamp": 1765929219372}, {"id": "787648318", "price": 875.1, "amount": 0.84, "side": "buy", "timestamp": 1765929219408}, {"id": "787648319", "price": 875.11, "amount": 0.01, "side": "buy", "timestamp": 1765929219408}, {"id": "787648320", "price": 875.12, "amount": 0.1, "side": "buy", "timestamp": 1765929219451}, {"id": "787648321", "price": 875.13, "amount": 4.67, "side": "buy", "timestamp": 1765929219604}, {"id": "787648426", "price": 874.96, "amount": 1.02, "side": "sell", "timestamp": 1765929253995}, {"id": "787648427", "price": 874.96, "amount": 0.06, "side": "sell", "timestamp": 1765929255129}, {"id": "787648428", "price": 874.97, "amount": 0.38, "side": "buy", "timestamp": 1765929255643}, {"id": "787648429", "price": 874.96, "amount": 0.06, "side": "sell", "timestamp": 1765929256150}, {"id": "787648430", "price": 874.97, "amount": 0.3, "side": "buy", "timestamp": 1765929256214}, {"id": "787648431", "price": 874.97, "amount": 0.69, "side": "buy", "timestamp": 1765929256648}, {"id": "787648432", "price": 874.97, "amount": 0.01, "side": "buy", "timestamp": 1765929256902}, {"id": "787648433", "price": 874.96, "amount": 0.17, "side": "sell", "timestamp": 1765929257137}, {"id": "787648434", "price": 874.97, "amount": 2.19, "side": "buy", "timestamp": 1765929257560}, {"id": "787648435", "price": 874.98, "amount": 0.01, "side": "buy", "timestamp": 1765929257564}, {"id": "787648436", "price": 875.0, "amount": 0.76, "side": "buy", "timestamp": 1765929257580}, {"id": "787648437", "price": 875.01, "amount": 1.5, "side": "buy", "timestamp": 1765929257581}, {"id": "787648438", "price": 875.04, "amount": 0.04, "side": "buy", "timestamp": 1765929257602}, {"id": "787648439", "price": 875.04, "amount": 0.23, "side": "sell", "timestamp": 1765929257732}, {"id": "787648440", "price": 875.05, "amount": 0.02, "side": "buy", "timestamp": 1765929257870}, {"id": "787648441", "price": 875.07, "amount": 0.01, "side": "buy", "timestamp": 1765929257870}, {"id": "787648442", "price": 875.08, "amount": 0.03, "side": "buy", "timestamp": 1765929257870}, {"id": "787648443", "price": 875.09, "amount": 0.02, "side": "buy", "timestamp": 1765929257870}, {"id": "787648444", "price": 875.1, "amount": 0.01, "side": "buy", "timestamp": 1765929257870}, {"id": "787648445", "price": 875.11, "amount": 0.02, "side": "buy", "timestamp": 1765929257870}, {"id": "787648446", "price": 875.1, "amount": 0.06, "side": "sell", "timestamp": 1765929258078}, {"id": "787648447", "price": 875.11, "amount": 0.04, "side": "buy", "timestamp": 1765929258670}, {"id": "787648448", "price": 875.12, "amount": 0.01, "side": "buy", "timestamp": 1765929258670}, {"id": "787648449", "price": 875.12, "amount": 0.08, "side": "sell", "timestamp": 1765929259072}, {"id": "787648450", "price": 875.13, "amount": 0.02, "side": "buy", "timestamp": 1765929259612}, {"id": "787648451", "price": 875.13, "amount": 0.59, "side": "buy", "timestamp": 1765929259922}, {"id": "787648452", "price": 875.12, "amount": 0.11, "side": "sell", "timestamp": 1765929260006}, {"id": "787648453", "price": 875.12, "amount": 0.06, "side": "sell", "timestamp": 1765929260183}, {"id": "787648454", "price": 875.12, "amount": 0.22, "side": "sell", "timestamp": 1765929261003}, {"id": "787648455", "price": 875.12, "amount": 0.91, "side": "sell", "timestamp": 1765929261363}, {"id": "787648456", "price": 875.12, "amount": 0.06, "side": "sell", "timestamp": 1765929262111}, {"id": "787648457", "price": 875.12, "amount": 0.11, "side": "sell", "timestamp": 1765929263043}, {"id": "787648458", "price": 875.12, "amount": 0.06, "side": "sell", "timestamp": 1765929263204}, {"id": "787648459", "price": 875.13, "amount": 0.91, "side": "buy", "timestamp": 1765929263905}, {"id": "787648460", "price": 875.12, "amount": 0.06, "side": "sell", "timestamp": 1765929264024}, {"id": "787648461", "price": 875.12, "amount": 0.06, "side": "sell", "timestamp": 1765929265068}, {"id": "787648462", "price": 875.12, "amount": 0.17, "side": "sell", "timestamp": 1765929266064}, {"id": "787648463", "price": 875.13, "amount": 0.13, "side": "buy", "timestamp": 1765929266246}, {"id": "787648464", "price": 875.12, "amount": 0.06, "side": "sell", "timestamp": 1765929267125}, {"id": "787648465", "price": 875.13, "amount": 0.81, "side": "buy", "timestamp": 1765929267492}, {"id": "787648466", "price": 875.13, "amount": 5.71, "side": "buy", "timestamp": 1765929267860}, {"id": "787648467", "price": 875.12, "amount": 0.06, "side": "sell", "timestamp": 1765929268147}, {"id": "787648468", "price": 875.13, "amount": 0.02, "side": "buy", "timestamp": 1765929268446}, {"id": "787648469", "price": 875.13, "amount": 0.01, "side": "buy", "timestamp": 1765929268785}, {"id": "787648470", "price": 875.12, "amount": 0.17, "side": "sell", "timestamp": 1765929269095}, {"id": "787648471", "price": 875.12, "amount": 0.06, "side": "sell", "timestamp": 1765929270044}, {"id": "787648472", "price": 875.13, "amount": 0.01, "side": "buy", "timestamp": 1765929270737}, {"id": "787648473", "price": 875.12, "amount": 0.06, "side": "sell", "timestamp": 1765929271095}, {"id": "787648474", "price": 875.13, "amount": 0.31, "side": "buy", "timestamp": 1765929271327}, {"id": "787648475", "price": 875.12, "amount": 0.17, "side": "sell", "timestamp": 1765929272107}, {"id": "787648619", "price": 875.4, "amount": 0.01, "side": "buy", "timestamp": 1765929310623}, {"id": "787648620", "price": 875.39, "amount": 0.17, "side": "sell", "timestamp": 1765929311047}, {"id": "787648621", "price": 875.39, "amount": 0.01, "side": "sell", "timestamp": 1765929311687}, {"id": "787648622", "price": 875.39, "amount": 0.06, "side": "sell", "timestamp": 1765929312089}, {"id": "787648623", "price": 875.39, "amount": 0.01, "side": "sell", "timestamp": 1765929312835}, {"id": "787648624", "price": 875.39, "amount": 0.02, "side": "sell", "timestamp": 1765929312937}, {"id": "787648625", "price": 875.39, "amount": 0.06, "side": "sell", "timestamp": 1765929313195}, {"id": "787648626", "price": 875.4, "amount": 0.03, "side": "buy", "timestamp": 1765929313882}, {"id": "787648627", "price": 875.39, "amount": 0.06, "side": "sell", "timestamp": 1765929314009}, {"id": "787648628", "price": 875.39, "amount": 0.11, "side": "sell", "timestamp": 1765929314153}, {"id": "787648629", "price": 875.39, "amount": 0.11, "side": "sell", "timestamp": 1765929315071}, {"id": "787648630", "price": 875.4, "amount": 0.5, "side": "buy", "timestamp": 1765929315515}, {"id": "787648631", "price": 875.39, "amount": 0.06, "side": "sell", "timestamp": 1765929316119}, {"id": "787648632", "price": 875.4, "amount": 0.19, "side": "buy", "timestamp": 1765929316207}, {"id": "787648633", "price": 875.4, "amount": 1.0, "side": "buy", "timestamp": 1765929316922}, {"id": "787648634", "price": 875.39, "amount": 0.11, "side": "sell", "timestamp": 1765929317007}, {"id": "787648635", "price": 875.39, "amount": 5.06, "side": "sell", "timestamp": 1765929317150}, {"id": "787648636", "price": 875.4, "amount": 2.47, "side": "buy", "timestamp": 1765929317519}, {"id": "787648637", "price": 875.41, "amount": 0.06, "side": "sell", "timestamp": 1765929318053}, {"id": "787648638", "price": 875.42, "amount": 0.98, "side": "buy", "timestamp": 1765929318406}, {"id": "787648639", "price": 875.42, "amount": 0.1, "side": "buy", "timestamp": 1765929318828}, {"id": "787648640", "price": 875.43, "amount": 0.95, "side": "buy", "timestamp": 1765929318828}, {"id": "787648641", "price": 875.44, "amount": 0.01, "side": "buy", "timestamp": 1765929318828}, {"id": "787648642", "price": 875.45, "amount": 0.02, "side": "buy", "timestamp": 1765929318828}, {"id": "787648643", "price": 875.46, "amount": 0.02, "side": "buy", "timestamp": 1765929318828}, {"id": "787648644", "price": 875.47, "amount": 1.72, "side": "buy", "timestamp": 1765929318828}, {"id": "787648645", "price": 875.48, "amount": 0.68, "side": "buy", "timestamp": 1765929318864}, {"id": "787648646", "price": 875.49, "amount": 0.04, "side": "buy", "timestamp": 1765929318866}, {"id": "787648647", "price": 875.5, "amount": 1.05, "side": "buy", "timestamp": 1765929318873}, {"id": "787648648", "price": 875.51, "amount": 1.69, "side": "buy", "timestamp": 1765929318875}, {"id": "787648649", "price": 875.52, "amount": 0.04, "side": "buy", "timestamp": 1765929318875}, {"id": "787648650", "price": 875.53, "amount": 0.03, "side": "buy", "timestamp": 1765929318875}, {"id": "787648651", "price": 875.53, "amount": 0.1, "side": "sell", "timestamp": 1765929318880}, {"id": "787648652", "price": 875.54, "amount": 0.01, "side": "buy", "timestamp": 1765929318883}, {"id": "787648653", "price": 875.53, "amount": 0.07, "side": "sell", "timestamp": 1765929318885}, {"id": "787648654", "price": 875.53, "amount": 0.06, "side": "sell", "timestamp": 1765929319113}, {"id": "787648655", "price": 875.54, "amount": 0.1, "side": "buy", "timestamp": 1765929319176}, {"id": "787648656", "price": 875.54, "amount": 0.04, "side": "buy", "timestamp": 1765929319764}, {"id": "787648657", "price": 875.53, "amount": 0.17, "side": "sell", "timestamp": 1765929320057}, {"id": "787648658", "price": 875.54, "amount": 0.01, "side": "buy", "timestamp": 1765929320350}, {"id": "787648659", "price": 875.54, "amount": 0.26, "side": "buy", "timestamp": 1765929321045}, {"id": "787648660", "price": 875.53, "amount": 0.02, "side": "sell", "timestamp": 1765929321045}, {"id": "787648661", "price": 875.54, "amount": 0.88, "side": "buy", "timestamp": 1765929321060}, {"id": "787648662", "price": 875.53, "amount": 0.06, "side": "sell", "timestamp": 1765929321173}, {"id": "787648663", "price": 875.53, "amount": 0.06, "side": "sell", "timestamp": 1765929322182}, {"id": "787648664", "price": 875.53, "amount": 0.72, "side": "sell", "timestamp": 1765929323026}, {"id": "787648665", "price": 875.54, "amount": 0.01, "side": "buy", "timestamp": 1765929323600}, {"id": "787648666", "price": 875.53, "amount": 0.06, "side": "sell", "timestamp": 1765929324073}, {"id": "787648667", "price": 875.53, "amount": 0.07, "side": "sell", "timestamp": 1765929325038}, {"id": "787648668", "price": 875.53, "amount": 0.1, "side": "sell", "timestamp": 1765929325268}, {"id": "787648823", "price": 875.38, "amount": 0.27, "side": "buy", "timestamp": 1765929367310}, {"id": "787648824", "price": 875.38, "amount": 1.72, "side": "buy", "timestamp": 1765929367441}, {"id": "787648825", "price": 875.37, "amount": 0.2, "side": "sell", "timestamp": 1765929368055}, {"id": "787648826", "price": 875.37, "amount": 0.57, "side": "sell", "timestamp": 1765929368191}, {"id": "787648827", "price": 875.37, "amount": 0.23, "side": "sell", "timestamp": 1765929368454}, {"id": "787648828", "price": 875.37, "amount": 0.25, "side": "sell", "timestamp": 1765929368702}, {"id": "787648829", "price": 875.37, "amount": 0.07, "side": "sell", "timestamp": 1765929368935}, {"id": "787648830", "price": 875.37, "amount": 0.06, "side": "sell", "timestamp": 1765929369139}, {"id": "787648831", "price": 875.38, "amount": 1.7, "side": "buy", "timestamp": 1765929369198}, {"id": "787648832", "price": 875.38, "amount": 0.15, "side": "buy", "timestamp": 1765929369350}, {"id": "787648833", "price": 875.38, "amount": 0.01, "side": "buy", "timestamp": 1765929369973}, {"id": "787648834", "price": 875.37, "amount": 0.06, "side": "sell", "timestamp": 1765929370004}, {"id": "787648835", "price": 875.38, "amount": 0.11, "side": "buy", "timestamp": 1765929370048}, {"id": "787648836", "price": 875.37, "amount": 3.16, "side": "sell", "timestamp": 1765929370113}, {"id": "787648837", "price": 875.38, "amount": 1.86, "side": "buy", "timestamp": 1765929370639}, {"id": "787648838", "price": 875.39, "amount": 0.02, "side": "buy", "timestamp": 1765929370648}, {"id": "787648839", "price": 875.4, "amount": 0.02, "side": "buy", "timestamp": 1765929370648}, {"id": "787648840", "price": 875.41, "amount": 0.17, "side": "sell", "timestamp": 1765929371058}, {"id": "787648841", "price": 875.42, "amount": 0.03, "side": "buy", "timestamp": 1765929371786}, {"id": "787648842", "price": 875.41, "amount": 1.06, "side": "sell", "timestamp": 1765929372017}, {"id": "787648843", "price": 875.41, "amount": 0.08, "side": "sell", "timestamp": 1765929372129}, {"id": "787648844", "price": 875.42, "amount": 0.35, "side": "buy", "timestamp": 1765929372531}, {"id": "787648845", "price": 875.44, "amount": 0.01, "side": "buy", "timestamp": 1765929372531}, {"id": "787648846", "price": 875.46, "amount": 1.22, "side": "buy", "timestamp": 1765929372606}, {"id": "787648847", "price": 875.49, "amount": 0.01, "side": "buy", "timestamp": 1765929372661}, {"id": "787648848", "price": 875.5, "amount": 0.02, "side": "buy", "timestamp": 1765929372661}, {"id": "787648849", "price": 875.5, "amount": 0.06, "side": "sell", "timestamp": 1765929373042}, {"id": "787648850", "price": 875.51, "amount": 0.02, "side": "buy", "timestamp": 1765929373247}, {"id": "787648851", "price": 875.5, "amount": 1.22, "side": "sell", "timestamp": 1765929373536}, {"id": "787648852", "price": 875.51, "amount": 0.51, "side": "buy", "timestamp": 1765929373635}, {"id": "787648853", "price": 875.52, "amount": 0.02, "side": "buy", "timestamp": 1765929373639}, {"id": "787648854", "price": 875.54, "amount": 0.04, "side": "buy", "timestamp": 1765929373639}, {"id": "787648855", "price": 875.55, "amount": 0.01, "side": "buy", "timestamp": 1765929373706}, {"id": "787648856", "price": 875.54, "amount": 0.1, "side": "sell", "timestamp": 1765929373818}, {"id": "787648857", "price": 875.55, "amount": 0.01, "side": "buy", "timestamp": 1765929373840}, {"id": "787648858", "price": 875.54, "amount": 0.06, "side": "sell", "timestamp": 1765929374094}, {"id": "787648859", "price": 875.55, "amount": 0.02, "side": "buy", "timestamp": 1765929374199}, {"id": "787648860", "price": 875.54, "amount": 0.11, "side": "sell", "timestamp": 1765929374200}, {"id": "787648861", "price": 875.55, "amount": 1.19, "side": "buy", "timestamp": 1765929374395}, {"id": "787648862", "price": 875.55, "amount": 0.04, "side": "buy", "timestamp": 1765929374964}, {"id": "787648863", "price": 875.56, "amount": 0.06, "side": "buy", "timestamp": 1765929374967}, {"id": "787648864", "price": 875.57, "amount": 0.06, "side": "sell", "timestamp": 1765929375158}, {"id": "787648865", "price": 875.57, "amount": 0.04, "side": "sell", "timestamp": 1765929375461}, {"id": "787648866", "price": 875.57, "amount": 0.07, "side": "sell", "timestamp": 1765929375711}, {"id": "787648867", "price": 875.57, "amount": 0.06, "side": "sell", "timestamp": 1765929376197}, {"id": "787648868", "price": 875.58, "amount": 0.02, "side": "buy", "timestamp": 1765929376700}, {"id": "787648869", "price": 875.57, "amount": 0.17, "side": "sell", "timestamp": 1765929377019}, {"id": "787648870", "price": 875.58, "amount": 0.24, "side": "buy", "timestamp": 1765929377873}, {"id": "787648871", "price": 875.59, "amount": 0.06, "side": "sell", "timestamp": 1765929378071}, {"id": "787648872", "price": 875.6, "amount": 0.02, "side": "buy", "timestamp": 1765929378194}, {"id": "787648973", "price": 875.59, "amount": 0.06, "side": "sell", "timestamp": 1765929415134}, {"id": "787648974", "price": 875.6, "amount": 0.4, "side": "buy", "timestamp": 1765929415250}, {"id": "787648975", "price": 875.59, "amount": 2.0, "side": "sell", "timestamp": 1765929415776}, {"id": "787648976", "price": 875.59, "amount": 0.17, "side": "sell", "timestamp": 1765929416159}, {"id": "787648977", "price": 875.6, "amount": 0.01, "side": "buy", "timestamp": 1765929416715}, {"id": "787648978", "price": 875.6, "amount": 0.21, "side": "buy", "timestamp": 1765929416928}, {"id": "787648979", "price": 875.59, "amount": 0.06, "side": "sell", "timestamp": 1765929417168}, {"id": "787648980", "price": 875.59, "amount": 0.06, "side": "sell", "timestamp": 1765929418182}, {"id": "787648981", "price": 875.6, "amount": 0.05, "side": "buy", "timestamp": 1765929418474}, {"id": "787648982", "price": 875.6, "amount": 4.41, "side": "buy", "timestamp": 1765929418669}, {"id": "787648983", "price": 875.61, "amount": 1.59, "side": "buy", "timestamp": 1765929418669}, {"id": "787648984", "price": 875.6, "amount": 0.06, "side": "sell", "timestamp": 1765929419010}, {"id": "787648985", "price": 875.6, "amount": 0.11, "side": "sell", "timestamp": 1765929419187}, {"id": "787648986", "price": 875.6, "amount": 0.01, "side": "sell", "timestamp": 1765929419680}, {"id": "787648987", "price": 875.61, "amount": 0.03, "side": "buy", "timestamp": 1765929419861}, {"id": "787648988", "price": 875.6, "amount": 0.06, "side": "sell", "timestamp": 1765929420079}, {"id": "787648989", "price": 875.61, "amount": 0.01, "side": "buy", "timestamp": 1765929420138}, {"id": "787648990", "price": 875.6, "amount": 0.08, "side": "sell", "timestamp": 1765929421090}, {"id": "787648991", "price": 875.61, "amount": 0.03, "side": "buy", "timestamp": 1765929421485}, {"id": "787648992", "price": 875.61, "amount": 0.36, "side": "buy", "timestamp": 1765929421951}, {"id": "787648993", "price": 875.6, "amount": 0.11, "side": "sell", "timestamp": 1765929422040}, {"id": "787648994", "price": 875.6, "amount": 0.06, "side": "sell", "timestamp": 1765929422159}, {"id": "787648995", "price": 875.61, "amount": 0.1, "side": "buy", "timestamp": 1765929422608}, {"id": "787648996", "price": 875.61, "amount": 0.1, "side": "buy", "timestamp": 1765929422895}, {"id": "787648997", "price": 875.6, "amount": 0.06, "side": "sell", "timestamp": 1765929423045}, {"id": "787648998", "price": 875.61, "amount": 0.03, "side": "buy", "timestamp": 1765929423183}, {"id": "787648999", "price": 875.61, "amount": 0.28, "side": "buy", "timestamp": 1765929423584}, {"id": "787649000", "price": 875.61, "amount": 0.09, "side": "buy", "timestamp": 1765929423776}, {"id": "787649001", "price": 875.6, "amount": 0.06, "side": "sell", "timestamp": 1765929424059}, {"id": "787649002", "price": 875.61, "amount": 0.48, "side": "buy", "timestamp": 1765929424908}, {"id": "787649003", "price": 875.61, "amount": 0.01, "side": "buy", "timestamp": 1765929425092}, {"id": "787649004", "price": 875.6, "amount": 0.17, "side": "sell", "timestamp": 1765929425096}, {"id": "787649005", "price": 875.61, "amount": 0.02, "side": "buy", "timestamp": 1765929425341}, {"id": "787649006", "price": 875.61, "amount": 0.01, "side": "buy", "timestamp": 1765929425916}, {"id": "787649007", "price": 875.6, "amount": 0.06, "side": "sell", "timestamp": 1765929426107}, {"id": "787649008", "price": 875.61, "amount": 0.01, "side": "buy", "timestamp": 1765929426445}, {"id": "787649009", "price": 875.61, "amount": 0.01, "side": "buy", "timestamp": 1765929426878}, {"id": "787649010", "price": 875.6, "amount": 0.06, "side": "sell", "timestamp": 1765929427148}, {"id": "787649011", "price": 875.61, "amount": 0.09, "side": "buy", "timestamp": 1765929428063}, {"id": "787649012", "price": 875.6, "amount": 0.17, "side": "sell", "timestamp": 1765929428133}, {"id": "787649013", "price": 875.6, "amount": 0.03, "side": "sell", "timestamp": 1765929428542}, {"id": "787649014", "price": 875.61, "amount": 0.12, "side": "buy", "timestamp": 1765929428701}, {"id": "787649015", "price": 875.61, "amount": 1.61, "side": "buy", "timestamp": 1765929428849}, {"id": "787649016", "price": 875.6, "amount": 0.06, "side": "sell", "timestamp": 1765929429183}, {"id": "787649017", "price": 875.61, "amount": 0.03, "side": "buy", "timestamp": 1765929429577}, {"id": "787649018", "price": 875.61, "amount": 1.71, "side": "buy", "timestamp": 1765929429738}, {"id": "787649019", "price": 875.6, "amount": 0.01, "side": "sell", "timestamp": 1765929429839}, {"id": "787649020", "price": 875.6, "amount": 0.06, "side": "sell", "timestamp": 1765929430196}, {"id": "787649021", "price": 875.6, "amount": 0.06, "side": "sell", "timestamp": 1765929431010}, {"id": "787649022", "price": 875.6, "amount": 0.11, "side": "sell", "timestamp": 1765929431179}, {"id": "787649154", "price": 875.79, "amount": 3.92, "side": "sell", "timestamp": 1765929475892}, {"id": "787649155", "price": 875.78, "amount": 0.04, "side": "sell", "timestamp": 1765929475892}, {"id": "787649156", "price": 875.76, "amount": 0.01, "side": "sell", "timestamp": 1765929475897}, {"id": "787649157", "price": 875.75, "amount": 0.01, "side": "sell", "timestamp": 1765929475897}, {"id": "787649158", "price": 875.74, "amount": 0.26, "side": "sell", "timestamp": 1765929475897}, {"id": "787649159", "price": 875.73, "amount": 1.87, "side": "sell", "timestamp": 1765929475902}, {"id": "787649160", "price": 875.72, "amount": 0.17, "side": "sell", "timestamp": 1765929476107}, {"id": "787649161", "price": 875.72, "amount": 0.02, "side": "sell", "timestamp": 1765929476885}, {"id": "787649162", "price": 875.72, "amount": 0.06, "side": "sell", "timestamp": 1765929477067}, {"id": "787649163", "price": 875.72, "amount": 3.19, "side": "sell", "timestamp": 1765929477408}, {"id": "787649164", "price": 875.71, "amount": 1.94, "side": "sell", "timestamp": 1765929477411}, {"id": "787649165", "price": 875.7, "amount": 1.51, "side": "sell", "timestamp": 1765929477437}, {"id": "787649166", "price": 875.69, "amount": 0.1, "side": "sell", "timestamp": 1765929477437}, {"id": "787649167", "price": 875.68, "amount": 2.88, "side": "sell", "timestamp": 1765929477437}, {"id": "787649168", "price": 875.67, "amount": 0.06, "side": "sell", "timestamp": 1765929477442}, {"id": "787649169", "price": 875.66, "amount": 0.61, "side": "sell", "timestamp": 1765929477442}, {"id": "787649170", "price": 875.65, "amount": 1.23, "side": "sell", "timestamp": 1765929477502}, {"id": "787649171", "price": 875.64, "amount": 0.11, "side": "sell", "timestamp": 1765929477502}, {"id": "787649172", "price": 875.63, "amount": 0.01, "side": "buy", "timestamp": 1765929477586}, {"id": "787649173", "price": 875.62, "amount": 0.1, "side": "sell", "timestamp": 1765929477792}, {"id": "787649174", "price": 875.62, "amount": 0.06, "side": "sell", "timestamp": 1765929478007}, {"id": "787649175", "price": 875.62, "amount": 1.18, "side": "sell", "timestamp": 1765929478366}, {"id": "787649176", "price": 875.61, "amount": 1.22, "side": "sell", "timestamp": 1765929478549}, {"id": "787649177", "price": 875.61, "amount": 0.17, "side": "sell", "timestamp": 1765929479069}, {"id": "787649178", "price": 875.62, "amount": 0.01, "side": "buy", "timestamp": 1765929479210}, {"id": "787649179", "price": 875.61, "amount": 0.06, "side": "sell", "timestamp": 1765929480107}, {"id": "787649180", "price": 875.62, "amount": 4.22, "side": "buy", "timestamp": 1765929480642}, {"id": "787649181", "price": 875.62, "amount": 0.03, "side": "buy", "timestamp": 1765929480778}, {"id": "787649182", "price": 875.61, "amount": 0.06, "side": "sell", "timestamp": 1765929481150}, {"id": "787649183", "price": 875.62, "amount": 0.11, "side": "buy", "timestamp": 1765929481439}, {"id": "787649184", "price": 875.62, "amount": 0.01, "side": "buy", "timestamp": 1765929481769}, {"id": "787649185", "price": 875.61, "amount": 0.11, "side": "sell", "timestamp": 1765929482007}, {"id": "787649186", "price": 875.62, "amount": 0.25, "side": "buy", "timestamp": 1765929482122}, {"id": "787649187", "price": 875.61, "amount": 0.06, "side": "sell", "timestamp": 1765929482181}, {"id": "787649188", "price": 875.62, "amount": 0.01, "side": "buy", "timestamp": 1765929482637}, {"id": "787649189", "price": 875.61, "amount": 18.49, "side": "sell", "timestamp": 1765929482659}, {"id": "787649190", "price": 875.6, "amount": 0.08, "side": "sell", "timestamp": 1765929482659}, {"id": "787649191", "price": 875.59, "amount": 8.41, "side": "sell", "timestamp": 1765929482659}, {"id": "787649192", "price": 875.58, "amount": 0.13, "side": "sell", "timestamp": 1765929482659}, {"id": "787649193", "price": 875.57, "amount": 46.7, "side": "sell", "timestamp": 1765929482659}, {"id": "787649194", "price": 875.56, "amount": 8.06, "side": "sell", "timestamp": 1765929482659}, {"id": "787649195", "price": 875.55, "amount": 3.02, "side": "sell", "timestamp": 1765929482659}, {"id": "787649196", "price": 875.54, "amount": 28.11, "side": "sell", "timestamp": 1765929482659}, {"id": "787649197", "price": 875.55, "amount": 1.45, "side": "buy", "timestamp": 1765929482695}, {"id": "787649198", "price": 875.54, "amount": 0.28, "side": "sell", "timestamp": 1765929482995}, {"id": "787649199", "price": 875.55, "amount": 1.12, "side": "buy", "timestamp": 1765929483275}, {"id": "787649200", "price": 875.56, "amount": 0.01, "side": "buy", "timestamp": 1765929483279}, {"id": "787649201", "price": 875.6, "amount": 0.02, "side": "buy", "timestamp": 1765929483279}, {"id": "787649202", "price": 875.6, "amount": 1.37, "side": "sell", "timestamp": 1765929483403}, {"id": "787649203", "price": 875.61, "amount": 0.59, "side": "buy", "timestamp": 1765929483434}, {"id": "787649377", "price": 876.17, "amount": 3.99, "side": "sell", "timestamp": 1765929525048}, {"id": "787649378", "price": 876.18, "amount": 0.01, "side": "buy", "timestamp": 1765929525054}, {"id": "787649379", "price": 876.17, "amount": 0.06, "side": "sell", "timestamp": 1765929525180}, {"id": "787649380", "price": 876.18, "amount": 0.01, "side": "buy", "timestamp": 1765929525283}, {"id": "787649381", "price": 876.18, "amount": 0.12, "side": "buy", "timestamp": 1765929525526}, {"id": "787649382", "price": 876.17, "amount": 0.12, "side": "sell", "timestamp": 1765929525599}, {"id": "787649383", "price": 876.18, "amount": 0.01, "side": "buy", "timestamp": 1765929525866}, {"id": "787649384", "price": 876.18, "amount": 0.01, "side": "buy", "timestamp": 1765929525998}, {"id": "787649385", "price": 876.17, "amount": 0.06, "side": "sell", "timestamp": 1765929526043}, {"id": "787649386", "price": 876.18, "amount": 3.52, "side": "buy", "timestamp": 1765929526066}, {"id": "787649387", "price": 876.17, "amount": 0.01, "side": "sell", "timestamp": 1765929526149}, {"id": "787649388", "price": 876.17, "amount": 0.22, "side": "sell", "timestamp": 1765929526272}, {"id": "787649389", "price": 876.18, "amount": 0.02, "side": "buy", "timestamp": 1765929526481}, {"id": "787649390", "price": 876.17, "amount": 0.01, "side": "sell", "timestamp": 1765929526787}, {"id": "787649391", "price": 876.18, "amount": 0.01, "side": "buy", "timestamp": 1765929526931}, {"id": "787649392", "price": 876.17, "amount": 0.17, "side": "sell", "timestamp": 1765929527150}, {"id": "787649393", "price": 876.17, "amount": 9.26, "side": "sell", "timestamp": 1765929527421}, {"id": "787649394", "price": 876.16, "amount": 5.07, "side": "sell", "timestamp": 1765929527683}, {"id": "787649395", "price": 876.15, "amount": 4.9, "side": "sell", "timestamp": 1765929527685}, {"id": "787649396", "price": 876.15, "amount": 0.06, "side": "sell", "timestamp": 1765929528151}, {"id": "787649397", "price": 876.15, "amount": 4.03, "side": "sell", "timestamp": 1765929528785}, {"id": "787649398", "price": 876.15, "amount": 0.03, "side": "sell", "timestamp": 1765929528993}, {"id": "787649399", "price": 876.16, "amount": 0.01, "side": "buy", "timestamp": 1765929529165}, {"id": "787649400", "price": 876.15, "amount": 0.06, "side": "sell", "timestamp": 1765929529190}, {"id": "787649401", "price": 876.15, "amount": 0.22, "side": "sell", "timestamp": 1765929529719}, {"id": "787649402", "price": 876.15, "amount": 3.49, "side": "sell", "timestamp": 1765929529833}, {"id": "787649403", "price": 876.16, "amount": 0.03, "side": "buy", "timestamp": 1765929529844}, {"id": "787649404", "price": 876.15, "amount": 0.35, "side": "sell", "timestamp": 1765929529852}, {"id": "787649405", "price": 876.14, "amount": 0.02, "side": "sell", "timestamp": 1765929529852}, {"id": "787649406", "price": 876.12, "amount": 0.08, "side": "sell", "timestamp": 1765929529852}, {"id": "787649407", "price": 876.11, "amount": 0.01, "side": "sell", "timestamp": 1765929529852}, {"id": "787649408", "price": 876.1, "amount": 0.06, "side": "sell", "timestamp": 1765929530034}, {"id": "787649409", "price": 876.11, "amount": 0.1, "side": "buy", "timestamp": 1765929530085}, {"id": "787649410", "price": 876.1, "amount": 0.11, "side": "sell", "timestamp": 1765929530163}, {"id": "787649411", "price": 876.11, "amount": 0.03, "side": "buy", "timestamp": 1765929530279}, {"id": "787649412", "price": 876.1, "amount": 0.3, "side": "sell", "timestamp": 1765929530507}, {"id": "787649413", "price": 876.09, "amount": 0.04, "side": "sell", "timestamp": 1765929530507}, {"id": "787649414", "price": 876.09, "amount": 0.03, "side": "buy", "timestamp": 1765929530764}, {"id": "787649415", "price": 876.08, "amount": 1.48, "side": "sell", "timestamp": 1765929530885}, {"id": "787649416", "price": 876.08, "amount": 0.22, "side": "sell", "timestamp": 1765929531074}, {"id": "787649417", "price": 876.08, "amount": 6.0, "side": "buy", "timestamp": 1765929531175}, {"id": "787649418", "price": 876.08, "amount": 0.06, "side": "buy", "timestamp": 1765929531484}, {"id": "787649419", "price": 876.08, "amount": 0.02, "side": "buy", "timestamp": 1765929531899}, {"id": "787649420", "price": 876.07, "amount": 0.06, "side": "sell", "timestamp": 1765929532172}, {"id": "787649421", "price": 876.07, "amount": 0.28, "side": "sell", "timestamp": 1765929533013}, {"id": "787649422", "price": 876.08, "amount": 0.01, "side": "buy", "timestamp": 1765929533178}, {"id": "787649423", "price": 876.07, "amount": 0.11, "side": "sell", "timestamp": 1765929533198}, {"id": "787649424", "price": 876.07, "amount": 0.18, "side": "sell", "timestamp": 1765929534116}, {"id": "787649425", "price": 876.07, "amount": 0.01, "side": "buy", "timestamp": 1765929534174}, {"id": "787649426", "price": 876.06, "amount": 0.06, "side": "sell", "timestamp": 1765929535154}, {"id": "787649555", "price": 875.73, "amount": 0.17, "side": "sell", "timestamp": 1765929575129}, {"id": "787649556", "price": 875.74, "amount": 0.07, "side": "buy", "timestamp": 1765929575786}, {"id": "787649557", "price": 875.73, "amount": 0.06, "side": "sell", "timestamp": 1765929576014}, {"id": "787649558", "price": 875.73, "amount": 0.62, "side": "sell", "timestamp": 1765929577021}, {"id": "787649559", "price": 875.73, "amount": 0.51, "side": "sell", "timestamp": 1765929578008}, {"id": "787649560", "price": 875.73, "amount": 0.12, "side": "sell", "timestamp": 1765929578118}, {"id": "787649561", "price": 875.73, "amount": 0.05, "side": "sell", "timestamp": 1765929578247}, {"id": "787649562", "price": 875.73, "amount": 0.4, "side": "sell", "timestamp": 1765929579117}, {"id": "787649563", "price": 875.74, "amount": 4.67, "side": "buy", "timestamp": 1765929579513}, {"id": "787649564", "price": 875.73, "amount": 0.06, "side": "sell", "timestamp": 1765929580131}, {"id": "787649565", "price": 875.73, "amount": 0.17, "side": "sell", "timestamp": 1765929581173}, {"id": "787649566", "price": 875.74, "amount": 0.01, "side": "buy", "timestamp": 1765929581299}, {"id": "787649567", "price": 875.73, "amount": 0.06, "side": "sell", "timestamp": 1765929582221}, {"id": "787649568", "price": 875.73, "amount": 0.06, "side": "sell", "timestamp": 1765929583036}, {"id": "787649569", "price": 875.74, "amount": 0.01, "side": "buy", "timestamp": 1765929583246}, {"id": "787649570", "price": 875.73, "amount": 0.17, "side": "sell", "timestamp": 1765929584126}, {"id": "787649571", "price": 875.74, "amount": 4.77, "side": "buy", "timestamp": 1765929584880}, {"id": "787649572", "price": 875.73, "amount": 0.68, "side": "sell", "timestamp": 1765929585019}, {"id": "787649573", "price": 875.74, "amount": 14.44, "side": "buy", "timestamp": 1765929585098}, {"id": "787649574", "price": 875.74, "amount": 0.06, "side": "sell", "timestamp": 1765929585152}, {"id": "787649575", "price": 875.75, "amount": 2.05, "side": "buy", "timestamp": 1765929585269}, {"id": "787649576", "price": 875.75, "amount": 7.75, "side": "buy", "timestamp": 1765929585458}, {"id": "787649577", "price": 875.76, "amount": 19.17, "side": "buy", "timestamp": 1765929585490}, {"id": "787649578", "price": 875.77, "amount": 0.55, "side": "buy", "timestamp": 1765929585490}, {"id": "787649579", "price": 875.79, "amount": 0.02, "side": "buy", "timestamp": 1765929585494}, {"id": "787649580", "price": 875.8, "amount": 0.02, "side": "buy", "timestamp": 1765929585494}, {"id": "787649581", "price": 875.82, "amount": 0.05, "side": "buy", "timestamp": 1765929585494}, {"id": "787649582", "price": 875.83, "amount": 0.02, "side": "buy", "timestamp": 1765929585550}, {"id": "787649583", "price": 875.83, "amount": 0.06, "side": "sell", "timestamp": 1765929586167}, {"id": "787649584", "price": 875.84, "amount": 0.03, "side": "buy", "timestamp": 1765929586540}, {"id": "787649585", "price": 875.84, "amount": 3.39, "side": "buy", "timestamp": 1765929586758}, {"id": "787649586", "price": 875.85, "amount": 0.01, "side": "buy", "timestamp": 1765929586758}, {"id": "787649587", "price": 875.86, "amount": 0.02, "side": "buy", "timestamp": 1765929586772}, {"id": "787649588", "price": 875.87, "amount": 0.01, "side": "buy", "timestamp": 1765929586772}, {"id": "787649589", "price": 875.88, "amount": 0.02, "side": "buy", "timestamp": 1765929586772}, {"id": "787649590", "price": 875.9, "amount": 0.02, "side": "buy", "timestamp": 1765929586949}, {"id": "787649591", "price": 875.91, "amount": 0.01, "side": "buy", "timestamp": 1765929586949}, {"id": "787649592", "price": 875.92, "amount": 0.04, "side": "buy", "timestamp": 1765929586949}, {"id": "787649593", "price": 875.94, "amount": 0.03, "side": "buy", "timestamp": 1765929586949}, {"id": "787649594", "price": 875.95, "amount": 0.02, "side": "buy", "timestamp": 1765929586949}, {"id": "787649595", "price": 875.96, "amount": 0.22, "side": "buy", "timestamp": 1765929586949}, {"id": "787649596", "price": 875.96, "amount": 0.11, "side": "sell", "timestamp": 1765929587043}, {"id": "787649597", "price": 875.96, "amount": 0.06, "side": "sell", "timestamp": 1765929587190}, {"id": "787649598", "price": 875.97, "amount": 2.0, "side": "buy", "timestamp": 1765929587207}, {"id": "787649599", "price": 875.97, "amount": 3.77, "side": "buy", "timestamp": 1765929587734}, {"id": "787649600", "price": 876.0, "amount": 0.14, "side": "buy", "timestamp": 1765929587775}, {"id": "787649601", "price": 876.02, "amount": 1.13, "side": "buy", "timestamp": 1765929587775}, {"id": "787649602", "price": 876.01, "amount": 0.64, "side": "sell", "timestamp": 1765929587803}, {"id": "787649603", "price": 876.01, "amount": 0.06, "side": "sell", "timestamp": 1765929588042}, {"id": "787649604", "price": 876.02, "amount": 0.1, "side": "buy", "timestamp": 1765929588232}]