[{"symbol": "AVAXUSDT", "bids": [[11.858, 663.0], [11.857, 1329.0], [11.856, 1706.0], [11.855, 1223.0], [11.854, 1376.0], [11.853, 1606.0], [11.852, 1605.0], [11.851, 1313.0], [11.85, 1592.0], [11.849, 2228.0], [11.848, 3054.0], [11.847, 837.0], [11.846, 685.0], [11.845, 1275.0], [11.844, 1342.0], [11.843, 831.0], [11.842, 1096.0], [11.841, 1355.0], [11.84, 4749.0], [11.839, 742.0]], "asks": [[11.859, 28.0], [11.86, 4.0], [11.861, 384.0], [11.862, 517.0], [11.863, 662.0], [11.864, 690.0], [11.865, 1070.0], [11.866, 1243.0], [11.867, 922.0], [11.868, 2176.0], [11.869, 938.0], [11.87, 930.0], [11.871, 672.0], [11.872, 1673.0], [11.873, 827.0], [11.874, 1783.0], [11.875, 1351.0], [11.876, 637.0], [11.877, 827.0], [11.878, 2726.0]], "timestamp": "2025-12-18T00:00:36.954916+00:00"}, {"symbol": "AVAXUSDT", "bids": [[11.85, 4.0], [11.849, 89.0], [11.848, 306.0], [11.847, 555.0], [11.846, 1051.0], [11.845, 675.0], [11.844, 848.0], [11.843, 632.0], [11.842, 856.0], [11.841, 3619.0], [11.84, 2671.0], [11.839, 613.0], [11.838, 1615.0], [11.837, 859.0], [11.836, 869.0], [11.835, 885.0], [11.834, 1088.0], [11.833, 2251.0], [11.832, 1237.0], [11.831, 1553.0]], "asks": [[11.851, 654.0], [11.852, 1612.0], [11.853, 5269.0], [11.854, 1309.0], [11.855, 1387.0], [11.856, 1229.0], [11.857, 1096.0], [11.858, 1183.0], [11.859, 1462.0], [11.86, 1168.0], [11.861, 748.0], [11.862, 1218.0], [11.863, 2158.0], [11.864, 2184.0], [11.865, 2458.0], [11.866, 1266.0], [11.867, 774.0], [11.868, 804.0], [11.869, 1388.0], [11.87, 1091.0]], "timestamp": "2025-12-18T00:01:34.618732+00:00"}, {"symbol": "AVAXUSDT", "bids": [[11.839, 16.0], [11.838, 164.0], [11.837, 479.0], [11.836, 1365.0], [11.835, 1811.0], [11.834, 1775.0], [11.833, 868.0], [11.832, 1534.0], [11.831, 1259.0], [11.83, 784.0], [11.829, 1032.0], [11.828, 2559.0], [11.827, 604.0], [11.826, 1456.0], [11.825, 2048.0], [11.824, 4563.0], [11.823, 2285.0], [11.822, 784.0], [11.821, 2286.0], [11.82, 823.0]], "asks": [[11.84, 1363.0], [11.841, 633.0], [11.842, 1030.0], [11.843, 498.0], [11.844, 1034.0], [11.845, 1045.0], [11.846, 906.0], [11.847, 1143.0], [11.848, 1743.0], [11.849, 454.0], [11.85, 799.0], [11.851, 2045.0], [11.852, 3524.0], [11.853, 1213.0], [11.854, 1428.0], [11.855, 756.0], [11.856, 949.0], [11.857, 649.0], [11.858, 1296.0], [11.859, 2914.0]], "timestamp": "2025-12-18T00:02:30.319146+00:00"}, {"symbol": "AVAXUSDT", "bids": [[11.836, 98.0], [11.835, 501.0], [11.834, 554.0], [11.833, 338.0], [11.832, 1387.0], [11.831, 657.0], [11.83, 656.0], [11.829, 1090.0], [11.828, 918.0], [11.827, 2317.0], [11.826, 1202.0], [11.825, 1567.0], [11.824, 2464.0], [11.823, 3755.0], [11.822, 986.0], [11.821, 885.0], [11.82, 809.0], [11.819, 2800.0], [11.818, 15008.0], [11.817, 742.0]], "asks": [[11.837, 663.0], [11.838, 768.0], [11.839, 696.0], [11.84, 800.0], [11.841, 773.0], [11.842, 1740.0], [11.843, 1207.0], [11.844, 1225.0], [11.845, 1563.0], [11.846, 2074.0], [11.847, 1679.0], [11.848, 2726.0], [11.849, 2357.0], [11.85, 2812.0], [11.851, 962.0], [11.852, 2045.0], [11.853, 460.0], [11.854, 612.0], [11.855, 1028.0], [11.856, 1048.0]], "timestamp": "2025-12-18T00:03:25.456562+00:00"}, {"symbol": "AVAXUSDT", "bids": [[11.829, 35.0], [11.828, 96.0], [11.827, 919.0], [11.826, 595.0], [11.825, 829.0], [11.824, 990.0], [11.823, 802.0], [11.822, 721.0], [11.821, 1353.0], [11.82, 1144.0], [11.819, 762.0], [11.818, 2156.0], [11.817, 854.0], [11.816, 1953.0], [11.815, 3878.0], [11.814, 1860.0], [11.813, 2286.0], [11.812, 1589.0], [11.811, 1045.0], [11.81, 1326.0]], "asks": [[11.83, 916.0], [11.831, 863.0], [11.832, 374.0], [11.833, 1146.0], [11.834, 1652.0], [11.835, 1366.0], [11.836, 2067.0], [11.837, 2110.0], [11.838, 1755.0], [11.839, 1490.0], [11.84, 1591.0], [11.841, 1618.0], [11.842, 3651.0], [11.843, 1857.0], [11.844, 981.0], [11.845, 1587.0], [11.846, 1419.0], [11.847, 1627.0], [11.848, 1498.0], [11.849, 1252.0]], "timestamp": "2025-12-18T00:04:23.463261+00:00"}, {"symbol": "AVAXUSDT", "bids": [[11.832, 52.0], [11.831, 37.0], [11.83, 199.0], [11.829, 771.0], [11.828, 1286.0], [11.827, 796.0], [11.826, 940.0], [11.825, 1059.0], [11.824, 1016.0], [11.823, 871.0], [11.822, 1356.0], [11.821, 902.0], [11.82, 1621.0], [11.819, 4393.0], [11.818, 987.0], [11.817, 1056.0], [11.816, 2047.0], [11.815, 2816.0], [11.814, 15174.0], [11.813, 870.0]], "asks": [[11.833, 1178.0], [11.834, 695.0], [11.835, 548.0], [11.836, 896.0], [11.837, 1648.0], [11.838, 1036.0], [11.839, 1061.0], [11.84, 1257.0], [11.841, 1203.0], [11.842, 1681.0], [11.843, 1006.0], [11.844, 1325.0], [11.845, 1299.0], [11.846, 2496.0], [11.847, 2683.0], [11.848, 1133.0], [11.849, 1234.0], [11.85, 1069.0], [11.851, 756.0], [11.852, 1089.0]], "timestamp": "2025-12-18T00:05:22.442643+00:00"}, {"symbol": "AVAXUSDT", "bids": [[11.818, 50.0], [11.817, 485.0], [11.816, 307.0], [11.815, 602.0], [11.814, 1504.0], [11.813, 696.0], [11.812, 921.0], [11.811, 1375.0], [11.81, 3188.0], [11.809, 719.0], [11.808, 1406.0], [11.807, 733.0], [11.806, 2766.0], [11.805, 1988.0], [11.804, 739.0], [11.803, 1111.0], [11.802, 2541.0], [11.801, 490.0], [11.8, 781.0], [11.799, 2687.0]], "asks": [[11.819, 2146.0], [11.82, 335.0], [11.821, 809.0], [11.822, 1799.0], [11.823, 2403.0], [11.824, 1108.0], [11.825, 748.0], [11.826, 1465.0], [11.827, 1576.0], [11.828, 992.0], [11.829, 1680.0], [11.83, 1339.0], [11.831, 2746.0], [11.832, 1260.0], [11.833, 1993.0], [11.834, 962.0], [11.835, 1177.0], [11.836, 1430.0], [11.837, 1201.0], [11.838, 1328.0]], "timestamp": "2025-12-18T00:06:20.138315+00:00"}, {"symbol": "AVAXUSDT", "bids": [[11.824, 577.0], [11.823, 853.0], [11.822, 679.0], [11.821, 710.0], [11.82, 1842.0], [11.819, 672.0], [11.818, 937.0], [11.817, 1069.0], [11.816, 1118.0], [11.815, 1211.0], [11.814, 2579.0], [11.813, 1081.0], [11.812, 804.0], [11.811, 1512.0], [11.81, 743.0], [11.809, 1323.0], [11.808, 1039.0], [11.807, 1322.0], [11.806, 3938.0], [11.805, 3289.0]], "asks": [[11.825, 32.0], [11.826, 188.0], [11.827, 654.0], [11.828, 1787.0], [11.829, 1499.0], [11.83, 1259.0], [11.831, 1252.0], [11.832, 921.0], [11.833, 1120.0], [11.834, 1381.0], [11.835, 2108.0], [11.836, 2492.0], [11.837, 1295.0], [11.838, 2195.0], [11.839, 1187.0], [11.84, 1705.0], [11.841, 1354.0], [11.842, 1247.0], [11.843, 1442.0], [11.844, 677.0]], "timestamp": "2025-12-18T00:07:16.032482+00:00"}, {"symbol": "AVAXUSDT", "bids": [[11.821, 28.0], [11.82, 297.0], [11.819, 590.0], [11.818, 587.0], [11.817, 1463.0], [11.816, 827.0], [11.815, 956.0], [11.814, 1539.0], [11.813, 677.0], [11.812, 801.0], [11.811, 980.0], [11.81, 3202.0], [11.809, 3413.0], [11.808, 1580.0], [11.807, 707.0], [11.806, 1213.0], [11.805, 1620.0], [11.804, 1898.0], [11.803, 1239.0], [11.802, 2295.0]], "asks": [[11.822, 908.0], [11.823, 919.0], [11.824, 1027.0], [11.825, 1063.0], [11.826, 753.0], [11.827, 1814.0], [11.828, 1307.0], [11.829, 1666.0], [11.83, 3020.0], [11.831, 1422.0], [11.832, 712.0], [11.833, 1215.0], [11.834, 2734.0], [11.835, 1450.0], [11.836, 1211.0], [11.837, 837.0], [11.838, 965.0], [11.839, 1288.0], [11.84, 2073.0], [11.841, 1456.0]], "timestamp": "2025-12-18T00:08:14.173095+00:00"}, {"symbol": "AVAXUSDT", "bids": [[11.817, 304.0], [11.816, 915.0], [11.815, 4071.0], [11.814, 1014.0], [11.813, 1639.0], [11.812, 982.0], [11.811, 1660.0], [11.81, 892.0], [11.809, 884.0], [11.808, 2844.0], [11.807, 1205.0], [11.806, 1400.0], [11.805, 3458.0], [11.804, 1653.0], [11.803, 1280.0], [11.802, 1287.0], [11.801, 2971.0], [11.8, 706.0], [11.799, 1185.0], [11.798, 1993.0]], "asks": [[11.818, 681.0], [11.819, 223.0], [11.82, 672.0], [11.821, 743.0], [11.822, 924.0], [11.823, 818.0], [11.824, 1492.0], [11.825, 1128.0], [11.826, 1088.0], [11.827, 1696.0], [11.828, 1845.0], [11.829, 2271.0], [11.83, 2325.0], [11.831, 557.0], [11.832, 860.0], [11.833, 1063.0], [11.834, 1247.0], [11.835, 2791.0], [11.836, 1244.0], [11.837, 3265.0]], "timestamp": "2025-12-18T00:09:13.051549+00:00"}, {"symbol": "AVAXUSDT", "bids": [[11.811, 531.0], [11.81, 321.0], [11.809, 714.0], [11.808, 858.0], [11.807, 530.0], [11.806, 664.0], [11.805, 1510.0], [11.804, 798.0], [11.803, 713.0], [11.802, 1703.0], [11.801, 4237.0], [11.8, 766.0], [11.799, 1587.0], [11.798, 534.0], [11.797, 959.0], [11.796, 535.0], [11.795, 1095.0], [11.794, 2432.0], [11.793, 1385.0], [11.792, 2166.0]], "asks": [[11.812, 464.0], [11.813, 463.0], [11.814, 908.0], [11.815, 1147.0], [11.816, 1092.0], [11.817, 1366.0], [11.818, 1980.0], [11.819, 1621.0], [11.82, 2097.0], [11.821, 1549.0], [11.822, 1351.0], [11.823, 1755.0], [11.824, 1311.0], [11.825, 1218.0], [11.826, 2884.0], [11.827, 1451.0], [11.828, 2513.0], [11.829, 1378.0], [11.83, 2328.0], [11.831, 2577.0]], "timestamp": "2025-12-18T00:10:11.732781+00:00"}, {"symbol": "AVAXUSDT", "bids": [[11.813, 898.0], [11.812, 5392.0], [11.811, 1028.0], [11.81, 1639.0], [11.809, 1098.0], [11.808, 1970.0], [11.807, 804.0], [11.806, 1189.0], [11.805, 1174.0], [11.804, 1238.0], [11.803, 1272.0], [11.802, 2318.0], [11.801, 768.0], [11.8, 1379.0], [11.799, 1388.0], [11.798, 1409.0], [11.797, 1142.0], [11.796, 1158.0], [11.795, 1940.0], [11.794, 1225.0]], "asks": [[11.814, 18.0], [11.815, 282.0], [11.816, 1533.0], [11.817, 771.0], [11.818, 1271.0], [11.819, 1270.0], [11.82, 1347.0], [11.821, 895.0], [11.822, 985.0], [11.823, 1146.0], [11.824, 2450.0], [11.825, 855.0], [11.826, 2328.0], [11.827, 1271.0], [11.828, 1267.0], [11.829, 1366.0], [11.83, 3060.0], [11.831, 2867.0], [11.832, 2875.0], [11.833, 14512.0]], "timestamp": "2025-12-18T00:11:07.859963+00:00"}, {"symbol": "AVAXUSDT", "bids": [[11.819, 530.0], [11.818, 1152.0], [11.817, 833.0], [11.816, 956.0], [11.815, 643.0], [11.814, 1334.0], [11.813, 1044.0], [11.812, 1071.0], [11.811, 1264.0], [11.81, 2103.0], [11.809, 890.0], [11.808, 2120.0], [11.807, 1101.0], [11.806, 2340.0], [11.805, 1213.0], [11.804, 1824.0], [11.803, 4454.0], [11.802, 694.0], [11.801, 1946.0], [11.8, 1845.0]], "asks": [[11.82, 235.0], [11.821, 170.0], [11.822, 464.0], [11.823, 671.0], [11.824, 1010.0], [11.825, 931.0], [11.826, 1107.0], [11.827, 1201.0], [11.828, 961.0], [11.829, 777.0], [11.83, 3441.0], [11.831, 1580.0], [11.832, 2473.0], [11.833, 1260.0], [11.834, 1112.0], [11.835, 1171.0], [11.836, 1305.0], [11.837, 3038.0], [11.838, 14361.0], [11.839, 5688.0]], "timestamp": "2025-12-18T00:12:04.986644+00:00"}, {"symbol": "AVAXUSDT", "bids": [[11.818, 288.0], [11.817, 689.0], [11.816, 889.0], [11.815, 816.0], [11.814, 1385.0], [11.813, 1273.0], [11.812, 1043.0], [11.811, 858.0], [11.81, 1277.0], [11.809, 579.0], [11.808, 811.0], [11.807, 2145.0], [11.806, 2248.0], [11.805, 1289.0], [11.804, 2031.0], [11.803, 4336.0], [11.802, 581.0], [11.801, 763.0], [11.8, 2530.0], [11.799, 2695.0]], "asks": [[11.819, 449.0], [11.82, 396.0], [11.821, 501.0], [11.822, 522.0], [11.823, 732.0], [11.824, 1051.0], [11.825, 1098.0], [11.826, 1382.0], [11.827, 1219.0], [11.828, 1263.0], [11.829, 1857.0], [11.83, 3692.0], [11.831, 1845.0], [11.832, 2095.0], [11.833, 1405.0], [11.834, 1324.0], [11.835, 1570.0], [11.836, 1225.0], [11.837, 1297.0], [11.838, 2007.0]], "timestamp": "2025-12-18T00:12:59.855292+00:00"}, {"symbol": "AVAXUSDT", "bids": [[11.828, 392.0], [11.827, 427.0], [11.826, 1496.0], [11.825, 741.0], [11.824, 632.0], [11.823, 1735.0], [11.822, 1096.0], [11.821, 831.0], [11.82, 1220.0], [11.819, 3181.0], [11.818, 2121.0], [11.817, 2441.0], [11.816, 1207.0], [11.815, 1451.0], [11.814, 1750.0], [11.813, 3527.0], [11.812, 2126.0], [11.811, 616.0], [11.81, 840.0], [11.809, 1245.0]], "asks": [[11.829, 203.0], [11.83, 230.0], [11.831, 402.0], [11.832, 686.0], [11.833, 1365.0], [11.834, 1189.0], [11.835, 1284.0], [11.836, 2050.0], [11.837, 1351.0], [11.838, 1013.0], [11.839, 1854.0], [11.84, 1505.0], [11.841, 2066.0], [11.842, 1129.0], [11.843, 776.0], [11.844, 1271.0], [11.845, 5099.0], [11.846, 14491.0], [11.847, 1806.0], [11.848, 5810.0]], "timestamp": "2025-12-18T00:13:53.926062+00:00"}, {"symbol": "AVAXUSDT", "bids": [[11.833, 451.0], [11.832, 755.0], [11.831, 908.0], [11.83, 514.0], [11.829, 1425.0], [11.828, 1043.0], [11.827, 1012.0], [11.826, 1630.0], [11.825, 1050.0], [11.824, 1873.0], [11.823, 2714.0], [11.822, 1770.0], [11.821, 3190.0], [11.82, 978.0], [11.819, 954.0], [11.818, 2901.0], [11.817, 1297.0], [11.816, 4452.0], [11.815, 13667.0], [11.814, 1049.0]], "asks": [[11.834, 326.0], [11.835, 375.0], [11.836, 1141.0], [11.837, 953.0], [11.838, 1194.0], [11.839, 1235.0], [11.84, 1209.0], [11.841, 899.0], [11.842, 898.0], [11.843, 1157.0], [11.844, 1323.0], [11.845, 1886.0], [11.846, 2951.0], [11.847, 626.0], [11.848, 1350.0], [11.849, 2388.0], [11.85, 563.0], [11.851, 1075.0], [11.852, 1396.0], [11.853, 1032.0]], "timestamp": "2025-12-18T00:14:47.482503+00:00"}, {"symbol": "AVAXUSDT", "bids": [[11.831, 113.0], [11.83, 102.0], [11.829, 200.0], [11.828, 437.0], [11.827, 1035.0], [11.826, 1259.0], [11.825, 715.0], [11.824, 601.0], [11.823, 1165.0], [11.822, 4826.0], [11.821, 1225.0], [11.82, 1119.0], [11.819, 1086.0], [11.818, 1876.0], [11.817, 1107.0], [11.816, 1356.0], [11.815, 772.0], [11.814, 2222.0], [11.813, 1278.0], [11.812, 835.0]], "asks": [[11.832, 917.0], [11.833, 5872.0], [11.834, 835.0], [11.835, 897.0], [11.836, 1925.0], [11.837, 1584.0], [11.838, 1905.0], [11.839, 1770.0], [11.84, 1815.0], [11.841, 1960.0], [11.842, 1838.0], [11.843, 1098.0], [11.844, 1104.0], [11.845, 1632.0], [11.846, 3480.0], [11.847, 1928.0], [11.848, 1322.0], [11.849, 1002.0], [11.85, 1078.0], [11.851, 876.0]], "timestamp": "2025-12-18T00:15:41.653935+00:00"}, {"symbol": "AVAXUSDT", "bids": [[11.845, 373.0], [11.844, 806.0], [11.843, 748.0], [11.842, 683.0], [11.841, 1921.0], [11.84, 1148.0], [11.839, 1442.0], [11.838, 1538.0], [11.837, 2000.0], [11.836, 2171.0], [11.835, 3083.0], [11.834, 1220.0], [11.833, 1204.0], [11.832, 981.0], [11.831, 1164.0], [11.83, 567.0], [11.829, 1025.0], [11.828, 1705.0], [11.827, 2025.0], [11.826, 1411.0]], "asks": [[11.846, 389.0], [11.847, 66.0], [11.848, 5040.0], [11.849, 515.0], [11.85, 876.0], [11.851, 730.0], [11.852, 886.0], [11.853, 778.0], [11.854, 1022.0], [11.855, 1233.0], [11.856, 1244.0], [11.857, 1423.0], [11.858, 1116.0], [11.859, 2904.0], [11.86, 1405.0], [11.861, 959.0], [11.862, 786.0], [11.863, 1232.0], [11.864, 1373.0], [11.865, 2989.0]], "timestamp": "2025-12-18T00:16:35.415374+00:00"}, {"symbol": "AVAXUSDT", "bids": [[11.846, 326.0], [11.845, 325.0], [11.844, 734.0], [11.843, 1042.0], [11.842, 951.0], [11.841, 1075.0], [11.84, 965.0], [11.839, 1024.0], [11.838, 1086.0], [11.837, 3336.0], [11.836, 1810.0], [11.835, 1777.0], [11.834, 823.0], [11.833, 1520.0], [11.832, 3711.0], [11.831, 1267.0], [11.83, 1150.0], [11.829, 939.0], [11.828, 2007.0], [11.827, 856.0]], "asks": [[11.847, 383.0], [11.848, 613.0], [11.849, 5964.0], [11.85, 788.0], [11.851, 1212.0], [11.852, 1870.0], [11.853, 1005.0], [11.854, 826.0], [11.855, 1748.0], [11.856, 1324.0], [11.857, 1679.0], [11.858, 1493.0], [11.859, 1426.0], [11.86, 1228.0], [11.861, 3420.0], [11.862, 3366.0], [11.863, 811.0], [11.864, 836.0], [11.865, 1208.0], [11.866, 977.0]], "timestamp": "2025-12-18T00:17:31.531688+00:00"}, {"symbol": "AVAXUSDT", "bids": [[11.837, 285.0], [11.836, 369.0], [11.835, 507.0], [11.834, 430.0], [11.833, 859.0], [11.832, 851.0], [11.831, 672.0], [11.83, 647.0], [11.829, 698.0], [11.828, 1026.0], [11.827, 1340.0], [11.826, 2304.0], [11.825, 1175.0], [11.824, 690.0], [11.823, 1246.0], [11.822, 957.0], [11.821, 786.0], [11.82, 1463.0], [11.819, 3039.0], [11.818, 3351.0]], "asks": [[11.838, 370.0], [11.839, 6361.0], [11.84, 685.0], [11.841, 1164.0], [11.842, 2138.0], [11.843, 962.0], [11.844, 925.0], [11.845, 678.0], [11.846, 1723.0], [11.847, 2049.0], [11.848, 1653.0], [11.849, 1372.0], [11.85, 3881.0], [11.851, 1428.0], [11.852, 1576.0], [11.853, 866.0], [11.854, 499.0], [11.855, 1191.0], [11.856, 1351.0], [11.857, 2591.0]], "timestamp": "2025-12-18T00:18:25.907964+00:00"}, {"symbol": "AVAXUSDT", "bids": [[11.834, 349.0], [11.833, 716.0], [11.832, 664.0], [11.831, 467.0], [11.83, 499.0], [11.829, 744.0], [11.828, 1209.0], [11.827, 596.0], [11.826, 1133.0], [11.825, 1031.0], [11.824, 2706.0], [11.823, 1881.0], [11.822, 1229.0], [11.821, 3430.0], [11.82, 790.0], [11.819, 1653.0], [11.818, 2012.0], [11.817, 911.0], [11.816, 905.0], [11.815, 2557.0]], "asks": [[11.835, 495.0], [11.836, 347.0], [11.837, 1582.0], [11.838, 6472.0], [11.839, 1225.0], [11.84, 1549.0], [11.841, 1792.0], [11.842, 1319.0], [11.843, 1100.0], [11.844, 1715.0], [11.845, 1566.0], [11.846, 2461.0], [11.847, 3444.0], [11.848, 2216.0], [11.849, 906.0], [11.85, 1896.0], [11.851, 2732.0], [11.852, 795.0], [11.853, 780.0], [11.854, 905.0]], "timestamp": "2025-12-18T00:19:19.463865+00:00"}, {"symbol": "AVAXUSDT", "bids": [[11.823, 567.0], [11.822, 345.0], [11.821, 355.0], [11.82, 442.0], [11.819, 937.0], [11.818, 1263.0], [11.817, 617.0], [11.816, 1286.0], [11.815, 904.0], [11.814, 1752.0], [11.813, 3743.0], [11.812, 1591.0], [11.811, 2583.0], [11.81, 899.0], [11.809, 824.0], [11.808, 1225.0], [11.807, 1819.0], [11.806, 912.0], [11.805, 2573.0], [11.804, 13995.0]], "asks": [[11.824, 449.0], [11.825, 1036.0], [11.826, 1576.0], [11.827, 5889.0], [11.828, 1355.0], [11.829, 1190.0], [11.83, 1551.0], [11.831, 1138.0], [11.832, 1217.0], [11.833, 1349.0], [11.834, 1277.0], [11.835, 2113.0], [11.836, 1895.0], [11.837, 3803.0], [11.838, 1929.0], [11.839, 1380.0], [11.84, 1453.0], [11.841, 1401.0], [11.842, 1449.0], [11.843, 1221.0]], "timestamp": "2025-12-18T00:20:13.124421+00:00"}, {"symbol": "AVAXUSDT", "bids": [[11.813, 466.0], [11.812, 432.0], [11.811, 1276.0], [11.81, 689.0], [11.809, 1140.0], [11.808, 1114.0], [11.807, 735.0], [11.806, 931.0], [11.805, 967.0], [11.804, 1213.0], [11.803, 1982.0], [11.802, 674.0], [11.801, 795.0], [11.8, 1628.0], [11.799, 1049.0], [11.798, 1448.0], [11.797, 4225.0], [11.796, 2123.0], [11.795, 734.0], [11.794, 1009.0]], "asks": [[11.814, 651.0], [11.815, 609.0], [11.816, 552.0], [11.817, 1508.0], [11.818, 1991.0], [11.819, 2370.0], [11.82, 1591.0], [11.821, 660.0], [11.822, 810.0], [11.823, 1127.0], [11.824, 1803.0], [11.825, 2337.0], [11.826, 3298.0], [11.827, 606.0], [11.828, 1088.0], [11.829, 1064.0], [11.83, 1003.0], [11.831, 3311.0], [11.832, 13688.0], [11.833, 856.0]], "timestamp": "2025-12-18T00:21:08.168156+00:00"}, {"symbol": "AVAXUSDT", "bids": [[11.824, 460.0], [11.823, 1061.0], [11.822, 1723.0], [11.821, 855.0], [11.82, 1066.0], [11.819, 1257.0], [11.818, 758.0], [11.817, 821.0], [11.816, 1525.0], [11.815, 1608.0], [11.814, 1684.0], [11.813, 1905.0], [11.812, 3192.0], [11.811, 637.0], [11.81, 1930.0], [11.809, 863.0], [11.808, 932.0], [11.807, 2599.0], [11.806, 1894.0], [11.805, 5735.0]], "asks": [[11.825, 311.0], [11.826, 707.0], [11.827, 640.0], [11.828, 474.0], [11.829, 811.0], [11.83, 1004.0], [11.831, 865.0], [11.832, 1717.0], [11.833, 1297.0], [11.834, 1823.0], [11.835, 1492.0], [11.836, 1552.0], [11.837, 3448.0], [11.838, 1237.0], [11.839, 1246.0], [11.84, 1294.0], [11.841, 981.0], [11.842, 1492.0], [11.843, 1045.0], [11.844, 4184.0]], "timestamp": "2025-12-18T00:22:01.771778+00:00"}, {"symbol": "AVAXUSDT", "bids": [[11.824, 28.0], [11.823, 118.0], [11.822, 763.0], [11.821, 1427.0], [11.82, 1201.0], [11.819, 1358.0], [11.818, 845.0], [11.817, 598.0], [11.816, 1523.0], [11.815, 1438.0], [11.814, 1172.0], [11.813, 3519.0], [11.812, 1922.0], [11.811, 2279.0], [11.81, 898.0], [11.809, 2093.0], [11.808, 2000.0], [11.807, 1011.0], [11.806, 894.0], [11.805, 2735.0]], "asks": [[11.825, 1152.0], [11.826, 811.0], [11.827, 1317.0], [11.828, 1221.0], [11.829, 1991.0], [11.83, 1615.0], [11.831, 1106.0], [11.832, 970.0], [11.833, 826.0], [11.834, 1386.0], [11.835, 3394.0], [11.836, 1798.0], [11.837, 1008.0], [11.838, 1063.0], [11.839, 2405.0], [11.84, 1037.0], [11.841, 1370.0], [11.842, 2323.0], [11.843, 560.0], [11.844, 1512.0]], "timestamp": "2025-12-18T00:22:56.045592+00:00"}, {"symbol": "AVAXUSDT", "bids": [[11.826, 723.0], [11.825, 1185.0], [11.824, 970.0], [11.823, 733.0], [11.822, 1351.0], [11.821, 1761.0], [11.82, 1374.0], [11.819, 1445.0], [11.818, 1708.0], [11.817, 2597.0], [11.816, 1854.0], [11.815, 1782.0], [11.814, 1420.0], [11.813, 633.0], [11.812, 1472.0], [11.811, 2218.0], [11.81, 3442.0], [11.809, 1040.0], [11.808, 711.0], [11.807, 2846.0]], "asks": [[11.827, 272.0], [11.828, 720.0], [11.829, 1057.0], [11.83, 1417.0], [11.831, 1195.0], [11.832, 1307.0], [11.833, 878.0], [11.834, 1238.0], [11.835, 1523.0], [11.836, 1862.0], [11.837, 1503.0], [11.838, 1085.0], [11.839, 4040.0], [11.84, 1469.0], [11.841, 1170.0], [11.842, 2323.0], [11.843, 626.0], [11.844, 1184.0], [11.845, 1031.0], [11.846, 1132.0]], "timestamp": "2025-12-18T00:23:49.601203+00:00"}, {"symbol": "AVAXUSDT", "bids": [[11.822, 48.0], [11.821, 380.0], [11.82, 539.0], [11.819, 709.0], [11.818, 579.0], [11.817, 791.0], [11.816, 963.0], [11.815, 1177.0], [11.814, 603.0], [11.813, 796.0], [11.812, 1265.0], [11.811, 1560.0], [11.81, 2673.0], [11.809, 3689.0], [11.808, 1413.0], [11.807, 951.0], [11.806, 2576.0], [11.805, 999.0], [11.804, 574.0], [11.803, 805.0]], "asks": [[11.823, 1711.0], [11.824, 1294.0], [11.825, 881.0], [11.826, 2557.0], [11.827, 2128.0], [11.828, 2643.0], [11.829, 2110.0], [11.83, 2459.0], [11.831, 1796.0], [11.832, 2009.0], [11.833, 1212.0], [11.834, 3062.0], [11.835, 1722.0], [11.836, 2087.0], [11.837, 482.0], [11.838, 803.0], [11.839, 1296.0], [11.84, 987.0], [11.841, 1295.0], [11.842, 4795.0]], "timestamp": "2025-12-18T00:24:43.464489+00:00"}, {"symbol": "AVAXUSDT", "bids": [[11.829, 417.0], [11.828, 756.0], [11.827, 535.0], [11.826, 1405.0], [11.825, 1445.0], [11.824, 890.0], [11.823, 1318.0], [11.822, 1919.0], [11.821, 1419.0], [11.82, 898.0], [11.819, 2418.0], [11.818, 1141.0], [11.817, 1226.0], [11.816, 1748.0], [11.815, 4689.0], [11.814, 2532.0], [11.813, 1160.0], [11.812, 1590.0], [11.811, 757.0], [11.81, 1066.0]], "asks": [[11.83, 139.0], [11.831, 123.0], [11.832, 927.0], [11.833, 562.0], [11.834, 1146.0], [11.835, 953.0], [11.836, 1176.0], [11.837, 1165.0], [11.838, 1057.0], [11.839, 912.0], [11.84, 1311.0], [11.841, 2080.0], [11.842, 3539.0], [11.843, 1409.0], [11.844, 1424.0], [11.845, 1293.0], [11.846, 964.0], [11.847, 872.0], [11.848, 2885.0], [11.849, 747.0]], "timestamp": "2025-12-18T00:25:37.225680+00:00"}, {"symbol": "AVAXUSDT", "bids": [[11.823, 156.0], [11.822, 443.0], [11.821, 783.0], [11.82, 526.0], [11.819, 929.0], [11.818, 836.0], [11.817, 812.0], [11.816, 1445.0], [11.815, 1460.0], [11.814, 2266.0], [11.813, 899.0], [11.812, 1430.0], [11.811, 1211.0], [11.81, 3943.0], [11.809, 1067.0], [11.808, 1916.0], [11.807, 765.0], [11.806, 974.0], [11.805, 3301.0], [11.804, 13698.0]], "asks": [[11.824, 600.0], [11.825, 820.0], [11.826, 1003.0], [11.827, 1637.0], [11.828, 1488.0], [11.829, 1685.0], [11.83, 1361.0], [11.831, 1709.0], [11.832, 1442.0], [11.833, 1614.0], [11.834, 1923.0], [11.835, 3861.0], [11.836, 1933.0], [11.837, 2609.0], [11.838, 863.0], [11.839, 1323.0], [11.84, 1456.0], [11.841, 1340.0], [11.842, 1111.0], [11.843, 1048.0]], "timestamp": "2025-12-18T00:26:30.986956+00:00"}, {"symbol": "AVAXUSDT", "bids": [[11.816, 56.0], [11.815, 382.0], [11.814, 1145.0], [11.813, 791.0], [11.812, 1074.0], [11.811, 1467.0], [11.81, 1130.0], [11.809, 1822.0], [11.808, 1454.0], [11.807, 1410.0], [11.806, 1710.0], [11.805, 1035.0], [11.804, 1026.0], [11.803, 2296.0], [11.802, 2268.0], [11.801, 3406.0], [11.8, 2849.0], [11.799, 1330.0], [11.798, 990.0], [11.797, 977.0]], "asks": [[11.817, 399.0], [11.818, 1518.0], [11.819, 788.0], [11.82, 611.0], [11.821, 1692.0], [11.822, 713.0], [11.823, 822.0], [11.824, 868.0], [11.825, 786.0], [11.826, 1078.0], [11.827, 2028.0], [11.828, 3614.0], [11.829, 1698.0], [11.83, 2361.0], [11.831, 2158.0], [11.832, 2680.0], [11.833, 867.0], [11.834, 1079.0], [11.835, 987.0], [11.836, 1131.0]], "timestamp": "2025-12-18T00:27:25.362332+00:00"}, {"symbol": "AVAXUSDT", "bids": [[11.821, 773.0], [11.82, 531.0], [11.819, 944.0], [11.818, 1172.0], [11.817, 1324.0], [11.816, 1828.0], [11.815, 2033.0], [11.814, 1964.0], [11.813, 959.0], [11.812, 1167.0], [11.811, 953.0], [11.81, 886.0], [11.809, 1457.0], [11.808, 1464.0], [11.807, 3396.0], [11.806, 5416.0], [11.805, 817.0], [11.804, 861.0], [11.803, 1018.0], [11.802, 1833.0]], "asks": [[11.822, 101.0], [11.823, 254.0], [11.824, 1233.0], [11.825, 787.0], [11.826, 1745.0], [11.827, 928.0], [11.828, 1113.0], [11.829, 2291.0], [11.83, 2639.0], [11.831, 1269.0], [11.832, 1041.0], [11.833, 3199.0], [11.834, 1936.0], [11.835, 1593.0], [11.836, 1032.0], [11.837, 745.0], [11.838, 3035.0], [11.839, 14579.0], [11.84, 3071.0], [11.841, 1040.0]], "timestamp": "2025-12-18T00:28:19.020843+00:00"}, {"symbol": "AVAXUSDT", "bids": [[11.833, 1555.0], [11.832, 1587.0], [11.831, 712.0], [11.83, 495.0], [11.829, 673.0], [11.828, 1784.0], [11.827, 2042.0], [11.826, 1086.0], [11.825, 1156.0], [11.824, 960.0], [11.823, 1101.0], [11.822, 830.0], [11.821, 1200.0], [11.82, 742.0], [11.819, 1324.0], [11.818, 3197.0], [11.817, 1136.0], [11.816, 2759.0], [11.815, 4039.0], [11.814, 1304.0]], "asks": [[11.834, 32.0], [11.835, 154.0], [11.836, 1126.0], [11.837, 910.0], [11.838, 1106.0], [11.839, 1438.0], [11.84, 1959.0], [11.841, 1384.0], [11.842, 765.0], [11.843, 1133.0], [11.844, 1888.0], [11.845, 2929.0], [11.846, 1129.0], [11.847, 1395.0], [11.848, 1146.0], [11.849, 863.0], [11.85, 843.0], [11.851, 1233.0], [11.852, 3302.0], [11.853, 15397.0]], "timestamp": "2025-12-18T00:29:12.986826+00:00"}, {"symbol": "AVAXUSDT", "bids": [[11.834, 656.0], [11.833, 616.0], [11.832, 1235.0], [11.831, 1151.0], [11.83, 1244.0], [11.829, 845.0], [11.828, 1671.0], [11.827, 1392.0], [11.826, 2237.0], [11.825, 1425.0], [11.824, 1075.0], [11.823, 779.0], [11.822, 1801.0], [11.821, 1211.0], [11.82, 2964.0], [11.819, 2595.0], [11.818, 3638.0], [11.817, 546.0], [11.816, 2580.0], [11.815, 14157.0]], "asks": [[11.835, 248.0], [11.836, 471.0], [11.837, 1102.0], [11.838, 1137.0], [11.839, 1438.0], [11.84, 1282.0], [11.841, 1208.0], [11.842, 776.0], [11.843, 684.0], [11.844, 799.0], [11.845, 1622.0], [11.846, 2670.0], [11.847, 1453.0], [11.848, 1680.0], [11.849, 1179.0], [11.85, 1164.0], [11.851, 540.0], [11.852, 1016.0], [11.853, 1595.0], [11.854, 1835.0]], "timestamp": "2025-12-18T00:30:07.362710+00:00"}, {"symbol": "AVAXUSDT", "bids": [[11.837, 1364.0], [11.836, 557.0], [11.835, 232.0], [11.834, 1131.0], [11.833, 1575.0], [11.832, 1703.0], [11.831, 1337.0], [11.83, 1561.0], [11.829, 1748.0], [11.828, 1682.0], [11.827, 1063.0], [11.826, 1418.0], [11.825, 1366.0], [11.824, 791.0], [11.823, 3177.0], [11.822, 926.0], [11.821, 3496.0], [11.82, 2013.0], [11.819, 1286.0], [11.818, 1118.0]], "asks": [[11.838, 3.0], [11.839, 223.0], [11.84, 582.0], [11.841, 889.0], [11.842, 1483.0], [11.843, 749.0], [11.844, 1049.0], [11.845, 1261.0], [11.846, 1212.0], [11.847, 1672.0], [11.848, 2080.0], [11.849, 3170.0], [11.85, 1001.0], [11.851, 629.0], [11.852, 924.0], [11.853, 1261.0], [11.854, 1430.0], [11.855, 1872.0], [11.856, 3951.0], [11.857, 3369.0]], "timestamp": "2025-12-18T00:31:01.635337+00:00"}, {"symbol": "AVAXUSDT", "bids": [[11.836, 515.0], [11.835, 729.0], [11.834, 742.0], [11.833, 1469.0], [11.832, 1533.0], [11.831, 834.0], [11.83, 1276.0], [11.829, 1059.0], [11.828, 952.0], [11.827, 1472.0], [11.826, 1881.0], [11.825, 1209.0], [11.824, 720.0], [11.823, 1352.0], [11.822, 1403.0], [11.821, 2553.0], [11.82, 2011.0], [11.819, 889.0], [11.818, 2000.0], [11.817, 3074.0]], "asks": [[11.837, 214.0], [11.838, 549.0], [11.839, 874.0], [11.84, 1169.0], [11.841, 1539.0], [11.842, 1953.0], [11.843, 549.0], [11.844, 800.0], [11.845, 1421.0], [11.846, 1897.0], [11.847, 3216.0], [11.848, 1886.0], [11.849, 1964.0], [11.85, 1016.0], [11.851, 520.0], [11.852, 962.0], [11.853, 1400.0], [11.854, 2404.0], [11.855, 2149.0], [11.856, 3248.0]], "timestamp": "2025-12-18T00:31:55.601006+00:00"}, {"symbol": "AVAXUSDT", "bids": [[11.834, 300.0], [11.833, 412.0], [11.832, 1508.0], [11.831, 778.0], [11.83, 1280.0], [11.829, 927.0], [11.828, 1044.0], [11.827, 1332.0], [11.826, 951.0], [11.825, 1111.0], [11.824, 622.0], [11.823, 662.0], [11.822, 772.0], [11.821, 1063.0], [11.82, 2289.0], [11.819, 1756.0], [11.818, 2989.0], [11.817, 3570.0], [11.816, 1477.0], [11.815, 1162.0]], "asks": [[11.835, 160.0], [11.836, 617.0], [11.837, 878.0], [11.838, 1244.0], [11.839, 2825.0], [11.84, 1955.0], [11.841, 1716.0], [11.842, 992.0], [11.843, 1985.0], [11.844, 739.0], [11.845, 1459.0], [11.846, 2235.0], [11.847, 1164.0], [11.848, 1271.0], [11.849, 1107.0], [11.85, 1525.0], [11.851, 1749.0], [11.852, 3017.0], [11.853, 15802.0], [11.854, 2740.0]], "timestamp": "2025-12-18T00:32:49.464502+00:00"}, {"symbol": "AVAXUSDT", "bids": [[11.836, 995.0], [11.835, 773.0], [11.834, 642.0], [11.833, 826.0], [11.832, 2165.0], [11.831, 1760.0], [11.83, 1639.0], [11.829, 597.0], [11.828, 823.0], [11.827, 2148.0], [11.826, 1396.0], [11.825, 1153.0], [11.824, 658.0], [11.823, 1455.0], [11.822, 1588.0], [11.821, 2833.0], [11.82, 1402.0], [11.819, 4559.0], [11.818, 3273.0], [11.817, 14864.0]], "asks": [[11.837, 158.0], [11.838, 112.0], [11.839, 408.0], [11.84, 613.0], [11.841, 810.0], [11.842, 1980.0], [11.843, 680.0], [11.844, 864.0], [11.845, 1239.0], [11.846, 1553.0], [11.847, 2233.0], [11.848, 1055.0], [11.849, 2717.0], [11.85, 1546.0], [11.851, 1645.0], [11.852, 1007.0], [11.853, 1234.0], [11.854, 2210.0], [11.855, 1869.0], [11.856, 2416.0]], "timestamp": "2025-12-18T00:33:43.635110+00:00"}, {"symbol": "AVAXUSDT", "bids": [[11.841, 45.0], [11.84, 432.0], [11.839, 957.0], [11.838, 1427.0], [11.837, 1470.0], [11.836, 1065.0], [11.835, 1218.0], [11.834, 2608.0], [11.833, 868.0], [11.832, 1311.0], [11.831, 1304.0], [11.83, 1276.0], [11.829, 1088.0], [11.828, 1867.0], [11.827, 3283.0], [11.826, 4301.0], [11.825, 3807.0], [11.824, 592.0], [11.823, 929.0], [11.822, 855.0]], "asks": [[11.842, 358.0], [11.843, 1468.0], [11.844, 4705.0], [11.845, 1307.0], [11.846, 1511.0], [11.847, 617.0], [11.848, 1023.0], [11.849, 935.0], [11.85, 1487.0], [11.851, 934.0], [11.852, 1590.0], [11.853, 2179.0], [11.854, 4399.0], [11.855, 1718.0], [11.856, 1204.0], [11.857, 634.0], [11.858, 1423.0], [11.859, 1163.0], [11.86, 2501.0], [11.861, 6221.0]], "timestamp": "2025-12-18T00:34:37.292838+00:00"}, {"symbol": "AVAXUSDT", "bids": [[11.832, 431.0], [11.831, 266.0], [11.83, 723.0], [11.829, 801.0], [11.828, 1167.0], [11.827, 583.0], [11.826, 890.0], [11.825, 1078.0], [11.824, 814.0], [11.823, 685.0], [11.822, 1601.0], [11.821, 3679.0], [11.82, 845.0], [11.819, 911.0], [11.818, 3309.0], [11.817, 1841.0], [11.816, 928.0], [11.815, 1453.0], [11.814, 977.0], [11.813, 3293.0]], "asks": [[11.833, 184.0], [11.834, 361.0], [11.835, 635.0], [11.836, 1590.0], [11.837, 2270.0], [11.838, 1277.0], [11.839, 1915.0], [11.84, 1590.0], [11.841, 1357.0], [11.842, 1746.0], [11.843, 1119.0], [11.844, 1866.0], [11.845, 3964.0], [11.846, 1986.0], [11.847, 1445.0], [11.848, 1316.0], [11.849, 1007.0], [11.85, 1150.0], [11.851, 600.0], [11.852, 1641.0]], "timestamp": "2025-12-18T00:35:31.360949+00:00"}, {"symbol": "AVAXUSDT", "bids": [[11.827, 266.0], [11.826, 835.0], [11.825, 847.0], [11.824, 340.0], [11.823, 908.0], [11.822, 933.0], [11.821, 1375.0], [11.82, 833.0], [11.819, 712.0], [11.818, 1273.0], [11.817, 1734.0], [11.816, 2122.0], [11.815, 1704.0], [11.814, 783.0], [11.813, 2341.0], [11.812, 2635.0], [11.811, 1797.0], [11.81, 3463.0], [11.809, 3068.0], [11.808, 13895.0]], "asks": [[11.828, 528.0], [11.829, 341.0], [11.83, 931.0], [11.831, 936.0], [11.832, 951.0], [11.833, 1981.0], [11.834, 1099.0], [11.835, 1818.0], [11.836, 1963.0], [11.837, 1120.0], [11.838, 1301.0], [11.839, 1643.0], [11.84, 1692.0], [11.841, 2677.0], [11.842, 2003.0], [11.843, 779.0], [11.844, 2205.0], [11.845, 2272.0], [11.846, 1003.0], [11.847, 1180.0]], "timestamp": "2025-12-18T00:36:25.019837+00:00"}, {"symbol": "AVAXUSDT", "bids": [[11.823, 2.0], [11.822, 8.0], [11.821, 819.0], [11.82, 486.0], [11.819, 1640.0], [11.818, 4908.0], [11.817, 691.0], [11.816, 1022.0], [11.815, 1003.0], [11.814, 584.0], [11.813, 1133.0], [11.812, 664.0], [11.811, 681.0], [11.81, 1038.0], [11.809, 1228.0], [11.808, 3284.0], [11.807, 2817.0], [11.806, 1337.0], [11.805, 1334.0], [11.804, 3274.0]], "asks": [[11.824, 544.0], [11.825, 1338.0], [11.826, 1365.0], [11.827, 2213.0], [11.828, 2021.0], [11.829, 2311.0], [11.83, 2572.0], [11.831, 1580.0], [11.832, 1528.0], [11.833, 1834.0], [11.834, 1791.0], [11.835, 1567.0], [11.836, 2857.0], [11.837, 715.0], [11.838, 707.0], [11.839, 1243.0], [11.84, 964.0], [11.841, 1417.0], [11.842, 3707.0], [11.843, 15247.0]], "timestamp": "2025-12-18T00:37:19.106832+00:00"}, {"symbol": "AVAXUSDT", "bids": [[11.83, 56.0], [11.829, 406.0], [11.828, 859.0], [11.827, 320.0], [11.826, 2468.0], [11.825, 2035.0], [11.824, 627.0], [11.823, 1521.0], [11.822, 1112.0], [11.821, 636.0], [11.82, 919.0], [11.819, 1192.0], [11.818, 1611.0], [11.817, 1470.0], [11.816, 2976.0], [11.815, 1893.0], [11.814, 3888.0], [11.813, 3378.0], [11.812, 2054.0], [11.811, 8915.0]], "asks": [[11.831, 1024.0], [11.832, 838.0], [11.833, 843.0], [11.834, 1152.0], [11.835, 1406.0], [11.836, 1600.0], [11.837, 1192.0], [11.838, 1110.0], [11.839, 1733.0], [11.84, 1588.0], [11.841, 1685.0], [11.842, 1939.0], [11.843, 616.0], [11.844, 2854.0], [11.845, 1541.0], [11.846, 1836.0], [11.847, 1027.0], [11.848, 1197.0], [11.849, 885.0], [11.85, 1867.0]], "timestamp": "2025-12-18T00:38:13.360674+00:00"}, {"symbol": "AVAXUSDT", "bids": [[11.834, 1141.0], [11.833, 1283.0], [11.832, 1116.0], [11.831, 940.0], [11.83, 2044.0], [11.829, 1000.0], [11.828, 1399.0], [11.827, 1960.0], [11.826, 1720.0], [11.825, 1761.0], [11.824, 956.0], [11.823, 1644.0], [11.822, 2011.0], [11.821, 1451.0], [11.82, 2608.0], [11.819, 1471.0], [11.818, 2789.0], [11.817, 705.0], [11.816, 1387.0], [11.815, 3762.0]], "asks": [[11.835, 209.0], [11.836, 394.0], [11.837, 861.0], [11.838, 547.0], [11.839, 783.0], [11.84, 782.0], [11.841, 1026.0], [11.842, 1128.0], [11.843, 1911.0], [11.844, 963.0], [11.845, 1657.0], [11.846, 699.0], [11.847, 1186.0], [11.848, 2790.0], [11.849, 672.0], [11.85, 1878.0], [11.851, 2521.0], [11.852, 941.0], [11.853, 1157.0], [11.854, 1660.0]], "timestamp": "2025-12-18T00:39:07.940570+00:00"}, {"symbol": "AVAXUSDT", "bids": [[11.833, 85.0], [11.832, 434.0], [11.831, 1043.0], [11.83, 1038.0], [11.829, 1725.0], [11.828, 1630.0], [11.827, 588.0], [11.826, 1434.0], [11.825, 1577.0], [11.824, 628.0], [11.823, 1330.0], [11.822, 1746.0], [11.821, 1469.0], [11.82, 4275.0], [11.819, 3094.0], [11.818, 2322.0], [11.817, 703.0], [11.816, 1387.0], [11.815, 3747.0], [11.814, 14162.0]], "asks": [[11.834, 1136.0], [11.835, 996.0], [11.836, 1378.0], [11.837, 1038.0], [11.838, 1107.0], [11.839, 1267.0], [11.84, 952.0], [11.841, 1365.0], [11.842, 864.0], [11.843, 523.0], [11.844, 1157.0], [11.845, 2300.0], [11.846, 2580.0], [11.847, 1865.0], [11.848, 2299.0], [11.849, 959.0], [11.85, 1538.0], [11.851, 604.0], [11.852, 893.0], [11.853, 756.0]], "timestamp": "2025-12-18T00:40:01.803621+00:00"}, {"symbol": "AVAXUSDT", "bids": [[11.832, 781.0], [11.831, 434.0], [11.83, 921.0], [11.829, 771.0], [11.828, 2337.0], [11.827, 2853.0], [11.826, 1026.0], [11.825, 1016.0], [11.824, 785.0], [11.823, 1598.0], [11.822, 1469.0], [11.821, 1111.0], [11.82, 1153.0], [11.819, 1860.0], [11.818, 2833.0], [11.817, 1714.0], [11.816, 2703.0], [11.815, 5042.0], [11.814, 1220.0], [11.813, 1103.0]], "asks": [[11.833, 597.0], [11.834, 880.0], [11.835, 863.0], [11.836, 1428.0], [11.837, 1246.0], [11.838, 916.0], [11.839, 1089.0], [11.84, 1234.0], [11.841, 1186.0], [11.842, 1431.0], [11.843, 2390.0], [11.844, 2506.0], [11.845, 1727.0], [11.846, 1773.0], [11.847, 886.0], [11.848, 1752.0], [11.849, 3443.0], [11.85, 14182.0], [11.851, 1105.0], [11.852, 2238.0]], "timestamp": "2025-12-18T00:40:56.281347+00:00"}, {"symbol": "AVAXUSDT", "bids": [[11.81, 27.0], [11.809, 285.0], [11.808, 510.0], [11.807, 578.0], [11.806, 1588.0], [11.805, 1243.0], [11.804, 784.0], [11.803, 777.0], [11.802, 631.0], [11.801, 1009.0], [11.8, 1489.0], [11.799, 897.0], [11.798, 1113.0], [11.797, 1523.0], [11.796, 5438.0], [11.795, 1574.0], [11.794, 2460.0], [11.793, 812.0], [11.792, 1536.0], [11.791, 737.0]], "asks": [[11.811, 724.0], [11.812, 519.0], [11.813, 413.0], [11.814, 1488.0], [11.815, 2071.0], [11.816, 2215.0], [11.817, 2376.0], [11.818, 1722.0], [11.819, 1519.0], [11.82, 2312.0], [11.821, 1859.0], [11.822, 918.0], [11.823, 1542.0], [11.824, 3158.0], [11.825, 2001.0], [11.826, 826.0], [11.827, 1100.0], [11.828, 1051.0], [11.829, 1454.0], [11.83, 1724.0]], "timestamp": "2025-12-18T00:41:49.997166+00:00"}, {"symbol": "AVAXUSDT", "bids": [[11.811, 1689.0], [11.81, 1470.0], [11.809, 470.0], [11.808, 759.0], [11.807, 2134.0], [11.806, 1988.0], [11.805, 909.0], [11.804, 1065.0], [11.803, 957.0], [11.802, 1060.0], [11.801, 759.0], [11.8, 1331.0], [11.799, 1159.0], [11.798, 1312.0], [11.797, 2848.0], [11.796, 977.0], [11.795, 1458.0], [11.794, 2675.0], [11.793, 3616.0], [11.792, 2480.0]], "asks": [[11.812, 4.0], [11.813, 356.0], [11.814, 986.0], [11.815, 1321.0], [11.816, 2320.0], [11.817, 1929.0], [11.818, 1437.0], [11.819, 2027.0], [11.82, 2211.0], [11.821, 1397.0], [11.822, 1768.0], [11.823, 991.0], [11.824, 1532.0], [11.825, 2763.0], [11.826, 986.0], [11.827, 1284.0], [11.828, 1559.0], [11.829, 1725.0], [11.83, 5028.0], [11.831, 15575.0]], "timestamp": "2025-12-18T00:42:44.110431+00:00"}, {"symbol": "AVAXUSDT", "bids": [[11.805, 1931.0], [11.804, 4907.0], [11.803, 1545.0], [11.802, 1860.0], [11.801, 1771.0], [11.8, 1202.0], [11.799, 690.0], [11.798, 800.0], [11.797, 1217.0], [11.796, 1309.0], [11.795, 1110.0], [11.794, 1035.0], [11.793, 1177.0], [11.792, 2231.0], [11.791, 2909.0], [11.79, 2183.0], [11.789, 4405.0], [11.788, 3112.0], [11.787, 1124.0], [11.786, 1857.0]], "asks": [[11.806, 16.0], [11.807, 150.0], [11.808, 825.0], [11.809, 971.0], [11.81, 2064.0], [11.811, 1270.0], [11.812, 1326.0], [11.813, 2445.0], [11.814, 1639.0], [11.815, 1450.0], [11.816, 1443.0], [11.817, 3030.0], [11.818, 1319.0], [11.819, 1975.0], [11.82, 2430.0], [11.821, 1606.0], [11.822, 742.0], [11.823, 1133.0], [11.824, 1666.0], [11.825, 2364.0]], "timestamp": "2025-12-18T00:43:38.382852+00:00"}, {"symbol": "AVAXUSDT", "bids": [[11.802, 1202.0], [11.801, 484.0], [11.8, 1602.0], [11.799, 4716.0], [11.798, 1491.0], [11.797, 1045.0], [11.796, 724.0], [11.795, 889.0], [11.794, 1202.0], [11.793, 963.0], [11.792, 740.0], [11.791, 1394.0], [11.79, 2048.0], [11.789, 1303.0], [11.788, 4462.0], [11.787, 4056.0], [11.786, 2772.0], [11.785, 2079.0], [11.784, 1549.0], [11.783, 671.0]], "asks": [[11.803, 857.0], [11.804, 244.0], [11.805, 434.0], [11.806, 874.0], [11.807, 1247.0], [11.808, 1764.0], [11.809, 1899.0], [11.81, 2365.0], [11.811, 1424.0], [11.812, 1645.0], [11.813, 1595.0], [11.814, 1520.0], [11.815, 4514.0], [11.816, 1546.0], [11.817, 1014.0], [11.818, 1416.0], [11.819, 1760.0], [11.82, 1609.0], [11.821, 1660.0], [11.822, 3423.0]], "timestamp": "2025-12-18T00:44:32.349417+00:00"}, {"symbol": "AVAXUSDT", "bids": [[11.806, 133.0], [11.805, 347.0], [11.804, 924.0], [11.803, 1167.0], [11.802, 1056.0], [11.801, 1782.0], [11.8, 1737.0], [11.799, 770.0], [11.798, 780.0], [11.797, 1056.0], [11.796, 1054.0], [11.795, 1163.0], [11.794, 1045.0], [11.793, 1674.0], [11.792, 2229.0], [11.791, 1605.0], [11.79, 3194.0], [11.789, 1231.0], [11.788, 2102.0], [11.787, 3517.0]], "asks": [[11.807, 724.0], [11.808, 732.0], [11.809, 833.0], [11.81, 1371.0], [11.811, 888.0], [11.812, 1041.0], [11.813, 1571.0], [11.814, 1518.0], [11.815, 1993.0], [11.816, 1823.0], [11.817, 2301.0], [11.818, 2289.0], [11.819, 1128.0], [11.82, 2273.0], [11.821, 2314.0], [11.822, 1448.0], [11.823, 1199.0], [11.824, 1171.0], [11.825, 1408.0], [11.826, 1150.0]], "timestamp": "2025-12-18T00:45:26.314077+00:00"}, {"symbol": "AVAXUSDT", "bids": [[11.813, 118.0], [11.812, 1615.0], [11.811, 2006.0], [11.81, 2212.0], [11.809, 2420.0], [11.808, 1672.0], [11.807, 1352.0], [11.806, 1519.0], [11.805, 1698.0], [11.804, 1770.0], [11.803, 1245.0], [11.802, 1098.0], [11.801, 647.0], [11.8, 1476.0], [11.799, 2204.0], [11.798, 634.0], [11.797, 1190.0], [11.796, 2864.0], [11.795, 1480.0], [11.794, 1469.0]], "asks": [[11.814, 621.0], [11.815, 395.0], [11.816, 356.0], [11.817, 563.0], [11.818, 1139.0], [11.819, 1467.0], [11.82, 794.0], [11.821, 1414.0], [11.822, 570.0], [11.823, 1398.0], [11.824, 1542.0], [11.825, 2606.0], [11.826, 1287.0], [11.827, 1592.0], [11.828, 1156.0], [11.829, 2638.0], [11.83, 1594.0], [11.831, 1863.0], [11.832, 784.0], [11.833, 604.0]], "timestamp": "2025-12-18T00:46:19.870143+00:00"}, {"symbol": "AVAXUSDT", "bids": [[11.812, 286.0], [11.811, 732.0], [11.81, 857.0], [11.809, 1838.0], [11.808, 896.0], [11.807, 2509.0], [11.806, 1962.0], [11.805, 2042.0], [11.804, 1285.0], [11.803, 1799.0], [11.802, 613.0], [11.801, 931.0], [11.8, 1523.0], [11.799, 1078.0], [11.798, 3231.0], [11.797, 1887.0], [11.796, 1630.0], [11.795, 3115.0], [11.794, 2234.0], [11.793, 1191.0]], "asks": [[11.813, 423.0], [11.814, 1081.0], [11.815, 962.0], [11.816, 808.0], [11.817, 1134.0], [11.818, 895.0], [11.819, 1668.0], [11.82, 1421.0], [11.821, 1991.0], [11.822, 1882.0], [11.823, 1589.0], [11.824, 3058.0], [11.825, 982.0], [11.826, 1616.0], [11.827, 1700.0], [11.828, 1649.0], [11.829, 2757.0], [11.83, 1590.0], [11.831, 1307.0], [11.832, 2664.0]], "timestamp": "2025-12-18T00:47:15.678840+00:00"}, {"symbol": "AVAXUSDT", "bids": [[11.815, 528.0], [11.814, 357.0], [11.813, 1159.0], [11.812, 1425.0], [11.811, 1976.0], [11.81, 1479.0], [11.809, 1233.0], [11.808, 2101.0], [11.807, 2956.0], [11.806, 2302.0], [11.805, 2327.0], [11.804, 1371.0], [11.803, 1031.0], [11.802, 1796.0], [11.801, 2404.0], [11.8, 1785.0], [11.799, 1153.0], [11.798, 2040.0], [11.797, 1583.0], [11.796, 3563.0]], "asks": [[11.816, 475.0], [11.817, 467.0], [11.818, 744.0], [11.819, 467.0], [11.82, 785.0], [11.821, 1028.0], [11.822, 755.0], [11.823, 1387.0], [11.824, 1504.0], [11.825, 2332.0], [11.826, 1752.0], [11.827, 2916.0], [11.828, 723.0], [11.829, 1341.0], [11.83, 1341.0], [11.831, 1237.0], [11.832, 1349.0], [11.833, 2654.0], [11.834, 1301.0], [11.835, 3334.0]], "timestamp": "2025-12-18T00:48:09.584725+00:00"}, {"symbol": "AVAXUSDT", "bids": [[11.819, 786.0], [11.818, 587.0], [11.817, 1400.0], [11.816, 451.0], [11.815, 849.0], [11.814, 2351.0], [11.813, 1687.0], [11.812, 1220.0], [11.811, 1534.0], [11.81, 1048.0], [11.809, 1152.0], [11.808, 1880.0], [11.807, 3009.0], [11.806, 1556.0], [11.805, 2874.0], [11.804, 1229.0], [11.803, 2299.0], [11.802, 1290.0], [11.801, 814.0], [11.8, 1794.0]], "asks": [[11.82, 71.0], [11.821, 275.0], [11.822, 1773.0], [11.823, 521.0], [11.824, 1331.0], [11.825, 1624.0], [11.826, 1458.0], [11.827, 1223.0], [11.828, 1021.0], [11.829, 1849.0], [11.83, 1844.0], [11.831, 2642.0], [11.832, 1853.0], [11.833, 834.0], [11.834, 1133.0], [11.835, 1662.0], [11.836, 1450.0], [11.837, 2165.0], [11.838, 2271.0], [11.839, 3235.0]], "timestamp": "2025-12-18T00:49:03.097519+00:00"}, {"symbol": "AVAXUSDT", "bids": [[11.821, 397.0], [11.82, 732.0], [11.819, 570.0], [11.818, 1226.0], [11.817, 2764.0], [11.816, 1151.0], [11.815, 1063.0], [11.814, 1082.0], [11.813, 933.0], [11.812, 1232.0], [11.811, 1551.0], [11.81, 1567.0], [11.809, 1268.0], [11.808, 2531.0], [11.807, 4861.0], [11.806, 3005.0], [11.805, 651.0], [11.804, 1543.0], [11.803, 3460.0], [11.802, 1371.0]], "asks": [[11.822, 12.0], [11.823, 109.0], [11.824, 795.0], [11.825, 1029.0], [11.826, 781.0], [11.827, 936.0], [11.828, 879.0], [11.829, 1194.0], [11.83, 1906.0], [11.831, 1372.0], [11.832, 2383.0], [11.833, 3566.0], [11.834, 1877.0], [11.835, 2433.0], [11.836, 1264.0], [11.837, 1172.0], [11.838, 1098.0], [11.839, 1316.0], [11.84, 2007.0], [11.841, 3397.0]], "timestamp": "2025-12-18T00:49:57.166130+00:00"}, {"symbol": "AVAXUSDT", "bids": [[11.825, 1318.0], [11.824, 1016.0], [11.823, 910.0], [11.822, 1446.0], [11.821, 1625.0], [11.82, 2018.0], [11.819, 964.0], [11.818, 1292.0], [11.817, 1991.0], [11.816, 866.0], [11.815, 1312.0], [11.814, 1818.0], [11.813, 808.0], [11.812, 1051.0], [11.811, 3067.0], [11.81, 1124.0], [11.809, 1373.0], [11.808, 3167.0], [11.807, 4785.0], [11.806, 1561.0]], "asks": [[11.826, 72.0], [11.827, 391.0], [11.828, 598.0], [11.829, 484.0], [11.83, 759.0], [11.831, 1310.0], [11.832, 870.0], [11.833, 758.0], [11.834, 1509.0], [11.835, 2697.0], [11.836, 2670.0], [11.837, 941.0], [11.838, 1428.0], [11.839, 2612.0], [11.84, 1025.0], [11.841, 1006.0], [11.842, 833.0], [11.843, 1619.0], [11.844, 5233.0], [11.845, 3466.0]], "timestamp": "2025-12-18T00:50:52.053059+00:00"}, {"symbol": "AVAXUSDT", "bids": [[11.815, 615.0], [11.814, 1364.0], [11.813, 1022.0], [11.812, 871.0], [11.811, 1541.0], [11.81, 974.0], [11.809, 973.0], [11.808, 1012.0], [11.807, 1220.0], [11.806, 941.0], [11.805, 1233.0], [11.804, 1153.0], [11.803, 1400.0], [11.802, 1932.0], [11.801, 2696.0], [11.8, 1563.0], [11.799, 2173.0], [11.798, 1699.0], [11.797, 3354.0], [11.796, 759.0]], "asks": [[11.816, 572.0], [11.817, 528.0], [11.818, 1418.0], [11.819, 602.0], [11.82, 1581.0], [11.821, 1787.0], [11.822, 1033.0], [11.823, 1279.0], [11.824, 1277.0], [11.825, 2346.0], [11.826, 1006.0], [11.827, 1828.0], [11.828, 2566.0], [11.829, 618.0], [11.83, 1733.0], [11.831, 1780.0], [11.832, 2086.0], [11.833, 2243.0], [11.834, 1405.0], [11.835, 1883.0]], "timestamp": "2025-12-18T00:51:46.121510+00:00"}, {"symbol": "AVAXUSDT", "bids": [[11.816, 284.0], [11.815, 361.0], [11.814, 1227.0], [11.813, 778.0], [11.812, 1080.0], [11.811, 1506.0], [11.81, 1238.0], [11.809, 1256.0], [11.808, 1285.0], [11.807, 840.0], [11.806, 1955.0], [11.805, 1674.0], [11.804, 1152.0], [11.803, 1530.0], [11.802, 2363.0], [11.801, 1040.0], [11.8, 1690.0], [11.799, 2262.0], [11.798, 1519.0], [11.797, 3371.0]], "asks": [[11.817, 239.0], [11.818, 323.0], [11.819, 655.0], [11.82, 1469.0], [11.821, 2103.0], [11.822, 895.0], [11.823, 1106.0], [11.824, 1217.0], [11.825, 2941.0], [11.826, 822.0], [11.827, 1584.0], [11.828, 2796.0], [11.829, 598.0], [11.83, 1895.0], [11.831, 1888.0], [11.832, 2396.0], [11.833, 1999.0], [11.834, 1448.0], [11.835, 1848.0], [11.836, 2250.0]], "timestamp": "2025-12-18T00:52:40.422745+00:00"}, {"symbol": "AVAXUSDT", "bids": [[11.824, 607.0], [11.823, 481.0], [11.822, 1041.0], [11.821, 1629.0], [11.82, 2883.0], [11.819, 2416.0], [11.818, 1377.0], [11.817, 1232.0], [11.816, 1574.0], [11.815, 1867.0], [11.814, 637.0], [11.813, 1163.0], [11.812, 1244.0], [11.811, 1298.0], [11.81, 3318.0], [11.809, 2891.0], [11.808, 3524.0], [11.807, 1372.0], [11.806, 1815.0], [11.805, 4493.0]], "asks": [[11.825, 294.0], [11.826, 432.0], [11.827, 495.0], [11.828, 758.0], [11.829, 289.0], [11.83, 652.0], [11.831, 929.0], [11.832, 1267.0], [11.833, 921.0], [11.834, 1416.0], [11.835, 2577.0], [11.836, 1713.0], [11.837, 2583.0], [11.838, 1002.0], [11.839, 1764.0], [11.84, 1344.0], [11.841, 1064.0], [11.842, 1503.0], [11.843, 1604.0], [11.844, 5369.0]], "timestamp": "2025-12-18T00:53:34.154890+00:00"}, {"symbol": "AVAXUSDT", "bids": [[11.821, 537.0], [11.82, 1380.0], [11.819, 779.0], [11.818, 910.0], [11.817, 1698.0], [11.816, 753.0], [11.815, 1709.0], [11.814, 867.0], [11.813, 654.0], [11.812, 1366.0], [11.811, 956.0], [11.81, 1669.0], [11.809, 1281.0], [11.808, 1590.0], [11.807, 3107.0], [11.806, 2481.0], [11.805, 5756.0], [11.804, 1877.0], [11.803, 923.0], [11.802, 2992.0]], "asks": [[11.822, 420.0], [11.823, 48.0], [11.824, 264.0], [11.825, 636.0], [11.826, 1060.0], [11.827, 1057.0], [11.828, 964.0], [11.829, 1641.0], [11.83, 2011.0], [11.831, 2431.0], [11.832, 1415.0], [11.833, 1015.0], [11.834, 1818.0], [11.835, 1587.0], [11.836, 947.0], [11.837, 2519.0], [11.838, 768.0], [11.839, 1004.0], [11.84, 2039.0], [11.841, 3223.0]], "timestamp": "2025-12-18T00:54:28.321696+00:00"}, {"symbol": "AVAXUSDT", "bids": [[11.824, 360.0], [11.823, 666.0], [11.822, 1161.0], [11.821, 1096.0], [11.82, 1660.0], [11.819, 1379.0], [11.818, 961.0], [11.817, 1481.0], [11.816, 1631.0], [11.815, 1813.0], [11.814, 1457.0], [11.813, 722.0], [11.812, 1667.0], [11.811, 1060.0], [11.81, 3008.0], [11.809, 1765.0], [11.808, 3422.0], [11.807, 2342.0], [11.806, 1789.0], [11.805, 1433.0]], "asks": [[11.825, 254.0], [11.826, 398.0], [11.827, 543.0], [11.828, 1061.0], [11.829, 1103.0], [11.83, 859.0], [11.831, 2035.0], [11.832, 1789.0], [11.833, 893.0], [11.834, 2316.0], [11.835, 2165.0], [11.836, 2433.0], [11.837, 1042.0], [11.838, 1269.0], [11.839, 825.0], [11.84, 1109.0], [11.841, 1188.0], [11.842, 2049.0], [11.843, 3547.0], [11.844, 2597.0]], "timestamp": "2025-12-18T00:55:22.290984+00:00"}, {"symbol": "AVAXUSDT", "bids": [[11.819, 400.0], [11.818, 473.0], [11.817, 624.0], [11.816, 390.0], [11.815, 1239.0], [11.814, 1116.0], [11.813, 954.0], [11.812, 786.0], [11.811, 944.0], [11.81, 1508.0], [11.809, 1318.0], [11.808, 1195.0], [11.807, 1158.0], [11.806, 2481.0], [11.805, 2876.0], [11.804, 2060.0], [11.803, 3363.0], [11.802, 2544.0], [11.801, 9319.0], [11.8, 1934.0]], "asks": [[11.82, 649.0], [11.821, 389.0], [11.822, 936.0], [11.823, 2323.0], [11.824, 1472.0], [11.825, 1452.0], [11.826, 1573.0], [11.827, 3186.0], [11.828, 3228.0], [11.829, 2372.0], [11.83, 991.0], [11.831, 1639.0], [11.832, 1850.0], [11.833, 2814.0], [11.834, 1619.0], [11.835, 1740.0], [11.836, 1211.0], [11.837, 783.0], [11.838, 1004.0], [11.839, 713.0]], "timestamp": "2025-12-18T00:56:17.178495+00:00"}, {"symbol": "AVAXUSDT", "bids": [[11.812, 236.0], [11.811, 153.0], [11.81, 627.0], [11.809, 577.0], [11.808, 892.0], [11.807, 1055.0], [11.806, 1383.0], [11.805, 716.0], [11.804, 1154.0], [11.803, 800.0], [11.802, 640.0], [11.801, 1363.0], [11.8, 1315.0], [11.799, 1283.0], [11.798, 2528.0], [11.797, 3021.0], [11.796, 1342.0], [11.795, 3304.0], [11.794, 1195.0], [11.793, 775.0]], "asks": [[11.813, 1244.0], [11.814, 1034.0], [11.815, 1750.0], [11.816, 2088.0], [11.817, 2643.0], [11.818, 2285.0], [11.819, 1336.0], [11.82, 1341.0], [11.821, 1756.0], [11.822, 2198.0], [11.823, 1505.0], [11.824, 1585.0], [11.825, 4458.0], [11.826, 1283.0], [11.827, 1664.0], [11.828, 1366.0], [11.829, 1625.0], [11.83, 1276.0], [11.831, 1501.0], [11.832, 3797.0]], "timestamp": "2025-12-18T00:57:11.451020+00:00"}, {"symbol": "AVAXUSDT", "bids": [[11.807, 710.0], [11.806, 516.0], [11.805, 939.0], [11.804, 1039.0], [11.803, 1306.0], [11.802, 626.0], [11.801, 876.0], [11.8, 1449.0], [11.799, 748.0], [11.798, 1062.0], [11.797, 1160.0], [11.796, 1205.0], [11.795, 1817.0], [11.794, 1453.0], [11.793, 1854.0], [11.792, 2755.0], [11.791, 3187.0], [11.79, 9894.0], [11.789, 5160.0], [11.788, 14860.0]], "asks": [[11.808, 265.0], [11.809, 977.0], [11.81, 1369.0], [11.811, 1504.0], [11.812, 2392.0], [11.813, 1446.0], [11.814, 2289.0], [11.815, 2325.0], [11.816, 1739.0], [11.817, 2400.0], [11.818, 1563.0], [11.819, 1151.0], [11.82, 3558.0], [11.821, 2221.0], [11.822, 968.0], [11.823, 1712.0], [11.824, 1205.0], [11.825, 885.0], [11.826, 1378.0], [11.827, 2425.0]], "timestamp": "2025-12-18T00:58:05.114617+00:00"}, {"symbol": "AVAXUSDT", "bids": [[11.808, 207.0], [11.807, 598.0], [11.806, 823.0], [11.805, 1273.0], [11.804, 1100.0], [11.803, 1079.0], [11.802, 988.0], [11.801, 814.0], [11.8, 1190.0], [11.799, 1221.0], [11.798, 1090.0], [11.797, 1354.0], [11.796, 1709.0], [11.795, 1467.0], [11.794, 4697.0], [11.793, 3926.0], [11.792, 2210.0], [11.791, 1005.0], [11.79, 1018.0], [11.789, 1117.0]], "asks": [[11.809, 871.0], [11.81, 865.0], [11.811, 1397.0], [11.812, 968.0], [11.813, 1215.0], [11.814, 2514.0], [11.815, 2010.0], [11.816, 1015.0], [11.817, 1437.0], [11.818, 1750.0], [11.819, 1868.0], [11.82, 3806.0], [11.821, 2409.0], [11.822, 1302.0], [11.823, 815.0], [11.824, 1084.0], [11.825, 754.0], [11.826, 638.0], [11.827, 1449.0], [11.828, 877.0]], "timestamp": "2025-12-18T00:58:59.709595+00:00"}, {"symbol": "AVAXUSDT", "bids": [[11.809, 201.0], [11.808, 550.0], [11.807, 448.0], [11.806, 883.0], [11.805, 1745.0], [11.804, 1144.0], [11.803, 1153.0], [11.802, 1231.0], [11.801, 1251.0], [11.8, 984.0], [11.799, 832.0], [11.798, 1235.0], [11.797, 1643.0], [11.796, 2062.0], [11.795, 2406.0], [11.794, 4970.0], [11.793, 3669.0], [11.792, 1206.0], [11.791, 1388.0], [11.79, 2130.0]], "asks": [[11.81, 518.0], [11.811, 372.0], [11.812, 853.0], [11.813, 1089.0], [11.814, 1919.0], [11.815, 2077.0], [11.816, 1029.0], [11.817, 1537.0], [11.818, 1931.0], [11.819, 1542.0], [11.82, 1898.0], [11.821, 2410.0], [11.822, 2798.0], [11.823, 1311.0], [11.824, 1083.0], [11.825, 875.0], [11.826, 624.0], [11.827, 1459.0], [11.828, 1432.0], [11.829, 1224.0]], "timestamp": "2025-12-18T00:59:54.189039+00:00"}, {"symbol": "AVAXUSDT", "bids": [[11.778, 301.0], [11.777, 465.0], [11.776, 1486.0], [11.775, 1866.0], [11.774, 594.0], [11.773, 884.0], [11.772, 1068.0], [11.771, 629.0], [11.77, 1055.0], [11.769, 1184.0], [11.768, 730.0], [11.767, 466.0], [11.766, 809.0], [11.765, 2144.0], [11.764, 2254.0], [11.763, 1533.0], [11.762, 3351.0], [11.761, 2539.0], [11.76, 845.0], [11.759, 747.0]], "asks": [[11.779, 744.0], [11.78, 1414.0], [11.781, 1622.0], [11.782, 2303.0], [11.783, 3629.0], [11.784, 1741.0], [11.785, 2077.0], [11.786, 1963.0], [11.787, 2065.0], [11.788, 1897.0], [11.789, 2021.0], [11.79, 1713.0], [11.791, 3355.0], [11.792, 1790.0], [11.793, 822.0], [11.794, 1202.0], [11.795, 1140.0], [11.796, 911.0], [11.797, 1235.0], [11.798, 1449.0]], "timestamp": "2025-12-18T01:00:48.132236+00:00"}, {"symbol": "AVAXUSDT", "bids": [[11.775, 297.0], [11.774, 6377.0], [11.773, 354.0], [11.772, 746.0], [11.771, 1520.0], [11.77, 1110.0], [11.769, 1044.0], [11.768, 929.0], [11.767, 1192.0], [11.766, 2342.0], [11.765, 2014.0], [11.764, 1323.0], [11.763, 1430.0], [11.762, 3213.0], [11.761, 1458.0], [11.76, 2662.0], [11.759, 958.0], [11.758, 1357.0], [11.757, 1344.0], [11.756, 4506.0]], "asks": [[11.776, 468.0], [11.777, 1009.0], [11.778, 869.0], [11.779, 1227.0], [11.78, 2364.0], [11.781, 2147.0], [11.782, 1420.0], [11.783, 1551.0], [11.784, 1026.0], [11.785, 1299.0], [11.786, 1922.0], [11.787, 2027.0], [11.788, 3712.0], [11.789, 1372.0], [11.79, 1516.0], [11.791, 980.0], [11.792, 2132.0], [11.793, 1271.0], [11.794, 1615.0], [11.795, 1747.0]], "timestamp": "2025-12-18T01:01:41.892965+00:00"}, {"symbol": "AVAXUSDT", "bids": [[11.769, 77.0], [11.768, 331.0], [11.767, 1343.0], [11.766, 5959.0], [11.765, 915.0], [11.764, 854.0], [11.763, 732.0], [11.762, 795.0], [11.761, 1163.0], [11.76, 900.0], [11.759, 1245.0], [11.758, 986.0], [11.757, 1566.0], [11.756, 2393.0], [11.755, 6018.0], [11.754, 1351.0], [11.753, 2072.0], [11.752, 1526.0], [11.751, 1243.0], [11.75, 1914.0]], "asks": [[11.77, 888.0], [11.771, 756.0], [11.772, 1527.0], [11.773, 1351.0], [11.774, 1640.0], [11.775, 3244.0], [11.776, 3333.0], [11.777, 4516.0], [11.778, 2128.0], [11.779, 2161.0], [11.78, 2160.0], [11.781, 1588.0], [11.782, 3841.0], [11.783, 1986.0], [11.784, 1386.0], [11.785, 875.0], [11.786, 1139.0], [11.787, 1167.0], [11.788, 1159.0], [11.789, 1000.0]], "timestamp": "2025-12-18T01:02:36.016913+00:00"}, {"symbol": "AVAXUSDT", "bids": [[11.773, 39.0], [11.772, 636.0], [11.771, 1150.0], [11.77, 913.0], [11.769, 1170.0], [11.768, 1228.0], [11.767, 1062.0], [11.766, 1172.0], [11.765, 617.0], [11.764, 1243.0], [11.763, 841.0], [11.762, 1227.0], [11.761, 1097.0], [11.76, 1405.0], [11.759, 2914.0], [11.758, 982.0], [11.757, 3675.0], [11.756, 3079.0], [11.755, 1204.0], [11.754, 1197.0]], "asks": [[11.774, 872.0], [11.775, 913.0], [11.776, 1176.0], [11.777, 1408.0], [11.778, 3093.0], [11.779, 2097.0], [11.78, 1427.0], [11.781, 2032.0], [11.782, 1747.0], [11.783, 2228.0], [11.784, 1513.0], [11.785, 1417.0], [11.786, 3831.0], [11.787, 1048.0], [11.788, 775.0], [11.789, 1314.0], [11.79, 1034.0], [11.791, 1558.0], [11.792, 4425.0], [11.793, 16241.0]], "timestamp": "2025-12-18T01:03:30.131129+00:00"}, {"symbol": "AVAXUSDT", "bids": [[11.771, 1231.0], [11.77, 1731.0], [11.769, 1286.0], [11.768, 1329.0], [11.767, 1022.0], [11.766, 1072.0], [11.765, 1272.0], [11.764, 957.0], [11.763, 765.0], [11.762, 1322.0], [11.761, 1473.0], [11.76, 919.0], [11.759, 841.0], [11.758, 1480.0], [11.757, 2406.0], [11.756, 2594.0], [11.755, 1320.0], [11.754, 3339.0], [11.753, 4614.0], [11.752, 1828.0]], "asks": [[11.772, 173.0], [11.773, 561.0], [11.774, 1299.0], [11.775, 1590.0], [11.776, 2799.0], [11.777, 2497.0], [11.778, 1885.0], [11.779, 2209.0], [11.78, 2801.0], [11.781, 1131.0], [11.782, 1204.0], [11.783, 3680.0], [11.784, 1934.0], [11.785, 921.0], [11.786, 1611.0], [11.787, 902.0], [11.788, 3214.0], [11.789, 14415.0], [11.79, 1341.0], [11.791, 4283.0]], "timestamp": "2025-12-18T01:04:24.407114+00:00"}, {"symbol": "AVAXUSDT", "bids": [[11.745, 52.0], [11.744, 317.0], [11.743, 666.0], [11.742, 795.0], [11.741, 1545.0], [11.74, 1722.0], [11.739, 1212.0], [11.738, 1002.0], [11.737, 570.0], [11.736, 1201.0], [11.735, 2167.0], [11.734, 1145.0], [11.733, 1298.0], [11.732, 2130.0], [11.731, 2871.0], [11.73, 1332.0], [11.729, 949.0], [11.728, 2910.0], [11.727, 1093.0], [11.726, 1093.0]], "asks": [[11.746, 823.0], [11.747, 831.0], [11.748, 802.0], [11.749, 1521.0], [11.75, 1982.0], [11.751, 1935.0], [11.752, 2098.0], [11.753, 1547.0], [11.754, 2180.0], [11.755, 1804.0], [11.756, 1755.0], [11.757, 4352.0], [11.758, 1920.0], [11.759, 1345.0], [11.76, 2462.0], [11.761, 2777.0], [11.762, 884.0], [11.763, 1363.0], [11.764, 2794.0], [11.765, 14280.0]], "timestamp": "2025-12-18T01:05:18.676377+00:00"}, {"symbol": "AVAXUSDT", "bids": [[11.738, 52.0], [11.737, 118.0], [11.736, 373.0], [11.735, 572.0], [11.734, 999.0], [11.733, 748.0], [11.732, 1110.0], [11.731, 1084.0], [11.73, 1103.0], [11.729, 766.0], [11.728, 1411.0], [11.727, 1259.0], [11.726, 2064.0], [11.725, 3861.0], [11.724, 2163.0], [11.723, 2331.0], [11.722, 1779.0], [11.721, 2496.0], [11.72, 1238.0], [11.719, 2587.0]], "asks": [[11.739, 655.0], [11.74, 1104.0], [11.741, 916.0], [11.742, 1440.0], [11.743, 2205.0], [11.744, 2269.0], [11.745, 1847.0], [11.746, 1417.0], [11.747, 2299.0], [11.748, 2393.0], [11.749, 5044.0], [11.75, 1998.0], [11.751, 1183.0], [11.752, 1399.0], [11.753, 1140.0], [11.754, 1092.0], [11.755, 815.0], [11.756, 818.0], [11.757, 1243.0], [11.758, 1234.0]], "timestamp": "2025-12-18T01:06:12.335326+00:00"}, {"symbol": "AVAXUSDT", "bids": [[11.752, 735.0], [11.751, 1597.0], [11.75, 1303.0], [11.749, 731.0], [11.748, 1270.0], [11.747, 1225.0], [11.746, 1926.0], [11.745, 2132.0], [11.744, 1453.0], [11.743, 945.0], [11.742, 909.0], [11.741, 1248.0], [11.74, 1047.0], [11.739, 948.0], [11.738, 2475.0], [11.737, 2377.0], [11.736, 1373.0], [11.735, 1338.0], [11.734, 945.0], [11.733, 1304.0]], "asks": [[11.753, 170.0], [11.754, 313.0], [11.755, 574.0], [11.756, 748.0], [11.757, 1926.0], [11.758, 1478.0], [11.759, 1746.0], [11.76, 2029.0], [11.761, 928.0], [11.762, 1765.0], [11.763, 1273.0], [11.764, 2984.0], [11.765, 1511.0], [11.766, 1810.0], [11.767, 3081.0], [11.768, 1418.0], [11.769, 1477.0], [11.77, 3346.0], [11.771, 14214.0], [11.772, 1102.0]], "timestamp": "2025-12-18T01:07:05.993530+00:00"}, {"symbol": "AVAXUSDT", "bids": [[11.757, 204.0], [11.756, 527.0], [11.755, 1291.0], [11.754, 1481.0], [11.753, 1614.0], [11.752, 704.0], [11.751, 633.0], [11.75, 1222.0], [11.749, 1159.0], [11.748, 871.0], [11.747, 1168.0], [11.746, 1298.0], [11.745, 1966.0], [11.744, 2053.0], [11.743, 5915.0], [11.742, 1483.0], [11.741, 1168.0], [11.74, 2569.0], [11.739, 599.0], [11.738, 3197.0]], "asks": [[11.758, 517.0], [11.759, 890.0], [11.76, 1761.0], [11.761, 1546.0], [11.762, 1765.0], [11.763, 1209.0], [11.764, 1181.0], [11.765, 1174.0], [11.766, 1316.0], [11.767, 1444.0], [11.768, 1472.0], [11.769, 3034.0], [11.77, 1955.0], [11.771, 2473.0], [11.772, 1973.0], [11.773, 701.0], [11.774, 1114.0], [11.775, 1106.0], [11.776, 848.0], [11.777, 1614.0]], "timestamp": "2025-12-18T01:07:59.856824+00:00"}, {"symbol": "AVAXUSDT", "bids": [[11.734, 68.0], [11.733, 175.0], [11.732, 298.0], [11.731, 366.0], [11.73, 1400.0], [11.729, 780.0], [11.728, 819.0], [11.727, 964.0], [11.726, 1028.0], [11.725, 1842.0], [11.724, 1540.0], [11.723, 1092.0], [11.722, 1327.0], [11.721, 1771.0], [11.72, 3311.0], [11.719, 4125.0], [11.718, 4638.0], [11.717, 15996.0], [11.716, 717.0], [11.715, 1073.0]], "asks": [[11.735, 1141.0], [11.736, 965.0], [11.737, 750.0], [11.738, 1324.0], [11.739, 1892.0], [11.74, 1448.0], [11.741, 997.0], [11.742, 1522.0], [11.743, 1827.0], [11.744, 3431.0], [11.745, 1482.0], [11.746, 1459.0], [11.747, 2744.0], [11.748, 1053.0], [11.749, 1322.0], [11.75, 1078.0], [11.751, 1648.0], [11.752, 2393.0], [11.753, 2171.0], [11.754, 1304.0]], "timestamp": "2025-12-18T01:08:53.645398+00:00"}, {"symbol": "AVAXUSDT", "bids": [[11.733, 714.0], [11.732, 725.0], [11.731, 1026.0], [11.73, 828.0], [11.729, 1299.0], [11.728, 1212.0], [11.727, 1029.0], [11.726, 597.0], [11.725, 1050.0], [11.724, 1245.0], [11.723, 1057.0], [11.722, 1317.0], [11.721, 1168.0], [11.72, 1598.0], [11.719, 2152.0], [11.718, 1517.0], [11.717, 1593.0], [11.716, 2793.0], [11.715, 2806.0], [11.714, 4170.0]], "asks": [[11.734, 89.0], [11.735, 277.0], [11.736, 960.0], [11.737, 698.0], [11.738, 2018.0], [11.739, 1835.0], [11.74, 1160.0], [11.741, 976.0], [11.742, 1555.0], [11.743, 1581.0], [11.744, 1598.0], [11.745, 3443.0], [11.746, 1273.0], [11.747, 1126.0], [11.748, 1462.0], [11.749, 996.0], [11.75, 1067.0], [11.751, 1614.0], [11.752, 3641.0], [11.753, 14866.0]], "timestamp": "2025-12-18T01:09:47.275562+00:00"}, {"symbol": "AVAXUSDT", "bids": [[11.731, 824.0], [11.73, 4496.0], [11.729, 625.0], [11.728, 824.0], [11.727, 1859.0], [11.726, 2046.0], [11.725, 826.0], [11.724, 1014.0], [11.723, 872.0], [11.722, 658.0], [11.721, 940.0], [11.72, 1188.0], [11.719, 1258.0], [11.718, 1535.0], [11.717, 3112.0], [11.716, 2299.0], [11.715, 3348.0], [11.714, 1384.0], [11.713, 1469.0], [11.712, 4913.0]], "asks": [[11.732, 85.0], [11.733, 453.0], [11.734, 878.0], [11.735, 1171.0], [11.736, 1781.0], [11.737, 2131.0], [11.738, 1521.0], [11.739, 2766.0], [11.74, 1559.0], [11.741, 1639.0], [11.742, 1088.0], [11.743, 2613.0], [11.744, 1108.0], [11.745, 1350.0], [11.746, 1149.0], [11.747, 1558.0], [11.748, 2960.0], [11.749, 14787.0], [11.75, 3770.0], [11.751, 1903.0]], "timestamp": "2025-12-18T01:10:41.241375+00:00"}, {"symbol": "AVAXUSDT", "bids": [[11.725, 288.0], [11.724, 299.0], [11.723, 645.0], [11.722, 445.0], [11.721, 1047.0], [11.72, 1120.0], [11.719, 1018.0], [11.718, 1000.0], [11.717, 1169.0], [11.716, 1618.0], [11.715, 2648.0], [11.714, 4243.0], [11.713, 731.0], [11.712, 1923.0], [11.711, 2362.0], [11.71, 2816.0], [11.709, 2788.0], [11.708, 14308.0], [11.707, 936.0], [11.706, 1626.0]], "asks": [[11.726, 474.0], [11.727, 837.0], [11.728, 844.0], [11.729, 1105.0], [11.73, 1668.0], [11.731, 1192.0], [11.732, 1312.0], [11.733, 1388.0], [11.734, 1617.0], [11.735, 1492.0], [11.736, 2126.0], [11.737, 1583.0], [11.738, 4501.0], [11.739, 1303.0], [11.74, 2049.0], [11.741, 1958.0], [11.742, 1879.0], [11.743, 798.0], [11.744, 1224.0], [11.745, 1177.0]], "timestamp": "2025-12-18T01:11:35.001948+00:00"}, {"symbol": "AVAXUSDT", "bids": [[11.731, 869.0], [11.73, 1913.0], [11.729, 900.0], [11.728, 871.0], [11.727, 484.0], [11.726, 1055.0], [11.725, 1677.0], [11.724, 1363.0], [11.723, 1130.0], [11.722, 2030.0], [11.721, 2049.0], [11.72, 1108.0], [11.719, 729.0], [11.718, 1276.0], [11.717, 1697.0], [11.716, 2195.0], [11.715, 5211.0], [11.714, 2212.0], [11.713, 499.0], [11.712, 993.0]], "asks": [[11.732, 287.0], [11.733, 1007.0], [11.734, 652.0], [11.735, 2069.0], [11.736, 1340.0], [11.737, 1405.0], [11.738, 1956.0], [11.739, 1578.0], [11.74, 2733.0], [11.741, 1733.0], [11.742, 1768.0], [11.743, 3351.0], [11.744, 1639.0], [11.745, 1701.0], [11.746, 2976.0], [11.747, 1038.0], [11.748, 3054.0], [11.749, 14555.0], [11.75, 3011.0], [11.751, 2215.0]], "timestamp": "2025-12-18T01:12:28.766597+00:00"}, {"symbol": "AVAXUSDT", "bids": [[11.737, 1683.0], [11.736, 707.0], [11.735, 361.0], [11.734, 756.0], [11.733, 1295.0], [11.732, 1189.0], [11.731, 1223.0], [11.73, 594.0], [11.729, 1014.0], [11.728, 1479.0], [11.727, 1833.0], [11.726, 2260.0], [11.725, 1405.0], [11.724, 1289.0], [11.723, 2362.0], [11.722, 1807.0], [11.721, 3083.0], [11.72, 734.0], [11.719, 917.0], [11.718, 2328.0]], "asks": [[11.738, 3.0], [11.739, 124.0], [11.74, 575.0], [11.741, 1439.0], [11.742, 2357.0], [11.743, 2444.0], [11.744, 1830.0], [11.745, 1723.0], [11.746, 1759.0], [11.747, 2007.0], [11.748, 2370.0], [11.749, 762.0], [11.75, 3548.0], [11.751, 1610.0], [11.752, 1950.0], [11.753, 1099.0], [11.754, 967.0], [11.755, 933.0], [11.756, 706.0], [11.757, 2003.0]], "timestamp": "2025-12-18T01:13:22.523949+00:00"}, {"symbol": "AVAXUSDT", "bids": [[11.739, 32.0], [11.738, 27.0], [11.737, 517.0], [11.736, 600.0], [11.735, 757.0], [11.734, 892.0], [11.733, 1297.0], [11.732, 1057.0], [11.731, 1281.0], [11.73, 1368.0], [11.729, 912.0], [11.728, 1778.0], [11.727, 1698.0], [11.726, 2425.0], [11.725, 5610.0], [11.724, 1352.0], [11.723, 2379.0], [11.722, 946.0], [11.721, 545.0], [11.72, 2775.0]], "asks": [[11.74, 824.0], [11.741, 2035.0], [11.742, 4705.0], [11.743, 1039.0], [11.744, 2101.0], [11.745, 1531.0], [11.746, 1678.0], [11.747, 2227.0], [11.748, 1066.0], [11.749, 1224.0], [11.75, 1838.0], [11.751, 1452.0], [11.752, 4109.0], [11.753, 1522.0], [11.754, 1414.0], [11.755, 1190.0], [11.756, 1427.0], [11.757, 1667.0], [11.758, 843.0], [11.759, 1334.0]], "timestamp": "2025-12-18T01:14:16.079424+00:00"}, {"symbol": "AVAXUSDT", "bids": [[11.745, 309.0], [11.744, 256.0], [11.743, 901.0], [11.742, 1272.0], [11.741, 2067.0], [11.74, 1766.0], [11.739, 1782.0], [11.738, 1923.0], [11.737, 1232.0], [11.736, 1275.0], [11.735, 1029.0], [11.734, 1140.0], [11.733, 1140.0], [11.732, 1716.0], [11.731, 3033.0], [11.73, 703.0], [11.729, 1785.0], [11.728, 5288.0], [11.727, 1329.0], [11.726, 3191.0]], "asks": [[11.746, 857.0], [11.747, 786.0], [11.748, 572.0], [11.749, 830.0], [11.75, 1140.0], [11.751, 1607.0], [11.752, 1349.0], [11.753, 1533.0], [11.754, 2027.0], [11.755, 2314.0], [11.756, 4293.0], [11.757, 2945.0], [11.758, 921.0], [11.759, 1109.0], [11.76, 1186.0], [11.761, 731.0], [11.762, 2031.0], [11.763, 1566.0], [11.764, 1166.0], [11.765, 1581.0]], "timestamp": "2025-12-18T01:15:10.454735+00:00"}, {"symbol": "AVAXUSDT", "bids": [[11.752, 301.0], [11.751, 340.0], [11.75, 860.0], [11.749, 337.0], [11.748, 1432.0], [11.747, 913.0], [11.746, 893.0], [11.745, 1249.0], [11.744, 990.0], [11.743, 551.0], [11.742, 1062.0], [11.741, 1217.0], [11.74, 1141.0], [11.739, 2157.0], [11.738, 3197.0], [11.737, 3263.0], [11.736, 3414.0], [11.735, 888.0], [11.734, 944.0], [11.733, 1053.0]], "asks": [[11.753, 1072.0], [11.754, 1028.0], [11.755, 746.0], [11.756, 2148.0], [11.757, 1632.0], [11.758, 1683.0], [11.759, 2020.0], [11.76, 981.0], [11.761, 1642.0], [11.762, 2172.0], [11.763, 2399.0], [11.764, 3718.0], [11.765, 1313.0], [11.766, 1686.0], [11.767, 1953.0], [11.768, 1167.0], [11.769, 1657.0], [11.77, 1257.0], [11.771, 1473.0], [11.772, 3307.0]], "timestamp": "2025-12-18T01:16:03.805625+00:00"}, {"symbol": "AVAXUSDT", "bids": [[11.747, 1030.0], [11.746, 752.0], [11.745, 1094.0], [11.744, 1274.0], [11.743, 1577.0], [11.742, 1416.0], [11.741, 1353.0], [11.74, 1315.0], [11.739, 1694.0], [11.738, 1677.0], [11.737, 1906.0], [11.736, 1492.0], [11.735, 1549.0], [11.734, 1171.0], [11.733, 2454.0], [11.732, 1902.0], [11.731, 1038.0], [11.73, 1245.0], [11.729, 2747.0], [11.728, 3604.0]], "asks": [[11.748, 34.0], [11.749, 159.0], [11.75, 984.0], [11.751, 1086.0], [11.752, 1057.0], [11.753, 946.0], [11.754, 1494.0], [11.755, 1557.0], [11.756, 2127.0], [11.757, 1841.0], [11.758, 793.0], [11.759, 2804.0], [11.76, 1700.0], [11.761, 1428.0], [11.762, 1922.0], [11.763, 1494.0], [11.764, 1828.0], [11.765, 994.0], [11.766, 1556.0], [11.767, 2343.0]], "timestamp": "2025-12-18T01:16:57.157376+00:00"}, {"symbol": "AVAXUSDT", "bids": [[11.741, 16.0], [11.74, 253.0], [11.739, 472.0], [11.738, 763.0], [11.737, 1186.0], [11.736, 696.0], [11.735, 1055.0], [11.734, 868.0], [11.733, 1117.0], [11.732, 1194.0], [11.731, 1141.0], [11.73, 933.0], [11.729, 2369.0], [11.728, 4248.0], [11.727, 1976.0], [11.726, 797.0], [11.725, 3021.0], [11.724, 14210.0], [11.723, 2211.0], [11.722, 1816.0]], "asks": [[11.742, 469.0], [11.743, 162.0], [11.744, 687.0], [11.745, 1076.0], [11.746, 2058.0], [11.747, 1578.0], [11.748, 1428.0], [11.749, 2023.0], [11.75, 1438.0], [11.751, 915.0], [11.752, 1083.0], [11.753, 1742.0], [11.754, 1550.0], [11.755, 3685.0], [11.756, 1591.0], [11.757, 1443.0], [11.758, 1139.0], [11.759, 1187.0], [11.76, 1191.0], [11.761, 1278.0]], "timestamp": "2025-12-18T01:17:50.814927+00:00"}, {"symbol": "AVAXUSDT", "bids": [[11.721, 3.0], [11.72, 346.0], [11.719, 732.0], [11.718, 517.0], [11.717, 874.0], [11.716, 906.0], [11.715, 863.0], [11.714, 765.0], [11.713, 886.0], [11.712, 835.0], [11.711, 777.0], [11.71, 1191.0], [11.709, 1358.0], [11.708, 1406.0], [11.707, 2612.0], [11.706, 1036.0], [11.705, 755.0], [11.704, 2025.0], [11.703, 3174.0], [11.702, 1476.0]], "asks": [[11.722, 527.0], [11.723, 554.0], [11.724, 484.0], [11.725, 928.0], [11.726, 1022.0], [11.727, 1395.0], [11.728, 1337.0], [11.729, 2572.0], [11.73, 1803.0], [11.731, 1379.0], [11.732, 1214.0], [11.733, 1425.0], [11.734, 1419.0], [11.735, 3552.0], [11.736, 988.0], [11.737, 1228.0], [11.738, 1863.0], [11.739, 1827.0], [11.74, 3109.0], [11.741, 14273.0]], "timestamp": "2025-12-18T01:18:44.063705+00:00"}, {"symbol": "AVAXUSDT", "bids": [[11.722, 175.0], [11.721, 984.0], [11.72, 1096.0], [11.719, 810.0], [11.718, 1333.0], [11.717, 977.0], [11.716, 684.0], [11.715, 908.0], [11.714, 941.0], [11.713, 685.0], [11.712, 796.0], [11.711, 1371.0], [11.71, 1171.0], [11.709, 1347.0], [11.708, 3013.0], [11.707, 4389.0], [11.706, 1242.0], [11.705, 1553.0], [11.704, 2268.0], [11.703, 1550.0]], "asks": [[11.723, 385.0], [11.724, 179.0], [11.725, 958.0], [11.726, 1042.0], [11.727, 2458.0], [11.728, 1908.0], [11.729, 1401.0], [11.73, 1433.0], [11.731, 2253.0], [11.732, 1113.0], [11.733, 1802.0], [11.734, 1755.0], [11.735, 1551.0], [11.736, 3193.0], [11.737, 1290.0], [11.738, 1592.0], [11.739, 2082.0], [11.74, 1364.0], [11.741, 2726.0], [11.742, 16411.0]], "timestamp": "2025-12-18T01:19:38.644562+00:00"}, {"symbol": "AVAXUSDT", "bids": [[11.729, 526.0], [11.728, 282.0], [11.727, 386.0], [11.726, 657.0], [11.725, 974.0], [11.724, 1653.0], [11.723, 636.0], [11.722, 998.0], [11.721, 915.0], [11.72, 1814.0], [11.719, 479.0], [11.718, 1019.0], [11.717, 1395.0], [11.716, 2207.0], [11.715, 2871.0], [11.714, 1274.0], [11.713, 2565.0], [11.712, 6815.0], [11.711, 14336.0], [11.71, 1149.0]], "asks": [[11.73, 22.0], [11.731, 174.0], [11.732, 605.0], [11.733, 852.0], [11.734, 1934.0], [11.735, 1126.0], [11.736, 1104.0], [11.737, 2142.0], [11.738, 1586.0], [11.739, 2196.0], [11.74, 1574.0], [11.741, 2503.0], [11.742, 1607.0], [11.743, 1837.0], [11.744, 1054.0], [11.745, 678.0], [11.746, 1429.0], [11.747, 1124.0], [11.748, 1263.0], [11.749, 1938.0]], "timestamp": "2025-12-18T01:20:32.916933+00:00"}, {"symbol": "AVAXUSDT", "bids": [[11.754, 58.0], [11.753, 210.0], [11.752, 852.0], [11.751, 1108.0], [11.75, 2089.0], [11.749, 1193.0], [11.748, 2073.0], [11.747, 2187.0], [11.746, 1646.0], [11.745, 1335.0], [11.744, 1311.0], [11.743, 869.0], [11.742, 1217.0], [11.741, 1004.0], [11.74, 2414.0], [11.739, 2612.0], [11.738, 697.0], [11.737, 1643.0], [11.736, 3648.0], [11.735, 2821.0]], "asks": [[11.755, 537.0], [11.756, 100.0], [11.757, 283.0], [11.758, 1144.0], [11.759, 867.0], [11.76, 885.0], [11.761, 561.0], [11.762, 1000.0], [11.763, 1900.0], [11.764, 1452.0], [11.765, 1250.0], [11.766, 2491.0], [11.767, 760.0], [11.768, 1678.0], [11.769, 1290.0], [11.77, 1052.0], [11.771, 1170.0], [11.772, 1558.0], [11.773, 1594.0], [11.774, 2965.0]], "timestamp": "2025-12-18T01:21:26.984443+00:00"}, {"symbol": "AVAXUSDT", "bids": [[11.753, 1229.0], [11.752, 1236.0], [11.751, 3455.0], [11.75, 491.0], [11.749, 1008.0], [11.748, 1230.0], [11.747, 875.0], [11.746, 1050.0], [11.745, 859.0], [11.744, 573.0], [11.743, 612.0], [11.742, 995.0], [11.741, 687.0], [11.74, 1543.0], [11.739, 1592.0], [11.738, 2198.0], [11.737, 2239.0], [11.736, 4335.0], [11.735, 2493.0], [11.734, 1564.0]], "asks": [[11.754, 21.0], [11.755, 5436.0], [11.756, 781.0], [11.757, 1007.0], [11.758, 800.0], [11.759, 1314.0], [11.76, 909.0], [11.761, 1504.0], [11.762, 1787.0], [11.763, 3314.0], [11.764, 1201.0], [11.765, 840.0], [11.766, 2409.0], [11.767, 3514.0], [11.768, 917.0], [11.769, 1313.0], [11.77, 1075.0], [11.771, 1104.0], [11.772, 3183.0], [11.773, 14575.0]], "timestamp": "2025-12-18T01:22:21.052369+00:00"}, {"symbol": "AVAXUSDT", "bids": [[11.758, 160.0], [11.757, 253.0], [11.756, 580.0], [11.755, 796.0], [11.754, 700.0], [11.753, 1347.0], [11.752, 1138.0], [11.751, 921.0], [11.75, 948.0], [11.749, 749.0], [11.748, 833.0], [11.747, 1993.0], [11.746, 1955.0], [11.745, 1666.0], [11.744, 2383.0], [11.743, 3847.0], [11.742, 1509.0], [11.741, 2033.0], [11.74, 866.0], [11.739, 3503.0]], "asks": [[11.759, 537.0], [11.76, 2181.0], [11.761, 6603.0], [11.762, 480.0], [11.763, 1044.0], [11.764, 1236.0], [11.765, 1013.0], [11.766, 2183.0], [11.767, 1822.0], [11.768, 1538.0], [11.769, 1817.0], [11.77, 2911.0], [11.771, 1645.0], [11.772, 1939.0], [11.773, 1256.0], [11.774, 1611.0], [11.775, 990.0], [11.776, 842.0], [11.777, 910.0], [11.778, 1296.0]], "timestamp": "2025-12-18T01:23:14.407841+00:00"}, {"symbol": "AVAXUSDT", "bids": [[11.76, 55.0], [11.759, 32.0], [11.758, 773.0], [11.757, 390.0], [11.756, 1407.0], [11.755, 2043.0], [11.754, 591.0], [11.753, 937.0], [11.752, 1128.0], [11.751, 504.0], [11.75, 1009.0], [11.749, 1049.0], [11.748, 1731.0], [11.747, 4830.0], [11.746, 2013.0], [11.745, 1853.0], [11.744, 1462.0], [11.743, 1493.0], [11.742, 1392.0], [11.741, 834.0]], "asks": [[11.761, 6631.0], [11.762, 1145.0], [11.763, 798.0], [11.764, 1085.0], [11.765, 1790.0], [11.766, 2466.0], [11.767, 1366.0], [11.768, 975.0], [11.769, 1488.0], [11.77, 1461.0], [11.771, 1870.0], [11.772, 2841.0], [11.773, 2208.0], [11.774, 1445.0], [11.775, 2788.0], [11.776, 905.0], [11.777, 990.0], [11.778, 1305.0], [11.779, 1022.0], [11.78, 1591.0]], "timestamp": "2025-12-18T01:24:09.596013+00:00"}, {"symbol": "AVAXUSDT", "bids": [[11.761, 467.0], [11.76, 430.0], [11.759, 924.0], [11.758, 767.0], [11.757, 735.0], [11.756, 1373.0], [11.755, 1099.0], [11.754, 767.0], [11.753, 940.0], [11.752, 980.0], [11.751, 606.0], [11.75, 1028.0], [11.749, 900.0], [11.748, 1617.0], [11.747, 3273.0], [11.746, 1374.0], [11.745, 2924.0], [11.744, 2804.0], [11.743, 959.0], [11.742, 2105.0]], "asks": [[11.762, 372.0], [11.763, 6013.0], [11.764, 678.0], [11.765, 1435.0], [11.766, 1847.0], [11.767, 2169.0], [11.768, 714.0], [11.769, 1247.0], [11.77, 1438.0], [11.771, 1993.0], [11.772, 1462.0], [11.773, 3775.0], [11.774, 1487.0], [11.775, 1401.0], [11.776, 996.0], [11.777, 1115.0], [11.778, 1144.0], [11.779, 1202.0], [11.78, 3166.0], [11.781, 17348.0]], "timestamp": "2025-12-18T01:25:03.150896+00:00"}, {"symbol": "AVAXUSDT", "bids": [[11.752, 31.0], [11.751, 416.0], [11.75, 441.0], [11.749, 504.0], [11.748, 726.0], [11.747, 1130.0], [11.746, 1109.0], [11.745, 930.0], [11.744, 808.0], [11.743, 868.0], [11.742, 1574.0], [11.741, 1484.0], [11.74, 1641.0], [11.739, 4084.0], [11.738, 2325.0], [11.737, 2202.0], [11.736, 2949.0], [11.735, 13912.0], [11.734, 776.0], [11.733, 1627.0]], "asks": [[11.753, 911.0], [11.754, 997.0], [11.755, 6361.0], [11.756, 1255.0], [11.757, 2729.0], [11.758, 1542.0], [11.759, 1324.0], [11.76, 972.0], [11.761, 1629.0], [11.762, 2254.0], [11.763, 1736.0], [11.764, 1572.0], [11.765, 1271.0], [11.766, 3342.0], [11.767, 2304.0], [11.768, 1465.0], [11.769, 963.0], [11.77, 778.0], [11.771, 1458.0], [11.772, 2548.0]], "timestamp": "2025-12-18T01:25:56.603419+00:00"}, {"symbol": "AVAXUSDT", "bids": [[11.742, 666.0], [11.741, 874.0], [11.74, 744.0], [11.739, 552.0], [11.738, 543.0], [11.737, 1161.0], [11.736, 1014.0], [11.735, 661.0], [11.734, 1085.0], [11.733, 1097.0], [11.732, 831.0], [11.731, 605.0], [11.73, 982.0], [11.729, 1369.0], [11.728, 2828.0], [11.727, 1866.0], [11.726, 1542.0], [11.725, 4712.0], [11.724, 987.0], [11.723, 1233.0]], "asks": [[11.743, 5948.0], [11.744, 98.0], [11.745, 642.0], [11.746, 644.0], [11.747, 1363.0], [11.748, 1223.0], [11.749, 2296.0], [11.75, 2692.0], [11.751, 1606.0], [11.752, 870.0], [11.753, 1502.0], [11.754, 1639.0], [11.755, 3593.0], [11.756, 1122.0], [11.757, 930.0], [11.758, 807.0], [11.759, 1526.0], [11.76, 2628.0], [11.761, 3694.0], [11.762, 14555.0]], "timestamp": "2025-12-18T01:26:50.699041+00:00"}, {"symbol": "AVAXUSDT", "bids": [[11.745, 63.0], [11.744, 642.0], [11.743, 430.0], [11.742, 1298.0], [11.741, 894.0], [11.74, 990.0], [11.739, 1092.0], [11.738, 1090.0], [11.737, 784.0], [11.736, 1677.0], [11.735, 1446.0], [11.734, 1409.0], [11.733, 1302.0], [11.732, 1673.0], [11.731, 2089.0], [11.73, 1490.0], [11.729, 1176.0], [11.728, 2268.0], [11.727, 1084.0], [11.726, 1659.0]], "asks": [[11.746, 413.0], [11.747, 893.0], [11.748, 553.0], [11.749, 981.0], [11.75, 1554.0], [11.751, 1247.0], [11.752, 1095.0], [11.753, 1016.0], [11.754, 1933.0], [11.755, 2095.0], [11.756, 2720.0], [11.757, 1098.0], [11.758, 1940.0], [11.759, 1813.0], [11.76, 2451.0], [11.761, 1709.0], [11.762, 1439.0], [11.763, 2978.0], [11.764, 1496.0], [11.765, 2043.0]], "timestamp": "2025-12-18T01:27:44.226237+00:00"}, {"symbol": "AVAXUSDT", "bids": [[11.745, 390.0], [11.744, 635.0], [11.743, 891.0], [11.742, 1334.0], [11.741, 960.0], [11.74, 994.0], [11.739, 955.0], [11.738, 862.0], [11.737, 914.0], [11.736, 1564.0], [11.735, 1643.0], [11.734, 1470.0], [11.733, 1718.0], [11.732, 2000.0], [11.731, 2560.0], [11.73, 1624.0], [11.729, 2428.0], [11.728, 3618.0], [11.727, 3003.0], [11.726, 13988.0]], "asks": [[11.746, 5.0], [11.747, 185.0], [11.748, 362.0], [11.749, 866.0], [11.75, 1282.0], [11.751, 1744.0], [11.752, 987.0], [11.753, 1283.0], [11.754, 1479.0], [11.755, 2031.0], [11.756, 2527.0], [11.757, 1285.0], [11.758, 1917.0], [11.759, 2104.0], [11.76, 2848.0], [11.761, 1373.0], [11.762, 811.0], [11.763, 1412.0], [11.764, 2019.0], [11.765, 3061.0]], "timestamp": "2025-12-18T01:28:38.457298+00:00"}, {"symbol": "AVAXUSDT", "bids": [[11.743, 47.0], [11.742, 293.0], [11.741, 1080.0], [11.74, 597.0], [11.739, 1052.0], [11.738, 1218.0], [11.737, 683.0], [11.736, 1044.0], [11.735, 1180.0], [11.734, 1783.0], [11.733, 1113.0], [11.732, 871.0], [11.731, 845.0], [11.73, 1342.0], [11.729, 1841.0], [11.728, 5077.0], [11.727, 4787.0], [11.726, 14046.0], [11.725, 961.0], [11.724, 971.0]], "asks": [[11.744, 916.0], [11.745, 752.0], [11.746, 606.0], [11.747, 1165.0], [11.748, 1298.0], [11.749, 1536.0], [11.75, 1870.0], [11.751, 2380.0], [11.752, 1356.0], [11.753, 1881.0], [11.754, 2687.0], [11.755, 3147.0], [11.756, 1390.0], [11.757, 1519.0], [11.758, 862.0], [11.759, 1605.0], [11.76, 2922.0], [11.761, 826.0], [11.762, 1036.0], [11.763, 1365.0]], "timestamp": "2025-12-18T01:29:33.093422+00:00"}, {"symbol": "AVAXUSDT", "bids": [[11.739, 147.0], [11.738, 577.0], [11.737, 688.0], [11.736, 819.0], [11.735, 1059.0], [11.734, 2006.0], [11.733, 1804.0], [11.732, 1180.0], [11.731, 881.0], [11.73, 1213.0], [11.729, 749.0], [11.728, 1270.0], [11.727, 1016.0], [11.726, 1390.0], [11.725, 3007.0], [11.724, 1461.0], [11.723, 1796.0], [11.722, 3822.0], [11.721, 1519.0], [11.72, 1187.0]], "asks": [[11.74, 355.0], [11.741, 715.0], [11.742, 481.0], [11.743, 719.0], [11.744, 1468.0], [11.745, 2080.0], [11.746, 1691.0], [11.747, 2087.0], [11.748, 3350.0], [11.749, 1911.0], [11.75, 2967.0], [11.751, 1203.0], [11.752, 799.0], [11.753, 1583.0], [11.754, 3095.0], [11.755, 1277.0], [11.756, 2635.0], [11.757, 14103.0], [11.758, 1271.0], [11.759, 1703.0]], "timestamp": "2025-12-18T01:30:27.247671+00:00"}, {"symbol": "AVAXUSDT", "bids": [[11.732, 487.0], [11.731, 736.0], [11.73, 473.0], [11.729, 560.0], [11.728, 626.0], [11.727, 956.0], [11.726, 697.0], [11.725, 1030.0], [11.724, 1187.0], [11.723, 567.0], [11.722, 1230.0], [11.721, 1479.0], [11.72, 2410.0], [11.719, 1034.0], [11.718, 2219.0], [11.717, 1744.0], [11.716, 1277.0], [11.715, 4107.0], [11.714, 1759.0], [11.713, 4566.0]], "asks": [[11.733, 521.0], [11.734, 293.0], [11.735, 1153.0], [11.736, 1131.0], [11.737, 1615.0], [11.738, 1074.0], [11.739, 1885.0], [11.74, 1864.0], [11.741, 1331.0], [11.742, 1569.0], [11.743, 2079.0], [11.744, 3262.0], [11.745, 1968.0], [11.746, 1665.0], [11.747, 1890.0], [11.748, 4080.0], [11.749, 1491.0], [11.75, 2879.0], [11.751, 14583.0], [11.752, 499.0]], "timestamp": "2025-12-18T01:31:21.416024+00:00"}, {"symbol": "AVAXUSDT", "bids": [[11.739, 66.0], [11.738, 186.0], [11.737, 1177.0], [11.736, 1434.0], [11.735, 1333.0], [11.734, 974.0], [11.733, 1482.0], [11.732, 804.0], [11.731, 1428.0], [11.73, 1245.0], [11.729, 1032.0], [11.728, 2738.0], [11.727, 1286.0], [11.726, 1662.0], [11.725, 3107.0], [11.724, 1617.0], [11.723, 2287.0], [11.722, 1052.0], [11.721, 1287.0], [11.72, 1288.0]], "asks": [[11.74, 798.0], [11.741, 761.0], [11.742, 607.0], [11.743, 1154.0], [11.744, 1371.0], [11.745, 1836.0], [11.746, 1662.0], [11.747, 2205.0], [11.748, 2243.0], [11.749, 2306.0], [11.75, 1733.0], [11.751, 3295.0], [11.752, 589.0], [11.753, 1144.0], [11.754, 1233.0], [11.755, 1297.0], [11.756, 2372.0], [11.757, 5527.0], [11.758, 14620.0], [11.759, 616.0]], "timestamp": "2025-12-18T01:32:15.091798+00:00"}, {"symbol": "AVAXUSDT", "bids": [[11.733, 585.0], [11.732, 139.0], [11.731, 340.0], [11.73, 877.0], [11.729, 515.0], [11.728, 1034.0], [11.727, 1291.0], [11.726, 1275.0], [11.725, 1277.0], [11.724, 2200.0], [11.723, 1349.0], [11.722, 2427.0], [11.721, 1921.0], [11.72, 3924.0], [11.719, 2788.0], [11.718, 1097.0], [11.717, 1065.0], [11.716, 525.0], [11.715, 2613.0], [11.714, 14738.0]], "asks": [[11.734, 181.0], [11.735, 229.0], [11.736, 699.0], [11.737, 590.0], [11.738, 859.0], [11.739, 1592.0], [11.74, 1070.0], [11.741, 1003.0], [11.742, 2004.0], [11.743, 2821.0], [11.744, 1465.0], [11.745, 2046.0], [11.746, 2606.0], [11.747, 711.0], [11.748, 1610.0], [11.749, 1875.0], [11.75, 2894.0], [11.751, 1504.0], [11.752, 866.0], [11.753, 1200.0]], "timestamp": "2025-12-18T01:33:09.037810+00:00"}, {"symbol": "AVAXUSDT", "bids": [[11.742, 406.0], [11.741, 648.0], [11.74, 1070.0], [11.739, 799.0], [11.738, 1183.0], [11.737, 1392.0], [11.736, 1782.0], [11.735, 1923.0], [11.734, 1048.0], [11.733, 2119.0], [11.732, 1215.0], [11.731, 1179.0], [11.73, 2040.0], [11.729, 2388.0], [11.728, 2841.0], [11.727, 4074.0], [11.726, 617.0], [11.725, 813.0], [11.724, 3082.0], [11.723, 14841.0]], "asks": [[11.743, 21.0], [11.744, 4.0], [11.745, 353.0], [11.746, 215.0], [11.747, 1185.0], [11.748, 1033.0], [11.749, 907.0], [11.75, 1238.0], [11.751, 856.0], [11.752, 1553.0], [11.753, 2125.0], [11.754, 1237.0], [11.755, 2601.0], [11.756, 1020.0], [11.757, 974.0], [11.758, 1624.0], [11.759, 2621.0], [11.76, 4210.0], [11.761, 680.0], [11.762, 903.0]], "timestamp": "2025-12-18T01:34:02.593974+00:00"}, {"symbol": "AVAXUSDT", "bids": [[11.74, 105.0], [11.739, 583.0], [11.738, 647.0], [11.737, 1176.0], [11.736, 876.0], [11.735, 939.0], [11.734, 1168.0], [11.733, 1009.0], [11.732, 607.0], [11.731, 526.0], [11.73, 1322.0], [11.729, 1217.0], [11.728, 1811.0], [11.727, 4015.0], [11.726, 2142.0], [11.725, 1252.0], [11.724, 1769.0], [11.723, 3763.0], [11.722, 1625.0], [11.721, 2155.0]], "asks": [[11.741, 1080.0], [11.742, 488.0], [11.743, 927.0], [11.744, 1371.0], [11.745, 1008.0], [11.746, 925.0], [11.747, 1274.0], [11.748, 574.0], [11.749, 818.0], [11.75, 1262.0], [11.751, 833.0], [11.752, 1470.0], [11.753, 2060.0], [11.754, 965.0], [11.755, 3186.0], [11.756, 814.0], [11.757, 1005.0], [11.758, 1731.0], [11.759, 1549.0], [11.76, 4187.0]], "timestamp": "2025-12-18T01:34:56.354291+00:00"}, {"symbol": "AVAXUSDT", "bids": [[11.729, 825.0], [11.728, 512.0], [11.727, 1326.0], [11.726, 1224.0], [11.725, 714.0], [11.724, 953.0], [11.723, 678.0], [11.722, 727.0], [11.721, 1610.0], [11.72, 1253.0], [11.719, 712.0], [11.718, 1574.0], [11.717, 2282.0], [11.716, 1498.0], [11.715, 2154.0], [11.714, 1917.0], [11.713, 1968.0], [11.712, 1957.0], [11.711, 3426.0], [11.71, 1525.0]], "asks": [[11.73, 255.0], [11.731, 152.0], [11.732, 800.0], [11.733, 217.0], [11.734, 942.0], [11.735, 1520.0], [11.736, 1736.0], [11.737, 1355.0], [11.738, 1588.0], [11.739, 2797.0], [11.74, 1715.0], [11.741, 2950.0], [11.742, 1281.0], [11.743, 1711.0], [11.744, 1736.0], [11.745, 2205.0], [11.746, 1485.0], [11.747, 3111.0], [11.748, 1192.0], [11.749, 3645.0]], "timestamp": "2025-12-18T01:35:50.319414+00:00"}, {"symbol": "AVAXUSDT", "bids": [[11.763, 647.0], [11.762, 386.0], [11.761, 653.0], [11.76, 442.0], [11.759, 1642.0], [11.758, 1170.0], [11.757, 1208.0], [11.756, 1690.0], [11.755, 982.0], [11.754, 1305.0], [11.753, 3128.0], [11.752, 630.0], [11.751, 651.0], [11.75, 1818.0], [11.749, 2556.0], [11.748, 863.0], [11.747, 1647.0], [11.746, 1433.0], [11.745, 1395.0], [11.744, 2187.0]], "asks": [[11.764, 903.0], [11.765, 1915.0], [11.766, 3776.0], [11.767, 3875.0], [11.768, 1232.0], [11.769, 1146.0], [11.77, 1141.0], [11.771, 2233.0], [11.772, 1661.0], [11.773, 1152.0], [11.774, 1012.0], [11.775, 1871.0], [11.776, 3255.0], [11.777, 748.0], [11.778, 1740.0], [11.779, 2839.0], [11.78, 1454.0], [11.781, 2087.0], [11.782, 3345.0], [11.783, 14985.0]], "timestamp": "2025-12-18T01:36:43.900767+00:00"}, {"symbol": "AVAXUSDT", "bids": [[11.754, 143.0], [11.753, 761.0], [11.752, 408.0], [11.751, 447.0], [11.75, 1370.0], [11.749, 1193.0], [11.748, 769.0], [11.747, 1222.0], [11.746, 2154.0], [11.745, 1252.0], [11.744, 822.0], [11.743, 3235.0], [11.742, 704.0], [11.741, 1503.0], [11.74, 2715.0], [11.739, 1278.0], [11.738, 767.0], [11.737, 1597.0], [11.736, 3162.0], [11.735, 888.0]], "asks": [[11.755, 277.0], [11.756, 166.0], [11.757, 475.0], [11.758, 1158.0], [11.759, 1392.0], [11.76, 854.0], [11.761, 757.0], [11.762, 1773.0], [11.763, 1356.0], [11.764, 1942.0], [11.765, 3456.0], [11.766, 4860.0], [11.767, 4379.0], [11.768, 1121.0], [11.769, 1979.0], [11.77, 1688.0], [11.771, 2239.0], [11.772, 2956.0], [11.773, 750.0], [11.774, 1204.0]], "timestamp": "2025-12-18T01:37:38.351893+00:00"}, {"symbol": "AVAXUSDT", "bids": [[11.748, 79.0], [11.747, 293.0], [11.746, 676.0], [11.745, 483.0], [11.744, 802.0], [11.743, 1079.0], [11.742, 904.0], [11.741, 1112.0], [11.74, 1121.0], [11.739, 1149.0], [11.738, 2365.0], [11.737, 2408.0], [11.736, 4286.0], [11.735, 2476.0], [11.734, 1314.0], [11.733, 1236.0], [11.732, 1197.0], [11.731, 1480.0], [11.73, 1729.0], [11.729, 1661.0]], "asks": [[11.749, 661.0], [11.75, 355.0], [11.751, 303.0], [11.752, 768.0], [11.753, 1278.0], [11.754, 1272.0], [11.755, 829.0], [11.756, 1994.0], [11.757, 968.0], [11.758, 1284.0], [11.759, 2200.0], [11.76, 2899.0], [11.761, 1201.0], [11.762, 848.0], [11.763, 1775.0], [11.764, 2222.0], [11.765, 4362.0], [11.766, 4755.0], [11.767, 2364.0], [11.768, 881.0]], "timestamp": "2025-12-18T01:38:32.214861+00:00"}, {"symbol": "AVAXUSDT", "bids": [[11.731, 82.0], [11.73, 165.0], [11.729, 273.0], [11.728, 322.0], [11.727, 1221.0], [11.726, 1249.0], [11.725, 714.0], [11.724, 1448.0], [11.723, 1204.0], [11.722, 3223.0], [11.721, 1210.0], [11.72, 3241.0], [11.719, 2324.0], [11.718, 790.0], [11.717, 1376.0], [11.716, 527.0], [11.715, 1170.0], [11.714, 1533.0], [11.713, 1143.0], [11.712, 1043.0]], "asks": [[11.732, 916.0], [11.733, 660.0], [11.734, 1050.0], [11.735, 1146.0], [11.736, 1679.0], [11.737, 2119.0], [11.738, 1147.0], [11.739, 1486.0], [11.74, 1982.0], [11.741, 1650.0], [11.742, 1674.0], [11.743, 2691.0], [11.744, 2401.0], [11.745, 660.0], [11.746, 1302.0], [11.747, 2587.0], [11.748, 3063.0], [11.749, 2377.0], [11.75, 1990.0], [11.751, 1154.0]], "timestamp": "2025-12-18T01:39:25.974867+00:00"}, {"symbol": "AVAXUSDT", "bids": [[11.73, 421.0], [11.729, 529.0], [11.728, 525.0], [11.727, 851.0], [11.726, 682.0], [11.725, 874.0], [11.724, 1070.0], [11.723, 565.0], [11.722, 1332.0], [11.721, 2443.0], [11.72, 1502.0], [11.719, 1022.0], [11.718, 1772.0], [11.717, 2882.0], [11.716, 1274.0], [11.715, 1633.0], [11.714, 1539.0], [11.713, 1789.0], [11.712, 3570.0], [11.711, 1351.0]], "asks": [[11.731, 556.0], [11.732, 27.0], [11.733, 639.0], [11.734, 457.0], [11.735, 1587.0], [11.736, 1495.0], [11.737, 995.0], [11.738, 1773.0], [11.739, 1821.0], [11.74, 1801.0], [11.741, 1964.0], [11.742, 1355.0], [11.743, 2772.0], [11.744, 1500.0], [11.745, 1533.0], [11.746, 2234.0], [11.747, 1582.0], [11.748, 1595.0], [11.749, 2012.0], [11.75, 3918.0]], "timestamp": "2025-12-18T01:40:20.044232+00:00"}, {"symbol": "AVAXUSDT", "bids": [[11.754, 216.0], [11.753, 442.0], [11.752, 1721.0], [11.751, 1394.0], [11.75, 1671.0], [11.749, 1543.0], [11.748, 1188.0], [11.747, 790.0], [11.746, 1465.0], [11.745, 1463.0], [11.744, 2076.0], [11.743, 3286.0], [11.742, 1431.0], [11.741, 1718.0], [11.74, 1996.0], [11.739, 1038.0], [11.738, 1666.0], [11.737, 843.0], [11.736, 1869.0], [11.735, 3363.0]], "asks": [[11.755, 342.0], [11.756, 288.0], [11.757, 352.0], [11.758, 444.0], [11.759, 931.0], [11.76, 1070.0], [11.761, 804.0], [11.762, 1667.0], [11.763, 1410.0], [11.764, 2354.0], [11.765, 3284.0], [11.766, 5539.0], [11.767, 2945.0], [11.768, 1467.0], [11.769, 1699.0], [11.77, 1588.0], [11.771, 2260.0], [11.772, 1381.0], [11.773, 569.0], [11.774, 1035.0]], "timestamp": "2025-12-18T01:41:14.619638+00:00"}, {"symbol": "AVAXUSDT", "bids": [[11.751, 1364.0], [11.75, 541.0], [11.749, 890.0], [11.748, 1074.0], [11.747, 975.0], [11.746, 1011.0], [11.745, 1165.0], [11.744, 974.0], [11.743, 1325.0], [11.742, 2022.0], [11.741, 2769.0], [11.74, 1325.0], [11.739, 2092.0], [11.738, 3627.0], [11.737, 1915.0], [11.736, 1577.0], [11.735, 1810.0], [11.734, 1230.0], [11.733, 2869.0], [11.732, 1834.0]], "asks": [[11.752, 142.0], [11.753, 81.0], [11.754, 401.0], [11.755, 1014.0], [11.756, 1025.0], [11.757, 1361.0], [11.758, 1172.0], [11.759, 2003.0], [11.76, 1809.0], [11.761, 2314.0], [11.762, 2871.0], [11.763, 1529.0], [11.764, 1500.0], [11.765, 3490.0], [11.766, 5443.0], [11.767, 3152.0], [11.768, 2702.0], [11.769, 16725.0], [11.77, 1240.0], [11.771, 1040.0]], "timestamp": "2025-12-18T01:42:08.280840+00:00"}, {"symbol": "AVAXUSDT", "bids": [[11.761, 317.0], [11.76, 585.0], [11.759, 404.0], [11.758, 935.0], [11.757, 1031.0], [11.756, 1267.0], [11.755, 1751.0], [11.754, 1693.0], [11.753, 1519.0], [11.752, 2397.0], [11.751, 1480.0], [11.75, 2720.0], [11.749, 1260.0], [11.748, 2998.0], [11.747, 2179.0], [11.746, 1733.0], [11.745, 2960.0], [11.744, 3517.0], [11.743, 1047.0], [11.742, 1759.0]], "asks": [[11.762, 272.0], [11.763, 239.0], [11.764, 980.0], [11.765, 2230.0], [11.766, 4149.0], [11.767, 2898.0], [11.768, 1507.0], [11.769, 1083.0], [11.77, 1124.0], [11.771, 2181.0], [11.772, 2190.0], [11.773, 656.0], [11.774, 3432.0], [11.775, 1065.0], [11.776, 1166.0], [11.777, 2315.0], [11.778, 873.0], [11.779, 1306.0], [11.78, 3025.0], [11.781, 14138.0]], "timestamp": "2025-12-18T01:43:02.250611+00:00"}, {"symbol": "AVAXUSDT", "bids": [[11.756, 113.0], [11.755, 283.0], [11.754, 567.0], [11.753, 789.0], [11.752, 1859.0], [11.751, 986.0], [11.75, 606.0], [11.749, 548.0], [11.748, 1147.0], [11.747, 1396.0], [11.746, 2067.0], [11.745, 2889.0], [11.744, 2559.0], [11.743, 1206.0], [11.742, 3863.0], [11.741, 1058.0], [11.74, 1002.0], [11.739, 1732.0], [11.738, 2844.0], [11.737, 14608.0]], "asks": [[11.757, 216.0], [11.758, 5134.0], [11.759, 617.0], [11.76, 790.0], [11.761, 1270.0], [11.762, 1897.0], [11.763, 2476.0], [11.764, 2096.0], [11.765, 3619.0], [11.766, 4502.0], [11.767, 3076.0], [11.768, 1527.0], [11.769, 3491.0], [11.77, 2160.0], [11.771, 3162.0], [11.772, 2704.0], [11.773, 574.0], [11.774, 702.0], [11.775, 1228.0], [11.776, 1233.0]], "timestamp": "2025-12-18T01:43:56.620425+00:00"}, {"symbol": "AVAXUSDT", "bids": [[11.752, 436.0], [11.751, 530.0], [11.75, 655.0], [11.749, 454.0], [11.748, 1189.0], [11.747, 773.0], [11.746, 892.0], [11.745, 1140.0], [11.744, 1477.0], [11.743, 2539.0], [11.742, 1721.0], [11.741, 995.0], [11.74, 2193.0], [11.739, 1183.0], [11.738, 1477.0], [11.737, 1835.0], [11.736, 4040.0], [11.735, 832.0], [11.734, 3246.0], [11.733, 15139.0]], "asks": [[11.753, 148.0], [11.754, 195.0], [11.755, 4104.0], [11.756, 706.0], [11.757, 1694.0], [11.758, 932.0], [11.759, 1187.0], [11.76, 1245.0], [11.761, 1585.0], [11.762, 1708.0], [11.763, 2375.0], [11.764, 1635.0], [11.765, 6147.0], [11.766, 4048.0], [11.767, 3486.0], [11.768, 2650.0], [11.769, 1589.0], [11.77, 1646.0], [11.771, 2199.0], [11.772, 1429.0]], "timestamp": "2025-12-18T01:44:50.483163+00:00"}, {"symbol": "AVAXUSDT", "bids": [[11.752, 168.0], [11.751, 759.0], [11.75, 1049.0], [11.749, 671.0], [11.748, 939.0], [11.747, 805.0], [11.746, 925.0], [11.745, 1593.0], [11.744, 1586.0], [11.743, 2325.0], [11.742, 1236.0], [11.741, 2009.0], [11.74, 1570.0], [11.739, 1021.0], [11.738, 985.0], [11.737, 1587.0], [11.736, 3859.0], [11.735, 1349.0], [11.734, 3344.0], [11.733, 15559.0]], "asks": [[11.753, 298.0], [11.754, 549.0], [11.755, 609.0], [11.756, 569.0], [11.757, 725.0], [11.758, 862.0], [11.759, 987.0], [11.76, 1039.0], [11.761, 1156.0], [11.762, 1610.0], [11.763, 1770.0], [11.764, 2821.0], [11.765, 5327.0], [11.766, 4627.0], [11.767, 2335.0], [11.768, 1720.0], [11.769, 3226.0], [11.77, 2917.0], [11.771, 2697.0], [11.772, 1969.0]], "timestamp": "2025-12-18T01:45:44.243549+00:00"}, {"symbol": "AVAXUSDT", "bids": [[11.757, 457.0], [11.756, 1056.0], [11.755, 634.0], [11.754, 1216.0], [11.753, 993.0], [11.752, 1745.0], [11.751, 2169.0], [11.75, 1037.0], [11.749, 1120.0], [11.748, 1806.0], [11.747, 3124.0], [11.746, 1022.0], [11.745, 2668.0], [11.744, 1768.0], [11.743, 1990.0], [11.742, 3078.0], [11.741, 498.0], [11.74, 852.0], [11.739, 1720.0], [11.738, 3538.0]], "asks": [[11.758, 66.0], [11.759, 196.0], [11.76, 484.0], [11.761, 360.0], [11.762, 1003.0], [11.763, 1501.0], [11.764, 1622.0], [11.765, 3320.0], [11.766, 4754.0], [11.767, 3322.0], [11.768, 779.0], [11.769, 1807.0], [11.77, 3788.0], [11.771, 1623.0], [11.772, 1959.0], [11.773, 1923.0], [11.774, 1353.0], [11.775, 1864.0], [11.776, 1306.0], [11.777, 3787.0]], "timestamp": "2025-12-18T01:46:38.413811+00:00"}, {"symbol": "AVAXUSDT", "bids": [[11.751, 232.0], [11.75, 553.0], [11.749, 1081.0], [11.748, 789.0], [11.747, 764.0], [11.746, 1759.0], [11.745, 872.0], [11.744, 1149.0], [11.743, 1821.0], [11.742, 1686.0], [11.741, 1907.0], [11.74, 1032.0], [11.739, 1417.0], [11.738, 2431.0], [11.737, 1923.0], [11.736, 1758.0], [11.735, 1121.0], [11.734, 1710.0], [11.733, 3342.0], [11.732, 1451.0]], "asks": [[11.752, 526.0], [11.753, 193.0], [11.754, 336.0], [11.755, 467.0], [11.756, 837.0], [11.757, 1816.0], [11.758, 1275.0], [11.759, 1272.0], [11.76, 2146.0], [11.761, 2010.0], [11.762, 1296.0], [11.763, 2916.0], [11.764, 1254.0], [11.765, 3559.0], [11.766, 3898.0], [11.767, 3639.0], [11.768, 1433.0], [11.769, 1336.0], [11.77, 1671.0], [11.771, 3658.0]], "timestamp": "2025-12-18T01:47:32.071849+00:00"}, {"symbol": "AVAXUSDT", "bids": [[11.759, 250.0], [11.758, 731.0], [11.757, 635.0], [11.756, 1199.0], [11.755, 844.0], [11.754, 1198.0], [11.753, 1425.0], [11.752, 1266.0], [11.751, 1013.0], [11.75, 1692.0], [11.749, 1911.0], [11.748, 2178.0], [11.747, 1347.0], [11.746, 2757.0], [11.745, 2252.0], [11.744, 3314.0], [11.743, 653.0], [11.742, 1090.0], [11.741, 747.0], [11.74, 1222.0]], "asks": [[11.76, 459.0], [11.761, 261.0], [11.762, 605.0], [11.763, 932.0], [11.764, 1019.0], [11.765, 1783.0], [11.766, 2574.0], [11.767, 3260.0], [11.768, 2145.0], [11.769, 1598.0], [11.77, 1659.0], [11.771, 2790.0], [11.772, 1514.0], [11.773, 1107.0], [11.774, 1651.0], [11.775, 2146.0], [11.776, 2648.0], [11.777, 3032.0], [11.778, 14030.0], [11.779, 1225.0]], "timestamp": "2025-12-18T01:48:26.651630+00:00"}, {"symbol": "AVAXUSDT", "bids": [[11.756, 359.0], [11.755, 437.0], [11.754, 833.0], [11.753, 646.0], [11.752, 1090.0], [11.751, 962.0], [11.75, 1051.0], [11.749, 694.0], [11.748, 1514.0], [11.747, 1923.0], [11.746, 2771.0], [11.745, 2264.0], [11.744, 2324.0], [11.743, 2656.0], [11.742, 3755.0], [11.741, 1275.0], [11.74, 1128.0], [11.739, 1013.0], [11.738, 857.0], [11.737, 3043.0]], "asks": [[11.757, 4.0], [11.758, 386.0], [11.759, 416.0], [11.76, 1235.0], [11.761, 633.0], [11.762, 1450.0], [11.763, 1407.0], [11.764, 1886.0], [11.765, 2689.0], [11.766, 3414.0], [11.767, 3668.0], [11.768, 3325.0], [11.769, 2014.0], [11.77, 1246.0], [11.771, 901.0], [11.772, 2249.0], [11.773, 2026.0], [11.774, 1043.0], [11.775, 1121.0], [11.776, 1266.0]], "timestamp": "2025-12-18T01:49:20.412368+00:00"}, {"symbol": "AVAXUSDT", "bids": [[11.762, 508.0], [11.761, 386.0], [11.76, 1056.0], [11.759, 970.0], [11.758, 1309.0], [11.757, 1046.0], [11.756, 1826.0], [11.755, 941.0], [11.754, 761.0], [11.753, 1485.0], [11.752, 2744.0], [11.751, 1334.0], [11.75, 1475.0], [11.749, 1093.0], [11.748, 2071.0], [11.747, 1044.0], [11.746, 2035.0], [11.745, 4927.0], [11.744, 1765.0], [11.743, 3333.0]], "asks": [[11.763, 268.0], [11.764, 671.0], [11.765, 389.0], [11.766, 342.0], [11.767, 911.0], [11.768, 1280.0], [11.769, 1227.0], [11.77, 636.0], [11.771, 1303.0], [11.772, 3546.0], [11.773, 795.0], [11.774, 1470.0], [11.775, 1816.0], [11.776, 1173.0], [11.777, 2560.0], [11.778, 1394.0], [11.779, 1979.0], [11.78, 2783.0], [11.781, 882.0], [11.782, 1196.0]], "timestamp": "2025-12-18T01:50:14.260176+00:00"}, {"symbol": "AVAXUSDT", "bids": [[11.759, 250.0], [11.758, 527.0], [11.757, 520.0], [11.756, 1290.0], [11.755, 1070.0], [11.754, 830.0], [11.753, 1023.0], [11.752, 836.0], [11.751, 688.0], [11.75, 1505.0], [11.749, 2100.0], [11.748, 1038.0], [11.747, 2315.0], [11.746, 1700.0], [11.745, 1780.0], [11.744, 2861.0], [11.743, 3843.0], [11.742, 1087.0], [11.741, 526.0], [11.74, 1040.0]], "asks": [[11.76, 50.0], [11.761, 509.0], [11.762, 830.0], [11.763, 773.0], [11.764, 1105.0], [11.765, 1051.0], [11.766, 1042.0], [11.767, 1580.0], [11.768, 766.0], [11.769, 1317.0], [11.77, 4015.0], [11.771, 2665.0], [11.772, 1547.0], [11.773, 680.0], [11.774, 1258.0], [11.775, 2334.0], [11.776, 831.0], [11.777, 942.0], [11.778, 1016.0], [11.779, 1507.0]], "timestamp": "2025-12-18T01:51:08.138185+00:00"}, {"symbol": "AVAXUSDT", "bids": [[11.728, 348.0], [11.727, 577.0], [11.726, 844.0], [11.725, 1171.0], [11.724, 1359.0], [11.723, 814.0], [11.722, 1091.0], [11.721, 582.0], [11.72, 744.0], [11.719, 901.0], [11.718, 2017.0], [11.717, 899.0], [11.716, 2030.0], [11.715, 2710.0], [11.714, 4312.0], [11.713, 2459.0], [11.712, 949.0], [11.711, 836.0], [11.71, 2680.0], [11.709, 948.0]], "asks": [[11.729, 584.0], [11.73, 509.0], [11.731, 378.0], [11.732, 437.0], [11.733, 1279.0], [11.734, 1457.0], [11.735, 1389.0], [11.736, 1788.0], [11.737, 1662.0], [11.738, 1658.0], [11.739, 1493.0], [11.74, 3305.0], [11.741, 1444.0], [11.742, 1476.0], [11.743, 662.0], [11.744, 1828.0], [11.745, 2970.0], [11.746, 1912.0], [11.747, 863.0], [11.748, 1066.0]], "timestamp": "2025-12-18T01:52:01.390340+00:00"}, {"symbol": "AVAXUSDT", "bids": [[11.716, 1238.0], [11.715, 509.0], [11.714, 511.0], [11.713, 584.0], [11.712, 760.0], [11.711, 1231.0], [11.71, 1273.0], [11.709, 931.0], [11.708, 1165.0], [11.707, 1642.0], [11.706, 2772.0], [11.705, 1398.0], [11.704, 2070.0], [11.703, 1501.0], [11.702, 1468.0], [11.701, 5697.0], [11.7, 3476.0], [11.699, 912.0], [11.698, 970.0], [11.697, 1213.0]], "asks": [[11.717, 41.0], [11.718, 65.0], [11.719, 798.0], [11.72, 645.0], [11.721, 1605.0], [11.722, 938.0], [11.723, 1026.0], [11.724, 1255.0], [11.725, 1590.0], [11.726, 2141.0], [11.727, 1413.0], [11.728, 3397.0], [11.729, 2096.0], [11.73, 2093.0], [11.731, 2405.0], [11.732, 1492.0], [11.733, 1002.0], [11.734, 751.0], [11.735, 2266.0], [11.736, 1487.0]], "timestamp": "2025-12-18T01:52:55.352388+00:00"}