[{"id": "530024898", "price": 11.716, "amount": 5.0, "side": "sell", "timestamp": 1766028963391}, {"id": "530024899", "price": 11.716, "amount": 3.0, "side": "sell", "timestamp": 1766028964988}, {"id": "530024900", "price": 11.716, "amount": 1.0, "side": "sell", "timestamp": 1766028965208}, {"id": "530024901", "price": 11.716, "amount": 92.0, "side": "sell", "timestamp": 1766028967240}, {"id": "530024902", "price": 11.717, "amount": 376.0, "side": "buy", "timestamp": 1766028968473}, {"id": "530024903", "price": 11.718, "amount": 149.0, "side": "buy", "timestamp": 1766028968661}, {"id": "530024904", "price": 11.719, "amount": 499.0, "side": "buy", "timestamp": 1766028968809}, {"id": "530024905", "price": 11.719, "amount": 121.0, "side": "sell", "timestamp": 1766028968927}, {"id": "530024906", "price": 11.718, "amount": 182.0, "side": "sell", "timestamp": 1766028968927}, {"id": "530024907", "price": 11.717, "amount": 3.0, "side": "sell", "timestamp": 1766028968958}, {"id": "530024908", "price": 11.716, "amount": 189.0, "side": "sell", "timestamp": 1766028969021}, {"id": "530024909", "price": 11.715, "amount": 194.0, "side": "sell", "timestamp": 1766028969047}, {"id": "530024910", "price": 11.716, "amount": 36.0, "side": "buy", "timestamp": 1766028969058}, {"id": "530024911", "price": 11.717, "amount": 22.0, "side": "buy", "timestamp": 1766028969058}, {"id": "530024912", "price": 11.715, "amount": 56.0, "side": "sell", "timestamp": 1766028969077}, {"id": "530024913", "price": 11.714, "amount": 2.0, "side": "sell", "timestamp": 1766028969123}, {"id": "530024914", "price": 11.715, "amount": 106.0, "side": "buy", "timestamp": 1766028969259}, {"id": "530024915", "price": 11.715, "amount": 1.0, "side": "sell", "timestamp": 1766028969578}, {"id": "530024916", "price": 11.716, "amount": 1.0, "side": "buy", "timestamp": 1766028970114}, {"id": "530024917", "price": 11.716, "amount": 2.0, "side": "buy", "timestamp": 1766028971234}, {"id": "530024918", "price": 11.716, "amount": 8.0, "side": "buy", "timestamp": 1766028972188}, {"id": "530024919", "price": 11.716, "amount": 4.0, "side": "buy", "timestamp": 1766028972488}, {"id": "530024920", "price": 11.716, "amount": 2.0, "side": "buy", "timestamp": 1766028973039}, {"id": "530024921", "price": 11.716, "amount": 1.0, "side": "buy", "timestamp": 1766028974929}, {"id": "530024922", "price": 11.716, "amount": 349.0, "side": "buy", "timestamp": 1766028977288}, {"id": "530024923", "price": 11.717, "amount": 375.0, "side": "buy", "timestamp": 1766028978821}, {"id": "530024924", "price": 11.717, "amount": 111.0, "side": "sell", "timestamp": 1766028978863}, {"id": "530024925", "price": 11.716, "amount": 136.0, "side": "sell", "timestamp": 1766028978865}, {"id": "530024926", "price": 11.715, "amount": 223.0, "side": "sell", "timestamp": 1766028978866}, {"id": "530024927", "price": 11.714, "amount": 6.0, "side": "sell", "timestamp": 1766028978931}, {"id": "530024928", "price": 11.713, "amount": 222.0, "side": "sell", "timestamp": 1766028978972}, {"id": "530024929", "price": 11.712, "amount": 142.0, "side": "sell", "timestamp": 1766028979042}, {"id": "530024930", "price": 11.711, "amount": 136.0, "side": "sell", "timestamp": 1766028979304}, {"id": "530024931", "price": 11.71, "amount": 199.0, "side": "sell", "timestamp": 1766028979555}, {"id": "530024932", "price": 11.71, "amount": 101.0, "side": "sell", "timestamp": 1766028979844}, {"id": "530024933", "price": 11.711, "amount": 9.0, "side": "buy", "timestamp": 1766028980177}, {"id": "530024934", "price": 11.71, "amount": 1.0, "side": "sell", "timestamp": 1766028981166}, {"id": "530024935", "price": 11.711, "amount": 279.0, "side": "buy", "timestamp": 1766028983242}, {"id": "530024936", "price": 11.712, "amount": 4.0, "side": "buy", "timestamp": 1766028984955}, {"id": "530024937", "price": 11.711, "amount": 7.0, "side": "sell", "timestamp": 1766028985135}, {"id": "530024938", "price": 11.712, "amount": 9.0, "side": "buy", "timestamp": 1766028985400}, {"id": "530024939", "price": 11.711, "amount": 5.0, "side": "sell", "timestamp": 1766028986425}, {"id": "530024940", "price": 11.712, "amount": 274.0, "side": "buy", "timestamp": 1766028988260}, {"id": "530024941", "price": 11.713, "amount": 15.0, "side": "buy", "timestamp": 1766028989738}, {"id": "530024942", "price": 11.713, "amount": 1.0, "side": "buy", "timestamp": 1766028990848}, {"id": "530024943", "price": 11.713, "amount": 423.0, "side": "buy", "timestamp": 1766028991861}, {"id": "530024944", "price": 11.714, "amount": 4.0, "side": "buy", "timestamp": 1766028992503}, {"id": "530024945", "price": 11.713, "amount": 27.0, "side": "sell", "timestamp": 1766028993438}, {"id": "530024946", "price": 11.713, "amount": 1.0, "side": "buy", "timestamp": 1766028995672}, {"id": "530024947", "price": 11.712, "amount": 547.0, "side": "sell", "timestamp": 1766028996541}, {"id": "530024979", "price": 11.703, "amount": 287.0, "side": "buy", "timestamp": 1766029008676}, {"id": "530024980", "price": 11.703, "amount": 1.0, "side": "sell", "timestamp": 1766029008718}, {"id": "530024981", "price": 11.703, "amount": 26.0, "side": "sell", "timestamp": 1766029009519}, {"id": "530024982", "price": 11.703, "amount": 15.0, "side": "buy", "timestamp": 1766029009751}, {"id": "530024983", "price": 11.703, "amount": 62.0, "side": "buy", "timestamp": 1766029011827}, {"id": "530024984", "price": 11.704, "amount": 74.0, "side": "buy", "timestamp": 1766029012907}, {"id": "530024985", "price": 11.704, "amount": 13.0, "side": "sell", "timestamp": 1766029013672}, {"id": "530024986", "price": 11.704, "amount": 1.0, "side": "sell", "timestamp": 1766029015830}, {"id": "530024987", "price": 11.704, "amount": 135.0, "side": "sell", "timestamp": 1766029017649}, {"id": "530024988", "price": 11.704, "amount": 4.0, "side": "sell", "timestamp": 1766029019358}, {"id": "530024989", "price": 11.705, "amount": 15.0, "side": "buy", "timestamp": 1766029019774}, {"id": "530024990", "price": 11.705, "amount": 256.0, "side": "buy", "timestamp": 1766029020358}, {"id": "530024991", "price": 11.706, "amount": 9.0, "side": "buy", "timestamp": 1766029020358}, {"id": "530024992", "price": 11.707, "amount": 387.0, "side": "buy", "timestamp": 1766029020360}, {"id": "530024993", "price": 11.707, "amount": 4.0, "side": "sell", "timestamp": 1766029020361}, {"id": "530024994", "price": 11.708, "amount": 161.0, "side": "buy", "timestamp": 1766029021334}, {"id": "530024995", "price": 11.709, "amount": 1.0, "side": "buy", "timestamp": 1766029022605}, {"id": "530024996", "price": 11.709, "amount": 4.0, "side": "buy", "timestamp": 1766029023486}, {"id": "530024997", "price": 11.708, "amount": 2.0, "side": "sell", "timestamp": 1766029024006}, {"id": "530024998", "price": 11.708, "amount": 4.0, "side": "sell", "timestamp": 1766029024163}, {"id": "530024999", "price": 11.708, "amount": 5.0, "side": "sell", "timestamp": 1766029024445}, {"id": "530025000", "price": 11.708, "amount": 2.0, "side": "sell", "timestamp": 1766029024992}, {"id": "530025001", "price": 11.709, "amount": 1.0, "side": "buy", "timestamp": 1766029025498}, {"id": "530025002", "price": 11.708, "amount": 1.0, "side": "sell", "timestamp": 1766029025782}, {"id": "530025003", "price": 11.709, "amount": 4.0, "side": "buy", "timestamp": 1766029027669}, {"id": "530025004", "price": 11.708, "amount": 421.0, "side": "sell", "timestamp": 1766029028467}, {"id": "530025005", "price": 11.708, "amount": 2.0, "side": "buy", "timestamp": 1766029029666}, {"id": "530025006", "price": 11.708, "amount": 5.0, "side": "buy", "timestamp": 1766029029779}, {"id": "530025007", "price": 11.707, "amount": 1.0, "side": "sell", "timestamp": 1766029029944}, {"id": "530025008", "price": 11.708, "amount": 15.0, "side": "buy", "timestamp": 1766029029944}, {"id": "530025009", "price": 11.708, "amount": 77.0, "side": "buy", "timestamp": 1766029030688}, {"id": "530025010", "price": 11.709, "amount": 1.0, "side": "buy", "timestamp": 1766029031664}, {"id": "530025011", "price": 11.709, "amount": 16.0, "side": "buy", "timestamp": 1766029032143}, {"id": "530025012", "price": 11.708, "amount": 1.0, "side": "sell", "timestamp": 1766029032932}, {"id": "530025013", "price": 11.708, "amount": 1.0, "side": "sell", "timestamp": 1766029034442}, {"id": "530025014", "price": 11.708, "amount": 8.0, "side": "sell", "timestamp": 1766029036163}, {"id": "530025015", "price": 11.709, "amount": 4.0, "side": "buy", "timestamp": 1766029037485}, {"id": "530025016", "price": 11.709, "amount": 1.0, "side": "buy", "timestamp": 1766029039496}, {"id": "530025017", "price": 11.709, "amount": 15.0, "side": "buy", "timestamp": 1766029039779}, {"id": "530025018", "price": 11.708, "amount": 4.0, "side": "sell", "timestamp": 1766029040022}, {"id": "530025019", "price": 11.709, "amount": 13.0, "side": "buy", "timestamp": 1766029040663}, {"id": "530025020", "price": 11.708, "amount": 120.0, "side": "sell", "timestamp": 1766029040770}, {"id": "530025021", "price": 11.708, "amount": 137.0, "side": "sell", "timestamp": 1766029041051}, {"id": "530025022", "price": 11.708, "amount": 69.0, "side": "buy", "timestamp": 1766029041395}, {"id": "530025023", "price": 11.708, "amount": 19.0, "side": "buy", "timestamp": 1766029041809}, {"id": "530025024", "price": 11.707, "amount": 34.0, "side": "sell", "timestamp": 1766029042302}, {"id": "530025025", "price": 11.707, "amount": 2.0, "side": "sell", "timestamp": 1766029044294}, {"id": "530025026", "price": 11.708, "amount": 118.0, "side": "buy", "timestamp": 1766029045134}, {"id": "530025027", "price": 11.708, "amount": 12.0, "side": "buy", "timestamp": 1766029045484}, {"id": "530025028", "price": 11.708, "amount": 12.0, "side": "buy", "timestamp": 1766029045875}, {"id": "530025059", "price": 11.723, "amount": 317.0, "side": "buy", "timestamp": 1766029073756}, {"id": "530025060", "price": 11.724, "amount": 468.0, "side": "buy", "timestamp": 1766029073760}, {"id": "530025061", "price": 11.725, "amount": 319.0, "side": "buy", "timestamp": 1766029073823}, {"id": "530025062", "price": 11.725, "amount": 1.0, "side": "sell", "timestamp": 1766029074284}, {"id": "530025063", "price": 11.726, "amount": 58.0, "side": "buy", "timestamp": 1766029074299}, {"id": "530025064", "price": 11.726, "amount": 9.0, "side": "buy", "timestamp": 1766029074597}, {"id": "530025065", "price": 11.725, "amount": 11.0, "side": "sell", "timestamp": 1766029074631}, {"id": "530025066", "price": 11.726, "amount": 3.0, "side": "buy", "timestamp": 1766029075221}, {"id": "530025067", "price": 11.725, "amount": 4.0, "side": "sell", "timestamp": 1766029076041}, {"id": "530025068", "price": 11.726, "amount": 305.0, "side": "buy", "timestamp": 1766029076041}, {"id": "530025069", "price": 11.726, "amount": 21.0, "side": "buy", "timestamp": 1766029077625}, {"id": "530025070", "price": 11.726, "amount": 20.0, "side": "buy", "timestamp": 1766029078903}, {"id": "530025071", "price": 11.725, "amount": 20.0, "side": "sell", "timestamp": 1766029079573}, {"id": "530025072", "price": 11.726, "amount": 15.0, "side": "buy", "timestamp": 1766029079750}, {"id": "530025073", "price": 11.726, "amount": 194.0, "side": "buy", "timestamp": 1766029080092}, {"id": "530025074", "price": 11.726, "amount": 3.0, "side": "buy", "timestamp": 1766029081001}, {"id": "530025075", "price": 11.725, "amount": 4139.0, "side": "sell", "timestamp": 1766029081316}, {"id": "530025076", "price": 11.724, "amount": 12.0, "side": "sell", "timestamp": 1766029081322}, {"id": "530025077", "price": 11.723, "amount": 33.0, "side": "sell", "timestamp": 1766029081326}, {"id": "530025078", "price": 11.722, "amount": 18.0, "side": "sell", "timestamp": 1766029081452}, {"id": "530025079", "price": 11.721, "amount": 33.0, "side": "sell", "timestamp": 1766029081519}, {"id": "530025080", "price": 11.72, "amount": 13.0, "side": "sell", "timestamp": 1766029081562}, {"id": "530025081", "price": 11.719, "amount": 6.0, "side": "sell", "timestamp": 1766029082271}, {"id": "530025082", "price": 11.72, "amount": 6.0, "side": "buy", "timestamp": 1766029082309}, {"id": "530025083", "price": 11.72, "amount": 1.0, "side": "buy", "timestamp": 1766029082661}, {"id": "530025084", "price": 11.719, "amount": 2.0, "side": "sell", "timestamp": 1766029083063}, {"id": "530025085", "price": 11.719, "amount": 1.0, "side": "sell", "timestamp": 1766029083188}, {"id": "530025086", "price": 11.719, "amount": 1.0, "side": "sell", "timestamp": 1766029083414}, {"id": "530025087", "price": 11.72, "amount": 3.0, "side": "buy", "timestamp": 1766029083491}, {"id": "530025088", "price": 11.719, "amount": 42.0, "side": "sell", "timestamp": 1766029083594}, {"id": "530025089", "price": 11.718, "amount": 162.0, "side": "sell", "timestamp": 1766029083596}, {"id": "530025090", "price": 11.718, "amount": 2.0, "side": "buy", "timestamp": 1766029084211}, {"id": "530025091", "price": 11.717, "amount": 1.0, "side": "sell", "timestamp": 1766029085282}, {"id": "530025092", "price": 11.717, "amount": 2.0, "side": "sell", "timestamp": 1766029085913}, {"id": "530025093", "price": 11.718, "amount": 57.0, "side": "buy", "timestamp": 1766029086063}, {"id": "530025094", "price": 11.717, "amount": 233.0, "side": "sell", "timestamp": 1766029086425}, {"id": "530025095", "price": 11.716, "amount": 3.0, "side": "sell", "timestamp": 1766029086615}, {"id": "530025096", "price": 11.716, "amount": 1.0, "side": "sell", "timestamp": 1766029089742}, {"id": "530025097", "price": 11.717, "amount": 15.0, "side": "buy", "timestamp": 1766029089751}, {"id": "530025098", "price": 11.717, "amount": 77.0, "side": "buy", "timestamp": 1766029090825}, {"id": "530025099", "price": 11.717, "amount": 40.0, "side": "buy", "timestamp": 1766029091773}, {"id": "530025100", "price": 11.717, "amount": 13.0, "side": "sell", "timestamp": 1766029092288}, {"id": "530025101", "price": 11.718, "amount": 12.0, "side": "buy", "timestamp": 1766029092610}, {"id": "530025102", "price": 11.717, "amount": 89.0, "side": "sell", "timestamp": 1766029095055}, {"id": "530025103", "price": 11.717, "amount": 12.0, "side": "buy", "timestamp": 1766029096874}, {"id": "530025104", "price": 11.716, "amount": 159.0, "side": "sell", "timestamp": 1766029098170}, {"id": "530025105", "price": 11.716, "amount": 4.0, "side": "buy", "timestamp": 1766029098567}, {"id": "530025106", "price": 11.716, "amount": 5.0, "side": "buy", "timestamp": 1766029099746}, {"id": "530025107", "price": 11.717, "amount": 10.0, "side": "buy", "timestamp": 1766029099746}, {"id": "530025108", "price": 11.716, "amount": 11.0, "side": "sell", "timestamp": 1766029100026}, {"id": "530025106", "price": 11.716, "amount": 5.0, "side": "buy", "timestamp": 1766029099746}, {"id": "530025107", "price": 11.717, "amount": 10.0, "side": "buy", "timestamp": 1766029099746}, {"id": "530025108", "price": 11.716, "amount": 11.0, "side": "sell", "timestamp": 1766029100026}, {"id": "530025109", "price": 11.717, "amount": 4.0, "side": "buy", "timestamp": 1766029102292}, {"id": "530025110", "price": 11.717, "amount": 1.0, "side": "buy", "timestamp": 1766029103677}, {"id": "530025111", "price": 11.716, "amount": 3.0, "side": "sell", "timestamp": 1766029104369}, {"id": "530025112", "price": 11.716, "amount": 10.0, "side": "sell", "timestamp": 1766029104842}, {"id": "530025113", "price": 11.716, "amount": 3.0, "side": "sell", "timestamp": 1766029107641}, {"id": "530025114", "price": 11.716, "amount": 22.0, "side": "buy", "timestamp": 1766029108404}, {"id": "530025115", "price": 11.717, "amount": 4.0, "side": "buy", "timestamp": 1766029109199}, {"id": "530025116", "price": 11.717, "amount": 15.0, "side": "buy", "timestamp": 1766029109743}, {"id": "530025117", "price": 11.716, "amount": 4.0, "side": "sell", "timestamp": 1766029110270}, {"id": "530025118", "price": 11.717, "amount": 458.0, "side": "buy", "timestamp": 1766029112149}, {"id": "530025119", "price": 11.718, "amount": 88.0, "side": "buy", "timestamp": 1766029112224}, {"id": "530025120", "price": 11.718, "amount": 74.0, "side": "sell", "timestamp": 1766029112359}, {"id": "530025121", "price": 11.718, "amount": 1.0, "side": "sell", "timestamp": 1766029113099}, {"id": "530025122", "price": 11.718, "amount": 3.0, "side": "sell", "timestamp": 1766029116283}, {"id": "530025123", "price": 11.719, "amount": 15.0, "side": "buy", "timestamp": 1766029119741}, {"id": "530025124", "price": 11.718, "amount": 4.0, "side": "sell", "timestamp": 1766029121330}, {"id": "530025125", "price": 11.718, "amount": 3.0, "side": "sell", "timestamp": 1766029123916}, {"id": "530025126", "price": 11.719, "amount": 3.0, "side": "buy", "timestamp": 1766029125214}, {"id": "530025127", "price": 11.719, "amount": 10.0, "side": "buy", "timestamp": 1766029125990}, {"id": "530025128", "price": 11.718, "amount": 1.0, "side": "sell", "timestamp": 1766029127963}, {"id": "530025129", "price": 11.719, "amount": 32.0, "side": "buy", "timestamp": 1766029129672}, {"id": "530025130", "price": 11.719, "amount": 568.0, "side": "buy", "timestamp": 1766029134204}, {"id": "530025131", "price": 11.72, "amount": 33.0, "side": "buy", "timestamp": 1766029134252}, {"id": "530025132", "price": 11.721, "amount": 1679.0, "side": "buy", "timestamp": 1766029134287}, {"id": "530025133", "price": 11.722, "amount": 323.0, "side": "buy", "timestamp": 1766029134331}, {"id": "530025134", "price": 11.723, "amount": 349.0, "side": "buy", "timestamp": 1766029134391}, {"id": "530025135", "price": 11.723, "amount": 1.0, "side": "sell", "timestamp": 1766029137481}, {"id": "530025136", "price": 11.724, "amount": 16.0, "side": "buy", "timestamp": 1766029139672}, {"id": "530025137", "price": 11.724, "amount": 29.0, "side": "buy", "timestamp": 1766029140164}, {"id": "530025138", "price": 11.723, "amount": 1.0, "side": "sell", "timestamp": 1766029140455}, {"id": "530025139", "price": 11.723, "amount": 99.0, "side": "sell", "timestamp": 1766029140629}, {"id": "530025140", "price": 11.722, "amount": 1.0, "side": "sell", "timestamp": 1766029140678}, {"id": "530025141", "price": 11.721, "amount": 110.0, "side": "sell", "timestamp": 1766029140681}, {"id": "530025142", "price": 11.721, "amount": 1.0, "side": "buy", "timestamp": 1766029140714}, {"id": "530025143", "price": 11.72, "amount": 80.0, "side": "sell", "timestamp": 1766029140777}, {"id": "530025144", "price": 11.719, "amount": 61.0, "side": "sell", "timestamp": 1766029140780}, {"id": "530025145", "price": 11.718, "amount": 165.0, "side": "sell", "timestamp": 1766029140865}, {"id": "530025146", "price": 11.718, "amount": 2.0, "side": "buy", "timestamp": 1766029143132}, {"id": "530025147", "price": 11.717, "amount": 1.0, "side": "sell", "timestamp": 1766029144238}, {"id": "530025148", "price": 11.717, "amount": 1.0, "side": "sell", "timestamp": 1766029145101}, {"id": "530025149", "price": 11.718, "amount": 371.0, "side": "buy", "timestamp": 1766029146061}, {"id": "530025150", "price": 11.719, "amount": 12.0, "side": "buy", "timestamp": 1766029146061}, {"id": "530025151", "price": 11.718, "amount": 119.0, "side": "sell", "timestamp": 1766029149552}, {"id": "530025152", "price": 11.717, "amount": 96.0, "side": "sell", "timestamp": 1766029149584}, {"id": "530025153", "price": 11.717, "amount": 15.0, "side": "buy", "timestamp": 1766029149749}, {"id": "530025154", "price": 11.716, "amount": 2.0, "side": "sell", "timestamp": 1766029150050}, {"id": "530025155", "price": 11.717, "amount": 2.0, "side": "buy", "timestamp": 1766029150443}, {"id": "530025158", "price": 11.716, "amount": 1.0, "side": "buy", "timestamp": 1766029159748}, {"id": "530025159", "price": 11.717, "amount": 14.0, "side": "buy", "timestamp": 1766029159748}, {"id": "530025160", "price": 11.716, "amount": 2.0, "side": "sell", "timestamp": 1766029160126}, {"id": "530025161", "price": 11.717, "amount": 43.0, "side": "buy", "timestamp": 1766029160901}, {"id": "530025162", "price": 11.717, "amount": 1.0, "side": "sell", "timestamp": 1766029161750}, {"id": "530025163", "price": 11.717, "amount": 3.0, "side": "sell", "timestamp": 1766029162648}, {"id": "530025164", "price": 11.717, "amount": 2.0, "side": "sell", "timestamp": 1766029164980}, {"id": "530025165", "price": 11.718, "amount": 2.0, "side": "buy", "timestamp": 1766029165337}, {"id": "530025166", "price": 11.717, "amount": 68.0, "side": "sell", "timestamp": 1766029167232}, {"id": "530025167", "price": 11.716, "amount": 107.0, "side": "sell", "timestamp": 1766029167509}, {"id": "530025168", "price": 11.716, "amount": 198.0, "side": "buy", "timestamp": 1766029167648}, {"id": "530025169", "price": 11.717, "amount": 116.0, "side": "buy", "timestamp": 1766029169746}, {"id": "530025170", "price": 11.718, "amount": 160.0, "side": "buy", "timestamp": 1766029170412}, {"id": "530025171", "price": 11.719, "amount": 11.0, "side": "buy", "timestamp": 1766029170467}, {"id": "530025172", "price": 11.72, "amount": 71.0, "side": "buy", "timestamp": 1766029170473}, {"id": "530025173", "price": 11.721, "amount": 114.0, "side": "buy", "timestamp": 1766029170960}, {"id": "530025174", "price": 11.722, "amount": 82.0, "side": "buy", "timestamp": 1766029173060}, {"id": "530025175", "price": 11.723, "amount": 1.0, "side": "buy", "timestamp": 1766029173100}, {"id": "530025176", "price": 11.723, "amount": 1.0, "side": "buy", "timestamp": 1766029175666}, {"id": "530025177", "price": 11.723, "amount": 63.0, "side": "buy", "timestamp": 1766029176733}, {"id": "530025178", "price": 11.724, "amount": 17.0, "side": "buy", "timestamp": 1766029176773}, {"id": "530025179", "price": 11.725, "amount": 63.0, "side": "buy", "timestamp": 1766029179092}, {"id": "530025180", "price": 11.726, "amount": 15.0, "side": "buy", "timestamp": 1766029179740}, {"id": "530025181", "price": 11.726, "amount": 206.0, "side": "buy", "timestamp": 1766029181948}, {"id": "530025182", "price": 11.727, "amount": 211.0, "side": "buy", "timestamp": 1766029182471}, {"id": "530025183", "price": 11.728, "amount": 14.0, "side": "buy", "timestamp": 1766029182502}, {"id": "530025184", "price": 11.729, "amount": 331.0, "side": "buy", "timestamp": 1766029183943}, {"id": "530025185", "price": 11.73, "amount": 30.0, "side": "buy", "timestamp": 1766029185364}, {"id": "530025186", "price": 11.731, "amount": 92.0, "side": "buy", "timestamp": 1766029185503}, {"id": "530025187", "price": 11.731, "amount": 1.0, "side": "buy", "timestamp": 1766029186351}, {"id": "530025188", "price": 11.731, "amount": 54.0, "side": "buy", "timestamp": 1766029188038}, {"id": "530025189", "price": 11.732, "amount": 40.0, "side": "buy", "timestamp": 1766029188038}, {"id": "530025190", "price": 11.731, "amount": 1.0, "side": "sell", "timestamp": 1766029188051}, {"id": "530025191", "price": 11.732, "amount": 102.0, "side": "buy", "timestamp": 1766029188379}, {"id": "530025192", "price": 11.733, "amount": 6.0, "side": "buy", "timestamp": 1766029188379}, {"id": "530025193", "price": 11.733, "amount": 68.0, "side": "buy", "timestamp": 1766029189512}, {"id": "530025194", "price": 11.733, "amount": 15.0, "side": "buy", "timestamp": 1766029189739}, {"id": "530025195", "price": 11.733, "amount": 3.0, "side": "buy", "timestamp": 1766029191920}, {"id": "530025196", "price": 11.732, "amount": 176.0, "side": "sell", "timestamp": 1766029192159}, {"id": "530025197", "price": 11.732, "amount": 61.0, "side": "buy", "timestamp": 1766029194069}, {"id": "530025198", "price": 11.733, "amount": 15.0, "side": "buy", "timestamp": 1766029194069}, {"id": "530025199", "price": 11.732, "amount": 1.0, "side": "sell", "timestamp": 1766029195101}, {"id": "530025200", "price": 11.732, "amount": 201.0, "side": "sell", "timestamp": 1766029198672}, {"id": "530025201", "price": 11.732, "amount": 15.0, "side": "buy", "timestamp": 1766029199767}, {"id": "530025202", "price": 11.732, "amount": 84.0, "side": "buy", "timestamp": 1766029200518}, {"id": "530025203", "price": 11.732, "amount": 2.0, "side": "sell", "timestamp": 1766029201050}, {"id": "530025204", "price": 11.732, "amount": 1.0, "side": "sell", "timestamp": 1766029201513}, {"id": "530025205", "price": 11.733, "amount": 2.0, "side": "buy", "timestamp": 1766029203201}, {"id": "530025206", "price": 11.733, "amount": 1.0, "side": "buy", "timestamp": 1766029203869}, {"id": "530025207", "price": 11.732, "amount": 1.0, "side": "sell", "timestamp": 1766029205199}, {"id": "530025218", "price": 11.726, "amount": 402.0, "side": "buy", "timestamp": 1766029210719}, {"id": "530025219", "price": 11.727, "amount": 94.0, "side": "buy", "timestamp": 1766029210758}, {"id": "530025220", "price": 11.728, "amount": 279.0, "side": "buy", "timestamp": 1766029211668}, {"id": "530025221", "price": 11.729, "amount": 3.0, "side": "buy", "timestamp": 1766029211803}, {"id": "530025222", "price": 11.73, "amount": 6.0, "side": "buy", "timestamp": 1766029211803}, {"id": "530025223", "price": 11.73, "amount": 2.0, "side": "buy", "timestamp": 1766029214663}, {"id": "530025224", "price": 11.729, "amount": 3.0, "side": "sell", "timestamp": 1766029218601}, {"id": "530025225", "price": 11.729, "amount": 112.0, "side": "sell", "timestamp": 1766029219122}, {"id": "530025226", "price": 11.728, "amount": 1.0, "side": "sell", "timestamp": 1766029219127}, {"id": "530025227", "price": 11.728, "amount": 1.0, "side": "buy", "timestamp": 1766029219138}, {"id": "530025228", "price": 11.727, "amount": 1.0, "side": "sell", "timestamp": 1766029219148}, {"id": "530025229", "price": 11.727, "amount": 15.0, "side": "buy", "timestamp": 1766029219737}, {"id": "530025230", "price": 11.726, "amount": 2.0, "side": "sell", "timestamp": 1766029220424}, {"id": "530025231", "price": 11.727, "amount": 104.0, "side": "buy", "timestamp": 1766029221595}, {"id": "530025232", "price": 11.727, "amount": 80.0, "side": "buy", "timestamp": 1766029221813}, {"id": "530025233", "price": 11.728, "amount": 2.0, "side": "buy", "timestamp": 1766029221822}, {"id": "530025234", "price": 11.729, "amount": 26.0, "side": "buy", "timestamp": 1766029221917}, {"id": "530025235", "price": 11.73, "amount": 4.0, "side": "buy", "timestamp": 1766029222243}, {"id": "530025236", "price": 11.73, "amount": 1.0, "side": "buy", "timestamp": 1766029225335}, {"id": "530025237", "price": 11.73, "amount": 216.0, "side": "buy", "timestamp": 1766029225463}, {"id": "530025238", "price": 11.731, "amount": 3.0, "side": "buy", "timestamp": 1766029225483}, {"id": "530025239", "price": 11.73, "amount": 8.0, "side": "sell", "timestamp": 1766029225495}, {"id": "530025240", "price": 11.731, "amount": 8.0, "side": "buy", "timestamp": 1766029225566}, {"id": "530025241", "price": 11.731, "amount": 5.0, "side": "sell", "timestamp": 1766029225632}, {"id": "530025242", "price": 11.731, "amount": 3.0, "side": "sell", "timestamp": 1766029229368}, {"id": "530025243", "price": 11.732, "amount": 15.0, "side": "buy", "timestamp": 1766029229736}, {"id": "530025244", "price": 11.731, "amount": 1.0, "side": "sell", "timestamp": 1766029232372}, {"id": "530025245", "price": 11.732, "amount": 2.0, "side": "buy", "timestamp": 1766029234164}, {"id": "530025246", "price": 11.731, "amount": 6.0, "side": "sell", "timestamp": 1766029238249}, {"id": "530025247", "price": 11.731, "amount": 376.0, "side": "sell", "timestamp": 1766029239356}, {"id": "530025248", "price": 11.73, "amount": 13.0, "side": "sell", "timestamp": 1766029239362}, {"id": "530025249", "price": 11.729, "amount": 92.0, "side": "sell", "timestamp": 1766029239368}, {"id": "530025250", "price": 11.728, "amount": 51.0, "side": "sell", "timestamp": 1766029239418}, {"id": "530025251", "price": 11.727, "amount": 204.0, "side": "sell", "timestamp": 1766029239418}, {"id": "530025252", "price": 11.728, "amount": 15.0, "side": "buy", "timestamp": 1766029239750}, {"id": "530025253", "price": 11.727, "amount": 6.0, "side": "sell", "timestamp": 1766029241675}, {"id": "530025254", "price": 11.727, "amount": 53.0, "side": "sell", "timestamp": 1766029241904}, {"id": "530025255", "price": 11.726, "amount": 26.0, "side": "sell", "timestamp": 1766029241940}, {"id": "530025256", "price": 11.725, "amount": 36.0, "side": "sell", "timestamp": 1766029242001}, {"id": "530025257", "price": 11.725, "amount": 36.0, "side": "buy", "timestamp": 1766029242593}, {"id": "530025258", "price": 11.725, "amount": 114.0, "side": "buy", "timestamp": 1766029246125}, {"id": "530025259", "price": 11.725, "amount": 27.0, "side": "sell", "timestamp": 1766029246727}, {"id": "530025260", "price": 11.726, "amount": 1.0, "side": "buy", "timestamp": 1766029247683}, {"id": "530025261", "price": 11.726, "amount": 1.0, "side": "buy", "timestamp": 1766029248041}, {"id": "530025262", "price": 11.726, "amount": 36.0, "side": "buy", "timestamp": 1766029248178}, {"id": "530025263", "price": 11.727, "amount": 2.0, "side": "buy", "timestamp": 1766029249284}, {"id": "530025264", "price": 11.727, "amount": 15.0, "side": "buy", "timestamp": 1766029249750}, {"id": "530025265", "price": 11.726, "amount": 91.0, "side": "sell", "timestamp": 1766029249757}, {"id": "530025266", "price": 11.726, "amount": 6.0, "side": "sell", "timestamp": 1766029250844}, {"id": "530025267", "price": 11.727, "amount": 105.0, "side": "buy", "timestamp": 1766029254210}, {"id": "530025278", "price": 11.724, "amount": 915.0, "side": "buy", "timestamp": 1766029266481}, {"id": "530025279", "price": 11.724, "amount": 1.0, "side": "sell", "timestamp": 1766029267257}, {"id": "530025280", "price": 11.725, "amount": 122.0, "side": "buy", "timestamp": 1766029267953}, {"id": "530025281", "price": 11.726, "amount": 9.0, "side": "buy", "timestamp": 1766029268270}, {"id": "530025282", "price": 11.727, "amount": 4.0, "side": "buy", "timestamp": 1766029269699}, {"id": "530025283", "price": 11.728, "amount": 15.0, "side": "buy", "timestamp": 1766029269739}, {"id": "530025284", "price": 11.728, "amount": 98.0, "side": "buy", "timestamp": 1766029270775}, {"id": "530025285", "price": 11.729, "amount": 6.0, "side": "buy", "timestamp": 1766029270932}, {"id": "530025286", "price": 11.73, "amount": 4.0, "side": "buy", "timestamp": 1766029271736}, {"id": "530025287", "price": 11.729, "amount": 1.0, "side": "sell", "timestamp": 1766029272116}, {"id": "530025288", "price": 11.73, "amount": 148.0, "side": "buy", "timestamp": 1766029273115}, {"id": "530025289", "price": 11.731, "amount": 4.0, "side": "buy", "timestamp": 1766029273230}, {"id": "530025290", "price": 11.732, "amount": 26.0, "side": "buy", "timestamp": 1766029276612}, {"id": "530025291", "price": 11.733, "amount": 198.0, "side": "buy", "timestamp": 1766029276612}, {"id": "530025292", "price": 11.734, "amount": 31.0, "side": "buy", "timestamp": 1766029276612}, {"id": "530025293", "price": 11.734, "amount": 1.0, "side": "buy", "timestamp": 1766029277328}, {"id": "530025294", "price": 11.734, "amount": 256.0, "side": "buy", "timestamp": 1766029278112}, {"id": "530025295", "price": 11.735, "amount": 3.0, "side": "buy", "timestamp": 1766029278140}, {"id": "530025296", "price": 11.734, "amount": 1.0, "side": "sell", "timestamp": 1766029278323}, {"id": "530025297", "price": 11.735, "amount": 5.0, "side": "buy", "timestamp": 1766029279762}, {"id": "530025298", "price": 11.734, "amount": 26.0, "side": "sell", "timestamp": 1766029280325}, {"id": "530025299", "price": 11.734, "amount": 7.0, "side": "buy", "timestamp": 1766029280674}, {"id": "530025300", "price": 11.733, "amount": 30.0, "side": "sell", "timestamp": 1766029281122}, {"id": "530025301", "price": 11.732, "amount": 6.0, "side": "sell", "timestamp": 1766029281307}, {"id": "530025302", "price": 11.732, "amount": 1.0, "side": "buy", "timestamp": 1766029281567}, {"id": "530025303", "price": 11.731, "amount": 183.0, "side": "sell", "timestamp": 1766029283170}, {"id": "530025304", "price": 11.732, "amount": 1.0, "side": "buy", "timestamp": 1766029283667}, {"id": "530025305", "price": 11.731, "amount": 54.0, "side": "sell", "timestamp": 1766029284056}, {"id": "530025306", "price": 11.73, "amount": 13.0, "side": "sell", "timestamp": 1766029284969}, {"id": "530025307", "price": 11.731, "amount": 210.0, "side": "buy", "timestamp": 1766029285352}, {"id": "530025308", "price": 11.731, "amount": 11.0, "side": "buy", "timestamp": 1766029286289}, {"id": "530025309", "price": 11.73, "amount": 1.0, "side": "sell", "timestamp": 1766029288495}, {"id": "530025310", "price": 11.731, "amount": 1.0, "side": "buy", "timestamp": 1766029290017}, {"id": "530025311", "price": 11.73, "amount": 3.0, "side": "sell", "timestamp": 1766029290156}, {"id": "530025312", "price": 11.731, "amount": 335.0, "side": "buy", "timestamp": 1766029290539}, {"id": "530025313", "price": 11.732, "amount": 96.0, "side": "buy", "timestamp": 1766029293651}, {"id": "530025314", "price": 11.733, "amount": 52.0, "side": "buy", "timestamp": 1766029296766}, {"id": "530025315", "price": 11.733, "amount": 3.0, "side": "sell", "timestamp": 1766029299653}, {"id": "530025316", "price": 11.734, "amount": 44.0, "side": "buy", "timestamp": 1766029299863}, {"id": "530025317", "price": 11.735, "amount": 105.0, "side": "buy", "timestamp": 1766029300802}, {"id": "530025318", "price": 11.736, "amount": 119.0, "side": "buy", "timestamp": 1766029301374}, {"id": "530025319", "price": 11.736, "amount": 1.0, "side": "sell", "timestamp": 1766029301657}, {"id": "530025320", "price": 11.737, "amount": 3.0, "side": "buy", "timestamp": 1766029301741}, {"id": "530025321", "price": 11.736, "amount": 1.0, "side": "sell", "timestamp": 1766029302913}, {"id": "530025322", "price": 11.736, "amount": 1.0, "side": "sell", "timestamp": 1766029306110}, {"id": "530025323", "price": 11.737, "amount": 40.0, "side": "buy", "timestamp": 1766029307514}, {"id": "530025324", "price": 11.736, "amount": 1.0, "side": "sell", "timestamp": 1766029308009}, {"id": "530025325", "price": 11.736, "amount": 224.0, "side": "sell", "timestamp": 1766029309353}, {"id": "530025326", "price": 11.735, "amount": 101.0, "side": "sell", "timestamp": 1766029309363}, {"id": "530025327", "price": 11.735, "amount": 8.0, "side": "buy", "timestamp": 1766029309598}, {"id": "530025331", "price": 11.737, "amount": 53.0, "side": "buy", "timestamp": 1766029313880}, {"id": "530025332", "price": 11.737, "amount": 128.0, "side": "sell", "timestamp": 1766029314212}, {"id": "530025333", "price": 11.738, "amount": 13.0, "side": "buy", "timestamp": 1766029317480}, {"id": "530025334", "price": 11.737, "amount": 355.0, "side": "sell", "timestamp": 1766029319251}, {"id": "530025335", "price": 11.737, "amount": 1.0, "side": "buy", "timestamp": 1766029319680}, {"id": "530025336", "price": 11.737, "amount": 1.0, "side": "buy", "timestamp": 1766029320136}, {"id": "530025337", "price": 11.737, "amount": 42.0, "side": "buy", "timestamp": 1766029321097}, {"id": "530025338", "price": 11.736, "amount": 44.0, "side": "sell", "timestamp": 1766029321353}, {"id": "530025339", "price": 11.736, "amount": 42.0, "side": "buy", "timestamp": 1766029321437}, {"id": "530025340", "price": 11.735, "amount": 3.0, "side": "sell", "timestamp": 1766029321454}, {"id": "530025341", "price": 11.735, "amount": 153.0, "side": "buy", "timestamp": 1766029322429}, {"id": "530025342", "price": 11.735, "amount": 1.0, "side": "buy", "timestamp": 1766029322941}, {"id": "530025343", "price": 11.734, "amount": 34.0, "side": "sell", "timestamp": 1766029323390}, {"id": "530025344", "price": 11.733, "amount": 35.0, "side": "sell", "timestamp": 1766029323450}, {"id": "530025345", "price": 11.733, "amount": 1.0, "side": "buy", "timestamp": 1766029323573}, {"id": "530025346", "price": 11.732, "amount": 5052.0, "side": "sell", "timestamp": 1766029323776}, {"id": "530025347", "price": 11.731, "amount": 1.0, "side": "sell", "timestamp": 1766029324214}, {"id": "530025348", "price": 11.731, "amount": 57.0, "side": "sell", "timestamp": 1766029324398}, {"id": "530025349", "price": 11.731, "amount": 185.0, "side": "sell", "timestamp": 1766029324686}, {"id": "530025350", "price": 11.73, "amount": 1.0, "side": "sell", "timestamp": 1766029325089}, {"id": "530025351", "price": 11.73, "amount": 18.0, "side": "sell", "timestamp": 1766029325434}, {"id": "530025352", "price": 11.73, "amount": 1.0, "side": "sell", "timestamp": 1766029325895}, {"id": "530025353", "price": 11.73, "amount": 84.0, "side": "sell", "timestamp": 1766029328397}, {"id": "530025354", "price": 11.729, "amount": 11.0, "side": "sell", "timestamp": 1766029328400}, {"id": "530025355", "price": 11.729, "amount": 29.0, "side": "buy", "timestamp": 1766029328643}, {"id": "530025356", "price": 11.728, "amount": 1.0, "side": "sell", "timestamp": 1766029329804}, {"id": "530025357", "price": 11.728, "amount": 3.0, "side": "sell", "timestamp": 1766029330035}, {"id": "530025358", "price": 11.728, "amount": 4.0, "side": "sell", "timestamp": 1766029330921}, {"id": "530025359", "price": 11.729, "amount": 39.0, "side": "buy", "timestamp": 1766029331516}, {"id": "530025360", "price": 11.728, "amount": 1.0, "side": "sell", "timestamp": 1766029332639}, {"id": "530025361", "price": 11.728, "amount": 1.0, "side": "sell", "timestamp": 1766029333466}, {"id": "530025362", "price": 11.728, "amount": 85.0, "side": "sell", "timestamp": 1766029335077}, {"id": "530025363", "price": 11.729, "amount": 35.0, "side": "buy", "timestamp": 1766029339309}, {"id": "530025364", "price": 11.729, "amount": 3.0, "side": "buy", "timestamp": 1766029340176}, {"id": "530025365", "price": 11.728, "amount": 2.0, "side": "sell", "timestamp": 1766029340926}, {"id": "530025366", "price": 11.728, "amount": 113.0, "side": "sell", "timestamp": 1766029342908}, {"id": "530025367", "price": 11.728, "amount": 1.0, "side": "sell", "timestamp": 1766029344372}, {"id": "530025368", "price": 11.729, "amount": 89.0, "side": "buy", "timestamp": 1766029344594}, {"id": "530025369", "price": 11.728, "amount": 197.0, "side": "sell", "timestamp": 1766029347124}, {"id": "530025370", "price": 11.727, "amount": 60.0, "side": "sell", "timestamp": 1766029347129}, {"id": "530025371", "price": 11.727, "amount": 3.0, "side": "buy", "timestamp": 1766029350515}, {"id": "530025372", "price": 11.726, "amount": 1.0, "side": "sell", "timestamp": 1766029351763}, {"id": "530025373", "price": 11.727, "amount": 1.0, "side": "buy", "timestamp": 1766029355670}, {"id": "530025374", "price": 11.727, "amount": 579.0, "side": "buy", "timestamp": 1766029355826}, {"id": "530025375", "price": 11.728, "amount": 243.0, "side": "buy", "timestamp": 1766029355835}, {"id": "530025376", "price": 11.729, "amount": 61.0, "side": "buy", "timestamp": 1766029358079}, {"id": "530025377", "price": 11.73, "amount": 242.0, "side": "buy", "timestamp": 1766029358079}, {"id": "530025378", "price": 11.731, "amount": 54.0, "side": "buy", "timestamp": 1766029358079}, {"id": "530025379", "price": 11.73, "amount": 141.0, "side": "sell", "timestamp": 1766029361957}, {"id": "530025380", "price": 11.729, "amount": 4.0, "side": "sell", "timestamp": 1766029361960}, {"id": "530025374", "price": 11.727, "amount": 579.0, "side": "buy", "timestamp": 1766029355826}, {"id": "530025375", "price": 11.728, "amount": 243.0, "side": "buy", "timestamp": 1766029355835}, {"id": "530025376", "price": 11.729, "amount": 61.0, "side": "buy", "timestamp": 1766029358079}, {"id": "530025377", "price": 11.73, "amount": 242.0, "side": "buy", "timestamp": 1766029358079}, {"id": "530025378", "price": 11.731, "amount": 54.0, "side": "buy", "timestamp": 1766029358079}, {"id": "530025379", "price": 11.73, "amount": 141.0, "side": "sell", "timestamp": 1766029361957}, {"id": "530025380", "price": 11.729, "amount": 4.0, "side": "sell", "timestamp": 1766029361960}, {"id": "530025381", "price": 11.729, "amount": 5.0, "side": "buy", "timestamp": 1766029365914}, {"id": "530025382", "price": 11.728, "amount": 2.0, "side": "sell", "timestamp": 1766029367629}, {"id": "530025383", "price": 11.728, "amount": 145.0, "side": "sell", "timestamp": 1766029368396}, {"id": "530025384", "price": 11.727, "amount": 4.0, "side": "sell", "timestamp": 1766029370336}, {"id": "530025385", "price": 11.727, "amount": 1.0, "side": "sell", "timestamp": 1766029371208}, {"id": "530025386", "price": 11.727, "amount": 54.0, "side": "sell", "timestamp": 1766029373526}, {"id": "530025387", "price": 11.728, "amount": 15.0, "side": "buy", "timestamp": 1766029376062}, {"id": "530025388", "price": 11.727, "amount": 159.0, "side": "sell", "timestamp": 1766029377074}, {"id": "530025389", "price": 11.726, "amount": 42.0, "side": "sell", "timestamp": 1766029377083}, {"id": "530025390", "price": 11.725, "amount": 2.0, "side": "sell", "timestamp": 1766029378131}, {"id": "530025391", "price": 11.725, "amount": 1.0, "side": "sell", "timestamp": 1766029381043}, {"id": "530025392", "price": 11.726, "amount": 1.0, "side": "buy", "timestamp": 1766029381973}, {"id": "530025393", "price": 11.726, "amount": 3.0, "side": "buy", "timestamp": 1766029382140}, {"id": "530025394", "price": 11.726, "amount": 2.0, "side": "buy", "timestamp": 1766029383470}, {"id": "530025395", "price": 11.725, "amount": 9.0, "side": "sell", "timestamp": 1766029383519}, {"id": "530025396", "price": 11.725, "amount": 1.0, "side": "sell", "timestamp": 1766029384810}, {"id": "530025397", "price": 11.725, "amount": 1.0, "side": "sell", "timestamp": 1766029385017}, {"id": "530025398", "price": 11.726, "amount": 10.0, "side": "buy", "timestamp": 1766029385773}, {"id": "530025399", "price": 11.725, "amount": 257.0, "side": "sell", "timestamp": 1766029386890}, {"id": "530025400", "price": 11.724, "amount": 4.0, "side": "sell", "timestamp": 1766029386890}, {"id": "530025401", "price": 11.725, "amount": 15.0, "side": "buy", "timestamp": 1766029389563}, {"id": "530025402", "price": 11.724, "amount": 1.0, "side": "sell", "timestamp": 1766029390084}, {"id": "530025403", "price": 11.725, "amount": 10.0, "side": "buy", "timestamp": 1766029391377}, {"id": "530025404", "price": 11.725, "amount": 1.0, "side": "buy", "timestamp": 1766029391672}, {"id": "530025405", "price": 11.725, "amount": 62.0, "side": "buy", "timestamp": 1766029393541}, {"id": "530025406", "price": 11.725, "amount": 1.0, "side": "sell", "timestamp": 1766029395716}, {"id": "530025407", "price": 11.726, "amount": 1.0, "side": "buy", "timestamp": 1766029396803}, {"id": "530025408", "price": 11.725, "amount": 1.0, "side": "sell", "timestamp": 1766029397100}, {"id": "530025409", "price": 11.726, "amount": 2.0, "side": "buy", "timestamp": 1766029397971}, {"id": "530025410", "price": 11.725, "amount": 2.0, "side": "buy", "timestamp": 1766029398742}, {"id": "530025411", "price": 11.726, "amount": 166.0, "side": "buy", "timestamp": 1766029400134}, {"id": "530025412", "price": 11.727, "amount": 2.0, "side": "buy", "timestamp": 1766029400665}, {"id": "530025413", "price": 11.727, "amount": 34.0, "side": "buy", "timestamp": 1766029403328}, {"id": "530025414", "price": 11.727, "amount": 2.0, "side": "sell", "timestamp": 1766029404011}, {"id": "530025415", "price": 11.728, "amount": 5.0, "side": "buy", "timestamp": 1766029406465}, {"id": "530025416", "price": 11.727, "amount": 62.0, "side": "sell", "timestamp": 1766029407816}, {"id": "530025417", "price": 11.727, "amount": 134.0, "side": "sell", "timestamp": 1766029410448}, {"id": "530025418", "price": 11.726, "amount": 50.0, "side": "sell", "timestamp": 1766029410514}, {"id": "530025419", "price": 11.726, "amount": 1.0, "side": "buy", "timestamp": 1766029410520}, {"id": "530025420", "price": 11.726, "amount": 1.0, "side": "buy", "timestamp": 1766029413748}, {"id": "530025421", "price": 11.726, "amount": 4.0, "side": "buy", "timestamp": 1766029414850}, {"id": "530025422", "price": 11.727, "amount": 3.0, "side": "buy", "timestamp": 1766029415214}, {"id": "530025423", "price": 11.728, "amount": 21.0, "side": "buy", "timestamp": 1766029415402}, {"id": "530025417", "price": 11.727, "amount": 134.0, "side": "sell", "timestamp": 1766029410448}, {"id": "530025418", "price": 11.726, "amount": 50.0, "side": "sell", "timestamp": 1766029410514}, {"id": "530025419", "price": 11.726, "amount": 1.0, "side": "buy", "timestamp": 1766029410520}, {"id": "530025420", "price": 11.726, "amount": 1.0, "side": "buy", "timestamp": 1766029413748}, {"id": "530025421", "price": 11.726, "amount": 4.0, "side": "buy", "timestamp": 1766029414850}, {"id": "530025422", "price": 11.727, "amount": 3.0, "side": "buy", "timestamp": 1766029415214}, {"id": "530025423", "price": 11.728, "amount": 21.0, "side": "buy", "timestamp": 1766029415402}, {"id": "530025424", "price": 11.728, "amount": 86.0, "side": "sell", "timestamp": 1766029417666}, {"id": "530025425", "price": 11.727, "amount": 42.0, "side": "sell", "timestamp": 1766029419268}, {"id": "530025426", "price": 11.726, "amount": 36.0, "side": "sell", "timestamp": 1766029419699}, {"id": "530025427", "price": 11.725, "amount": 99.0, "side": "sell", "timestamp": 1766029423522}, {"id": "530025428", "price": 11.724, "amount": 31.0, "side": "sell", "timestamp": 1766029423556}, {"id": "530025429", "price": 11.723, "amount": 57.0, "side": "sell", "timestamp": 1766029423670}, {"id": "530025430", "price": 11.722, "amount": 53.0, "side": "sell", "timestamp": 1766029423746}, {"id": "530025431", "price": 11.722, "amount": 306.0, "side": "sell", "timestamp": 1766029424261}, {"id": "530025432", "price": 11.721, "amount": 278.0, "side": "sell", "timestamp": 1766029424267}, {"id": "530025433", "price": 11.72, "amount": 2.0, "side": "sell", "timestamp": 1766029424318}, {"id": "530025434", "price": 11.721, "amount": 231.0, "side": "buy", "timestamp": 1766029424531}, {"id": "530025435", "price": 11.721, "amount": 19.0, "side": "buy", "timestamp": 1766029424834}, {"id": "530025436", "price": 11.72, "amount": 137.0, "side": "sell", "timestamp": 1766029424917}, {"id": "530025437", "price": 11.719, "amount": 6.0, "side": "sell", "timestamp": 1766029424928}, {"id": "530025438", "price": 11.719, "amount": 1.0, "side": "buy", "timestamp": 1766029425697}, {"id": "530025439", "price": 11.719, "amount": 132.0, "side": "buy", "timestamp": 1766029426123}, {"id": "530025440", "price": 11.72, "amount": 1.0, "side": "buy", "timestamp": 1766029426152}, {"id": "530025441", "price": 11.721, "amount": 1.0, "side": "buy", "timestamp": 1766029427665}, {"id": "530025442", "price": 11.72, "amount": 339.0, "side": "sell", "timestamp": 1766029440800}, {"id": "530025443", "price": 11.719, "amount": 5.0, "side": "sell", "timestamp": 1766029440807}, {"id": "530025444", "price": 11.718, "amount": 241.0, "side": "sell", "timestamp": 1766029440808}, {"id": "530025445", "price": 11.717, "amount": 183.0, "side": "sell", "timestamp": 1766029440811}, {"id": "530025446", "price": 11.716, "amount": 61.0, "side": "sell", "timestamp": 1766029443098}, {"id": "530025447", "price": 11.715, "amount": 3.0, "side": "sell", "timestamp": 1766029443209}, {"id": "530025448", "price": 11.716, "amount": 2.0, "side": "buy", "timestamp": 1766029443345}, {"id": "530025449", "price": 11.716, "amount": 1.0, "side": "buy", "timestamp": 1766029443998}, {"id": "530025450", "price": 11.715, "amount": 2.0, "side": "sell", "timestamp": 1766029445150}, {"id": "530025451", "price": 11.716, "amount": 398.0, "side": "buy", "timestamp": 1766029445338}, {"id": "530025452", "price": 11.717, "amount": 293.0, "side": "buy", "timestamp": 1766029445342}, {"id": "530025453", "price": 11.718, "amount": 14.0, "side": "buy", "timestamp": 1766029445375}, {"id": "530025454", "price": 11.718, "amount": 6.0, "side": "buy", "timestamp": 1766029450788}, {"id": "530025455", "price": 11.717, "amount": 76.0, "side": "sell", "timestamp": 1766029451693}, {"id": "530025456", "price": 11.716, "amount": 1.0, "side": "sell", "timestamp": 1766029453759}, {"id": "530025457", "price": 11.717, "amount": 10.0, "side": "buy", "timestamp": 1766029457460}, {"id": "530025458", "price": 11.718, "amount": 49.0, "side": "buy", "timestamp": 1766029457585}, {"id": "530025459", "price": 11.719, "amount": 19.0, "side": "buy", "timestamp": 1766029457643}, {"id": "530025460", "price": 11.719, "amount": 6.0, "side": "buy", "timestamp": 1766029459574}, {"id": "530025461", "price": 11.719, "amount": 128.0, "side": "buy", "timestamp": 1766029463583}, {"id": "530025462", "price": 11.72, "amount": 1.0, "side": "buy", "timestamp": 1766029463667}, {"id": "530025463", "price": 11.72, "amount": 13.0, "side": "buy", "timestamp": 1766029465235}, {"id": "530025464", "price": 11.719, "amount": 31.0, "side": "sell", "timestamp": 1766029466116}, {"id": "530025465", "price": 11.718, "amount": 161.0, "side": "sell", "timestamp": 1766029466118}, {"id": "530025466", "price": 11.717, "amount": 14.0, "side": "sell", "timestamp": 1766029466149}, {"id": "530025450", "price": 11.715, "amount": 2.0, "side": "sell", "timestamp": 1766029445150}, {"id": "530025451", "price": 11.716, "amount": 398.0, "side": "buy", "timestamp": 1766029445338}, {"id": "530025452", "price": 11.717, "amount": 293.0, "side": "buy", "timestamp": 1766029445342}, {"id": "530025453", "price": 11.718, "amount": 14.0, "side": "buy", "timestamp": 1766029445375}, {"id": "530025454", "price": 11.718, "amount": 6.0, "side": "buy", "timestamp": 1766029450788}, {"id": "530025455", "price": 11.717, "amount": 76.0, "side": "sell", "timestamp": 1766029451693}, {"id": "530025456", "price": 11.716, "amount": 1.0, "side": "sell", "timestamp": 1766029453759}, {"id": "530025457", "price": 11.717, "amount": 10.0, "side": "buy", "timestamp": 1766029457460}, {"id": "530025458", "price": 11.718, "amount": 49.0, "side": "buy", "timestamp": 1766029457585}, {"id": "530025459", "price": 11.719, "amount": 19.0, "side": "buy", "timestamp": 1766029457643}, {"id": "530025460", "price": 11.719, "amount": 6.0, "side": "buy", "timestamp": 1766029459574}, {"id": "530025461", "price": 11.719, "amount": 128.0, "side": "buy", "timestamp": 1766029463583}, {"id": "530025462", "price": 11.72, "amount": 1.0, "side": "buy", "timestamp": 1766029463667}, {"id": "530025463", "price": 11.72, "amount": 13.0, "side": "buy", "timestamp": 1766029465235}, {"id": "530025464", "price": 11.719, "amount": 31.0, "side": "sell", "timestamp": 1766029466116}, {"id": "530025465", "price": 11.718, "amount": 161.0, "side": "sell", "timestamp": 1766029466118}, {"id": "530025466", "price": 11.717, "amount": 14.0, "side": "sell", "timestamp": 1766029466149}, {"id": "530025467", "price": 11.717, "amount": 100.0, "side": "buy", "timestamp": 1766029471338}, {"id": "530025468", "price": 11.716, "amount": 2.0, "side": "sell", "timestamp": 1766029475991}, {"id": "530025469", "price": 11.716, "amount": 50.0, "side": "sell", "timestamp": 1766029476855}, {"id": "530025470", "price": 11.717, "amount": 2.0, "side": "buy", "timestamp": 1766029479773}, {"id": "530025471", "price": 11.716, "amount": 14.0, "side": "sell", "timestamp": 1766029481145}, {"id": "530025472", "price": 11.717, "amount": 3.0, "side": "buy", "timestamp": 1766029481331}, {"id": "530025473", "price": 11.716, "amount": 6.0, "side": "sell", "timestamp": 1766029484439}, {"id": "530025474", "price": 11.716, "amount": 163.0, "side": "sell", "timestamp": 1766029486575}, {"id": "530025475", "price": 11.715, "amount": 15.0, "side": "sell", "timestamp": 1766029487297}, {"id": "530025476", "price": 11.716, "amount": 1.0, "side": "buy", "timestamp": 1766029487787}, {"id": "530025477", "price": 11.715, "amount": 454.0, "side": "sell", "timestamp": 1766029488775}, {"id": "530025478", "price": 11.715, "amount": 12.0, "side": "sell", "timestamp": 1766029491066}, {"id": "530025479", "price": 11.715, "amount": 2.0, "side": "sell", "timestamp": 1766029494870}, {"id": "530025480", "price": 11.716, "amount": 1.0, "side": "buy", "timestamp": 1766029499667}, {"id": "530025481", "price": 11.716, "amount": 198.0, "side": "buy", "timestamp": 1766029499885}, {"id": "530025482", "price": 11.716, "amount": 68.0, "side": "sell", "timestamp": 1766029501759}, {"id": "530025483", "price": 11.716, "amount": 10.0, "side": "buy", "timestamp": 1766029501810}, {"id": "530025484", "price": 11.715, "amount": 4.0, "side": "sell", "timestamp": 1766029502618}, {"id": "530025485", "price": 11.716, "amount": 113.0, "side": "buy", "timestamp": 1766029503497}, {"id": "530025486", "price": 11.717, "amount": 1.0, "side": "buy", "timestamp": 1766029504081}, {"id": "530025487", "price": 11.716, "amount": 1.0, "side": "sell", "timestamp": 1766029505026}, {"id": "530025488", "price": 11.716, "amount": 1.0, "side": "sell", "timestamp": 1766029505399}, {"id": "530025489", "price": 11.716, "amount": 128.0, "side": "sell", "timestamp": 1766029505798}, {"id": "530025490", "price": 11.715, "amount": 37.0, "side": "sell", "timestamp": 1766029506717}, {"id": "530025491", "price": 11.715, "amount": 142.0, "side": "sell", "timestamp": 1766029507327}, {"id": "530025492", "price": 11.714, "amount": 1.0, "side": "sell", "timestamp": 1766029508222}, {"id": "530025493", "price": 11.715, "amount": 73.0, "side": "buy", "timestamp": 1766029509810}, {"id": "530025494", "price": 11.714, "amount": 11.0, "side": "sell", "timestamp": 1766029512330}, {"id": "530025495", "price": 11.714, "amount": 7.0, "side": "sell", "timestamp": 1766029514895}, {"id": "530025496", "price": 11.715, "amount": 177.0, "side": "buy", "timestamp": 1766029516147}, {"id": "530025497", "price": 11.716, "amount": 408.0, "side": "buy", "timestamp": 1766029517407}, {"id": "530025498", "price": 11.716, "amount": 3.0, "side": "sell", "timestamp": 1766029518255}, {"id": "530025499", "price": 11.716, "amount": 5.0, "side": "sell", "timestamp": 1766029519222}, {"id": "530025509", "price": 11.711, "amount": 301.0, "side": "sell", "timestamp": 1766029525049}, {"id": "530025510", "price": 11.71, "amount": 127.0, "side": "sell", "timestamp": 1766029525049}, {"id": "530025511", "price": 11.71, "amount": 1.0, "side": "sell", "timestamp": 1766029525287}, {"id": "530025512", "price": 11.71, "amount": 2.0, "side": "sell", "timestamp": 1766029525770}, {"id": "530025513", "price": 11.71, "amount": 235.0, "side": "sell", "timestamp": 1766029527038}, {"id": "530025514", "price": 11.709, "amount": 67.0, "side": "sell", "timestamp": 1766029527038}, {"id": "530025515", "price": 11.71, "amount": 114.0, "side": "buy", "timestamp": 1766029527836}, {"id": "530025516", "price": 11.71, "amount": 10.0, "side": "buy", "timestamp": 1766029528649}, {"id": "530025517", "price": 11.71, "amount": 140.0, "side": "buy", "timestamp": 1766029530464}, {"id": "530025518", "price": 11.711, "amount": 1.0, "side": "buy", "timestamp": 1766029530489}, {"id": "530025519", "price": 11.71, "amount": 1.0, "side": "sell", "timestamp": 1766029530618}, {"id": "530025520", "price": 11.71, "amount": 1.0, "side": "sell", "timestamp": 1766029535668}, {"id": "530025521", "price": 11.711, "amount": 1.0, "side": "buy", "timestamp": 1766029535672}, {"id": "530025522", "price": 11.71, "amount": 3.0, "side": "sell", "timestamp": 1766029542442}, {"id": "530025523", "price": 11.711, "amount": 1.0, "side": "buy", "timestamp": 1766029543579}, {"id": "530025524", "price": 11.711, "amount": 2.0, "side": "buy", "timestamp": 1766029546517}, {"id": "530025525", "price": 11.711, "amount": 6.0, "side": "buy", "timestamp": 1766029546995}, {"id": "530025526", "price": 11.711, "amount": 244.0, "side": "buy", "timestamp": 1766029547645}, {"id": "530025527", "price": 11.711, "amount": 25.0, "side": "sell", "timestamp": 1766029548076}, {"id": "530025528", "price": 11.712, "amount": 1.0, "side": "buy", "timestamp": 1766029548131}, {"id": "530025529", "price": 11.712, "amount": 27.0, "side": "buy", "timestamp": 1766029550577}, {"id": "530025530", "price": 11.713, "amount": 5.0, "side": "buy", "timestamp": 1766029552994}, {"id": "530025531", "price": 11.713, "amount": 1.0, "side": "buy", "timestamp": 1766029554778}, {"id": "530025532", "price": 11.713, "amount": 14.0, "side": "buy", "timestamp": 1766029554993}, {"id": "530025533", "price": 11.712, "amount": 3723.0, "side": "sell", "timestamp": 1766029556508}, {"id": "530025534", "price": 11.711, "amount": 297.0, "side": "sell", "timestamp": 1766029560063}, {"id": "530025535", "price": 11.71, "amount": 78.0, "side": "sell", "timestamp": 1766029560127}, {"id": "530025536", "price": 11.709, "amount": 191.0, "side": "sell", "timestamp": 1766029560128}, {"id": "530025537", "price": 11.708, "amount": 52.0, "side": "sell", "timestamp": 1766029560138}, {"id": "530025538", "price": 11.707, "amount": 77.0, "side": "sell", "timestamp": 1766029560138}, {"id": "530025539", "price": 11.706, "amount": 57.0, "side": "sell", "timestamp": 1766029560138}, {"id": "530025540", "price": 11.707, "amount": 291.0, "side": "buy", "timestamp": 1766029561115}, {"id": "530025541", "price": 11.708, "amount": 1.0, "side": "buy", "timestamp": 1766029561441}, {"id": "530025542", "price": 11.707, "amount": 45.0, "side": "sell", "timestamp": 1766029561753}, {"id": "530025543", "price": 11.707, "amount": 1.0, "side": "sell", "timestamp": 1766029562226}, {"id": "530025544", "price": 11.707, "amount": 13.0, "side": "sell", "timestamp": 1766029562352}, {"id": "530025545", "price": 11.707, "amount": 10.0, "side": "sell", "timestamp": 1766029563228}, {"id": "530025546", "price": 11.707, "amount": 1.0, "side": "buy", "timestamp": 1766029563545}, {"id": "530025547", "price": 11.706, "amount": 321.0, "side": "sell", "timestamp": 1766029563701}, {"id": "530025548", "price": 11.705, "amount": 2.0, "side": "sell", "timestamp": 1766029564256}, {"id": "530025549", "price": 11.705, "amount": 1.0, "side": "sell", "timestamp": 1766029565106}, {"id": "530025550", "price": 11.705, "amount": 23.0, "side": "sell", "timestamp": 1766029565332}, {"id": "530025551", "price": 11.705, "amount": 1.0, "side": "sell", "timestamp": 1766029565819}, {"id": "530025552", "price": 11.705, "amount": 9.0, "side": "sell", "timestamp": 1766029569356}, {"id": "530025553", "price": 11.705, "amount": 2.0, "side": "sell", "timestamp": 1766029569856}, {"id": "530025554", "price": 11.706, "amount": 314.0, "side": "buy", "timestamp": 1766029570753}, {"id": "530025555", "price": 11.707, "amount": 7.0, "side": "buy", "timestamp": 1766029570788}, {"id": "530025556", "price": 11.708, "amount": 140.0, "side": "buy", "timestamp": 1766029571186}, {"id": "530025557", "price": 11.709, "amount": 3.0, "side": "buy", "timestamp": 1766029571391}, {"id": "530025558", "price": 11.709, "amount": 1.0, "side": "buy", "timestamp": 1766029571668}, {"id": "530025574", "price": 11.712, "amount": 29.0, "side": "buy", "timestamp": 1766029583484}, {"id": "530025575", "price": 11.713, "amount": 37.0, "side": "buy", "timestamp": 1766029583594}, {"id": "530025576", "price": 11.714, "amount": 2.0, "side": "buy", "timestamp": 1766029584097}, {"id": "530025577", "price": 11.714, "amount": 1.0, "side": "buy", "timestamp": 1766029584252}, {"id": "530025578", "price": 11.713, "amount": 1.0, "side": "sell", "timestamp": 1766029584732}, {"id": "530025579", "price": 11.713, "amount": 4.0, "side": "sell", "timestamp": 1766029584874}, {"id": "530025580", "price": 11.713, "amount": 4.0, "side": "sell", "timestamp": 1766029585440}, {"id": "530025581", "price": 11.714, "amount": 2.0, "side": "buy", "timestamp": 1766029585635}, {"id": "530025582", "price": 11.714, "amount": 4.0, "side": "buy", "timestamp": 1766029586640}, {"id": "530025583", "price": 11.713, "amount": 4.0, "side": "sell", "timestamp": 1766029587784}, {"id": "530025584", "price": 11.714, "amount": 113.0, "side": "buy", "timestamp": 1766029588228}, {"id": "530025585", "price": 11.715, "amount": 218.0, "side": "buy", "timestamp": 1766029588228}, {"id": "530025586", "price": 11.715, "amount": 1.0, "side": "buy", "timestamp": 1766029588734}, {"id": "530025587", "price": 11.715, "amount": 1.0, "side": "buy", "timestamp": 1766029589234}, {"id": "530025588", "price": 11.716, "amount": 1.0, "side": "buy", "timestamp": 1766029589276}, {"id": "530025589", "price": 11.716, "amount": 2.0, "side": "buy", "timestamp": 1766029589589}, {"id": "530025590", "price": 11.715, "amount": 2.0, "side": "sell", "timestamp": 1766029589779}, {"id": "530025591", "price": 11.715, "amount": 1.0, "side": "sell", "timestamp": 1766029592041}, {"id": "530025592", "price": 11.716, "amount": 1.0, "side": "buy", "timestamp": 1766029594129}, {"id": "530025593", "price": 11.715, "amount": 1.0, "side": "sell", "timestamp": 1766029597402}, {"id": "530025594", "price": 11.716, "amount": 1.0, "side": "buy", "timestamp": 1766029598507}, {"id": "530025595", "price": 11.715, "amount": 151.0, "side": "sell", "timestamp": 1766029598885}, {"id": "530025596", "price": 11.715, "amount": 1.0, "side": "buy", "timestamp": 1766029599143}, {"id": "530025597", "price": 11.714, "amount": 22.0, "side": "sell", "timestamp": 1766029599546}, {"id": "530025598", "price": 11.713, "amount": 93.0, "side": "sell", "timestamp": 1766029604467}, {"id": "530025599", "price": 11.712, "amount": 3.0, "side": "sell", "timestamp": 1766029604473}, {"id": "530025600", "price": 11.712, "amount": 1.0, "side": "buy", "timestamp": 1766029605520}, {"id": "530025601", "price": 11.712, "amount": 25.0, "side": "buy", "timestamp": 1766029606702}, {"id": "530025602", "price": 11.712, "amount": 88.0, "side": "buy", "timestamp": 1766029607662}, {"id": "530025603", "price": 11.712, "amount": 2.0, "side": "sell", "timestamp": 1766029607966}, {"id": "530025604", "price": 11.713, "amount": 4.0, "side": "buy", "timestamp": 1766029608336}, {"id": "530025605", "price": 11.714, "amount": 6.0, "side": "buy", "timestamp": 1766029608336}, {"id": "530025606", "price": 11.714, "amount": 1.0, "side": "buy", "timestamp": 1766029609191}, {"id": "530025607", "price": 11.713, "amount": 1.0, "side": "sell", "timestamp": 1766029609450}, {"id": "530025608", "price": 11.713, "amount": 3.0, "side": "sell", "timestamp": 1766029610213}, {"id": "530025609", "price": 11.714, "amount": 38.0, "side": "buy", "timestamp": 1766029613100}, {"id": "530025610", "price": 11.715, "amount": 4.0, "side": "buy", "timestamp": 1766029613495}, {"id": "530025611", "price": 11.716, "amount": 477.0, "side": "buy", "timestamp": 1766029614647}, {"id": "530025612", "price": 11.717, "amount": 530.0, "side": "buy", "timestamp": 1766029615032}, {"id": "530025613", "price": 11.718, "amount": 395.0, "side": "buy", "timestamp": 1766029615032}, {"id": "530025614", "price": 11.719, "amount": 1125.0, "side": "buy", "timestamp": 1766029615032}, {"id": "530025615", "price": 11.72, "amount": 600.0, "side": "buy", "timestamp": 1766029615032}, {"id": "530025616", "price": 11.719, "amount": 243.0, "side": "buy", "timestamp": 1766029617192}, {"id": "530025617", "price": 11.719, "amount": 1.0, "side": "sell", "timestamp": 1766029617510}, {"id": "530025618", "price": 11.718, "amount": 9.0, "side": "sell", "timestamp": 1766029618473}, {"id": "530025619", "price": 11.718, "amount": 1.0, "side": "sell", "timestamp": 1766029621615}, {"id": "530025620", "price": 11.718, "amount": 2.0, "side": "sell", "timestamp": 1766029621933}, {"id": "530025621", "price": 11.718, "amount": 168.0, "side": "sell", "timestamp": 1766029623439}, {"id": "530025622", "price": 11.717, "amount": 13.0, "side": "sell", "timestamp": 1766029623748}, {"id": "530025623", "price": 11.716, "amount": 3.0, "side": "sell", "timestamp": 1766029623779}, {"id": "530025624", "price": 11.716, "amount": 1.0, "side": "sell", "timestamp": 1766029625030}, {"id": "530025625", "price": 11.716, "amount": 1.0, "side": "sell", "timestamp": 1766029625260}, {"id": "530025626", "price": 11.716, "amount": 1.0, "side": "sell", "timestamp": 1766029625445}, {"id": "530025627", "price": 11.717, "amount": 46.0, "side": "buy", "timestamp": 1766029625484}, {"id": "530025628", "price": 11.716, "amount": 109.0, "side": "sell", "timestamp": 1766029625904}, {"id": "530025629", "price": 11.717, "amount": 35.0, "side": "buy", "timestamp": 1766029626901}, {"id": "530025630", "price": 11.716, "amount": 18.0, "side": "sell", "timestamp": 1766029627511}, {"id": "530025631", "price": 11.717, "amount": 32.0, "side": "buy", "timestamp": 1766029628646}, {"id": "530025632", "price": 11.716, "amount": 1.0, "side": "sell", "timestamp": 1766029629198}, {"id": "530025633", "price": 11.716, "amount": 1.0, "side": "sell", "timestamp": 1766029630965}, {"id": "530025634", "price": 11.716, "amount": 120.0, "side": "sell", "timestamp": 1766029631526}, {"id": "530025635", "price": 11.717, "amount": 1.0, "side": "buy", "timestamp": 1766029631935}, {"id": "530025636", "price": 11.716, "amount": 10.0, "side": "sell", "timestamp": 1766029632114}, {"id": "530025637", "price": 11.717, "amount": 1.0, "side": "buy", "timestamp": 1766029632400}, {"id": "530025638", "price": 11.716, "amount": 3.0, "side": "sell", "timestamp": 1766029632697}, {"id": "530025639", "price": 11.716, "amount": 135.0, "side": "sell", "timestamp": 1766029633737}, {"id": "530025640", "price": 11.717, "amount": 1.0, "side": "buy", "timestamp": 1766029634779}, {"id": "530025641", "price": 11.716, "amount": 113.0, "side": "sell", "timestamp": 1766029634885}, {"id": "530025642", "price": 11.716, "amount": 8.0, "side": "buy", "timestamp": 1766029635727}, {"id": "530025643", "price": 11.715, "amount": 1.0, "side": "sell", "timestamp": 1766029638306}, {"id": "530025644", "price": 11.715, "amount": 143.0, "side": "sell", "timestamp": 1766029638552}, {"id": "530025645", "price": 11.715, "amount": 3.0, "side": "sell", "timestamp": 1766029640373}, {"id": "530025646", "price": 11.715, "amount": 1.0, "side": "sell", "timestamp": 1766029641386}, {"id": "530025647", "price": 11.716, "amount": 75.0, "side": "buy", "timestamp": 1766029642083}, {"id": "530025648", "price": 11.716, "amount": 5.0, "side": "sell", "timestamp": 1766029643010}, {"id": "530025649", "price": 11.717, "amount": 1.0, "side": "buy", "timestamp": 1766029643680}, {"id": "530025650", "price": 11.716, "amount": 3.0, "side": "sell", "timestamp": 1766029644980}, {"id": "530025651", "price": 11.716, "amount": 1.0, "side": "sell", "timestamp": 1766029645355}, {"id": "530025652", "price": 11.716, "amount": 1.0, "side": "sell", "timestamp": 1766029645708}, {"id": "530025653", "price": 11.716, "amount": 2.0, "side": "sell", "timestamp": 1766029646970}, {"id": "530025654", "price": 11.716, "amount": 52.0, "side": "sell", "timestamp": 1766029647783}, {"id": "530025655", "price": 11.715, "amount": 38.0, "side": "sell", "timestamp": 1766029647783}, {"id": "530025656", "price": 11.715, "amount": 1.0, "side": "sell", "timestamp": 1766029648319}, {"id": "530025657", "price": 11.715, "amount": 162.0, "side": "sell", "timestamp": 1766029650405}, {"id": "530025658", "price": 11.715, "amount": 84.0, "side": "sell", "timestamp": 1766029654947}, {"id": "530025659", "price": 11.714, "amount": 18.0, "side": "sell", "timestamp": 1766029654964}, {"id": "530025660", "price": 11.714, "amount": 15.0, "side": "buy", "timestamp": 1766029656063}, {"id": "530025661", "price": 11.713, "amount": 1.0, "side": "sell", "timestamp": 1766029656569}, {"id": "530025662", "price": 11.713, "amount": 1.0, "side": "sell", "timestamp": 1766029657380}, {"id": "530025663", "price": 11.713, "amount": 1.0, "side": "sell", "timestamp": 1766029663534}, {"id": "530025664", "price": 11.714, "amount": 1.0, "side": "buy", "timestamp": 1766029665026}, {"id": "530025665", "price": 11.713, "amount": 1.0, "side": "sell", "timestamp": 1766029666248}, {"id": "530025666", "price": 11.713, "amount": 8.0, "side": "sell", "timestamp": 1766029667468}, {"id": "530025667", "price": 11.713, "amount": 2.0, "side": "sell", "timestamp": 1766029668664}, {"id": "530025668", "price": 11.713, "amount": 1.0, "side": "sell", "timestamp": 1766029668894}, {"id": "530025669", "price": 11.714, "amount": 2.0, "side": "buy", "timestamp": 1766029669867}, {"id": "530025670", "price": 11.713, "amount": 9.0, "side": "sell", "timestamp": 1766029670284}, {"id": "530025671", "price": 11.713, "amount": 2.0, "side": "sell", "timestamp": 1766029674666}, {"id": "530025672", "price": 11.713, "amount": 1.0, "side": "sell", "timestamp": 1766029675402}, {"id": "530025673", "price": 11.714, "amount": 5.0, "side": "buy", "timestamp": 1766029675707}, {"id": "530025672", "price": 11.713, "amount": 1.0, "side": "sell", "timestamp": 1766029675402}, {"id": "530025673", "price": 11.714, "amount": 5.0, "side": "buy", "timestamp": 1766029675707}, {"id": "530025674", "price": 11.713, "amount": 5.0, "side": "sell", "timestamp": 1766029677247}, {"id": "530025675", "price": 11.713, "amount": 1.0, "side": "sell", "timestamp": 1766029678489}, {"id": "530025676", "price": 11.714, "amount": 1.0, "side": "buy", "timestamp": 1766029679662}, {"id": "530025677", "price": 11.714, "amount": 6.0, "side": "buy", "timestamp": 1766029680169}, {"id": "530025678", "price": 11.713, "amount": 1.0, "side": "sell", "timestamp": 1766029683010}, {"id": "530025679", "price": 11.714, "amount": 2.0, "side": "buy", "timestamp": 1766029683493}, {"id": "530025680", "price": 11.713, "amount": 1.0, "side": "sell", "timestamp": 1766029684837}, {"id": "530025681", "price": 11.713, "amount": 86.0, "side": "sell", "timestamp": 1766029685124}, {"id": "530025682", "price": 11.713, "amount": 1.0, "side": "sell", "timestamp": 1766029685458}, {"id": "530025683", "price": 11.713, "amount": 1.0, "side": "sell", "timestamp": 1766029685660}, {"id": "530025684", "price": 11.714, "amount": 1.0, "side": "buy", "timestamp": 1766029689799}, {"id": "530025685", "price": 11.714, "amount": 3.0, "side": "buy", "timestamp": 1766029689924}, {"id": "530025686", "price": 11.713, "amount": 147.0, "side": "sell", "timestamp": 1766029689940}, {"id": "530025687", "price": 11.713, "amount": 2.0, "side": "sell", "timestamp": 1766029690895}, {"id": "530025688", "price": 11.714, "amount": 11.0, "side": "buy", "timestamp": 1766029690995}, {"id": "530025689", "price": 11.713, "amount": 5.0, "side": "sell", "timestamp": 1766029691567}, {"id": "530025690", "price": 11.714, "amount": 1.0, "side": "buy", "timestamp": 1766029691797}, {"id": "530025691", "price": 11.713, "amount": 2.0, "side": "sell", "timestamp": 1766029692402}, {"id": "530025692", "price": 11.713, "amount": 1.0, "side": "sell", "timestamp": 1766029693652}, {"id": "530025693", "price": 11.713, "amount": 4.0, "side": "sell", "timestamp": 1766029694396}, {"id": "530025694", "price": 11.713, "amount": 1.0, "side": "sell", "timestamp": 1766029696670}, {"id": "530025695", "price": 11.714, "amount": 197.0, "side": "buy", "timestamp": 1766029698430}, {"id": "530025696", "price": 11.714, "amount": 1.0, "side": "sell", "timestamp": 1766029698767}, {"id": "530025697", "price": 11.714, "amount": 5.0, "side": "sell", "timestamp": 1766029698879}, {"id": "530025698", "price": 11.715, "amount": 4.0, "side": "buy", "timestamp": 1766029699904}, {"id": "530025699", "price": 11.715, "amount": 5.0, "side": "buy", "timestamp": 1766029700007}, {"id": "530025700", "price": 11.715, "amount": 2.0, "side": "buy", "timestamp": 1766029700285}, {"id": "530025701", "price": 11.714, "amount": 1.0, "side": "sell", "timestamp": 1766029703550}, {"id": "530025702", "price": 11.715, "amount": 5.0, "side": "buy", "timestamp": 1766029704952}, {"id": "530025703", "price": 11.715, "amount": 906.0, "side": "buy", "timestamp": 1766029705069}, {"id": "530025704", "price": 11.716, "amount": 3.0, "side": "buy", "timestamp": 1766029705101}, {"id": "530025705", "price": 11.716, "amount": 2.0, "side": "buy", "timestamp": 1766029706007}, {"id": "530025706", "price": 11.716, "amount": 572.0, "side": "buy", "timestamp": 1766029706596}, {"id": "530025707", "price": 11.717, "amount": 78.0, "side": "buy", "timestamp": 1766029706600}, {"id": "530025708", "price": 11.718, "amount": 91.0, "side": "buy", "timestamp": 1766029706616}, {"id": "530025709", "price": 11.718, "amount": 10.0, "side": "sell", "timestamp": 1766029707246}, {"id": "530025710", "price": 11.718, "amount": 402.0, "side": "sell", "timestamp": 1766029709179}, {"id": "530025711", "price": 11.717, "amount": 2.0, "side": "sell", "timestamp": 1766029709440}, {"id": "530025712", "price": 11.717, "amount": 4.0, "side": "buy", "timestamp": 1766029709894}, {"id": "530025713", "price": 11.717, "amount": 2.0, "side": "buy", "timestamp": 1766029710716}, {"id": "530025714", "price": 11.717, "amount": 85.0, "side": "buy", "timestamp": 1766029713632}, {"id": "530025715", "price": 11.717, "amount": 1.0, "side": "buy", "timestamp": 1766029715686}, {"id": "530025716", "price": 11.717, "amount": 6.0, "side": "buy", "timestamp": 1766029719797}, {"id": "530025717", "price": 11.717, "amount": 3.0, "side": "buy", "timestamp": 1766029719911}, {"id": "530025718", "price": 11.717, "amount": 7.0, "side": "buy", "timestamp": 1766029724710}, {"id": "530025719", "price": 11.717, "amount": 2.0, "side": "buy", "timestamp": 1766029724911}, {"id": "530025720", "price": 11.717, "amount": 5.0, "side": "buy", "timestamp": 1766029726338}, {"id": "530025721", "price": 11.716, "amount": 179.0, "side": "sell", "timestamp": 1766029727446}, {"id": "530025699", "price": 11.715, "amount": 5.0, "side": "buy", "timestamp": 1766029700007}, {"id": "530025700", "price": 11.715, "amount": 2.0, "side": "buy", "timestamp": 1766029700285}, {"id": "530025701", "price": 11.714, "amount": 1.0, "side": "sell", "timestamp": 1766029703550}, {"id": "530025702", "price": 11.715, "amount": 5.0, "side": "buy", "timestamp": 1766029704952}, {"id": "530025703", "price": 11.715, "amount": 906.0, "side": "buy", "timestamp": 1766029705069}, {"id": "530025704", "price": 11.716, "amount": 3.0, "side": "buy", "timestamp": 1766029705101}, {"id": "530025705", "price": 11.716, "amount": 2.0, "side": "buy", "timestamp": 1766029706007}, {"id": "530025706", "price": 11.716, "amount": 572.0, "side": "buy", "timestamp": 1766029706596}, {"id": "530025707", "price": 11.717, "amount": 78.0, "side": "buy", "timestamp": 1766029706600}, {"id": "530025708", "price": 11.718, "amount": 91.0, "side": "buy", "timestamp": 1766029706616}, {"id": "530025709", "price": 11.718, "amount": 10.0, "side": "sell", "timestamp": 1766029707246}, {"id": "530025710", "price": 11.718, "amount": 402.0, "side": "sell", "timestamp": 1766029709179}, {"id": "530025711", "price": 11.717, "amount": 2.0, "side": "sell", "timestamp": 1766029709440}, {"id": "530025712", "price": 11.717, "amount": 4.0, "side": "buy", "timestamp": 1766029709894}, {"id": "530025713", "price": 11.717, "amount": 2.0, "side": "buy", "timestamp": 1766029710716}, {"id": "530025714", "price": 11.717, "amount": 85.0, "side": "buy", "timestamp": 1766029713632}, {"id": "530025715", "price": 11.717, "amount": 1.0, "side": "buy", "timestamp": 1766029715686}, {"id": "530025716", "price": 11.717, "amount": 6.0, "side": "buy", "timestamp": 1766029719797}, {"id": "530025717", "price": 11.717, "amount": 3.0, "side": "buy", "timestamp": 1766029719911}, {"id": "530025718", "price": 11.717, "amount": 7.0, "side": "buy", "timestamp": 1766029724710}, {"id": "530025719", "price": 11.717, "amount": 2.0, "side": "buy", "timestamp": 1766029724911}, {"id": "530025720", "price": 11.717, "amount": 5.0, "side": "buy", "timestamp": 1766029726338}, {"id": "530025721", "price": 11.716, "amount": 179.0, "side": "sell", "timestamp": 1766029727446}, {"id": "530025722", "price": 11.715, "amount": 3.0, "side": "sell", "timestamp": 1766029731251}, {"id": "530025723", "price": 11.716, "amount": 20.0, "side": "buy", "timestamp": 1766029740691}, {"id": "530025724", "price": 11.715, "amount": 104.0, "side": "sell", "timestamp": 1766029741726}, {"id": "530025725", "price": 11.715, "amount": 2.0, "side": "buy", "timestamp": 1766029742491}, {"id": "530025726", "price": 11.714, "amount": 51.0, "side": "sell", "timestamp": 1766029742528}, {"id": "530025727", "price": 11.714, "amount": 2.0, "side": "buy", "timestamp": 1766029743682}, {"id": "530025728", "price": 11.713, "amount": 1.0, "side": "sell", "timestamp": 1766029744346}, {"id": "530025729", "price": 11.713, "amount": 1.0, "side": "sell", "timestamp": 1766029745049}, {"id": "530025730", "price": 11.713, "amount": 1.0, "side": "sell", "timestamp": 1766029745240}, {"id": "530025731", "price": 11.713, "amount": 1.0, "side": "sell", "timestamp": 1766029745480}, {"id": "530025732", "price": 11.713, "amount": 1.0, "side": "sell", "timestamp": 1766029749839}, {"id": "530025733", "price": 11.713, "amount": 2.0, "side": "sell", "timestamp": 1766029751416}, {"id": "530025734", "price": 11.714, "amount": 1.0, "side": "buy", "timestamp": 1766029751672}, {"id": "530025735", "price": 11.714, "amount": 1035.0, "side": "buy", "timestamp": 1766029752669}, {"id": "530025736", "price": 11.715, "amount": 1068.0, "side": "buy", "timestamp": 1766029752669}, {"id": "530025737", "price": 11.716, "amount": 684.0, "side": "buy", "timestamp": 1766029752669}, {"id": "530025738", "price": 11.715, "amount": 18.0, "side": "sell", "timestamp": 1766029753027}, {"id": "530025739", "price": 11.714, "amount": 18.0, "side": "sell", "timestamp": 1766029753186}, {"id": "530025740", "price": 11.713, "amount": 1.0, "side": "sell", "timestamp": 1766029755864}, {"id": "530025741", "price": 11.714, "amount": 1.0, "side": "buy", "timestamp": 1766029758237}, {"id": "530025742", "price": 11.713, "amount": 1.0, "side": "sell", "timestamp": 1766029759576}, {"id": "530025743", "price": 11.714, "amount": 6.0, "side": "buy", "timestamp": 1766029761602}, {"id": "530025744", "price": 11.714, "amount": 2.0, "side": "buy", "timestamp": 1766029764566}, {"id": "530025745", "price": 11.714, "amount": 2.0, "side": "buy", "timestamp": 1766029774551}, {"id": "530025746", "price": 11.713, "amount": 1.0, "side": "sell", "timestamp": 1766029776519}, {"id": "530025747", "price": 11.713, "amount": 9.0, "side": "sell", "timestamp": 1766029776821}, {"id": "530025748", "price": 11.714, "amount": 149.0, "side": "buy", "timestamp": 1766029780548}, {"id": "530025757", "price": 11.713, "amount": 148.0, "side": "sell", "timestamp": 1766029797127}, {"id": "530025758", "price": 11.712, "amount": 39.0, "side": "sell", "timestamp": 1766029797192}, {"id": "530025759", "price": 11.711, "amount": 49.0, "side": "sell", "timestamp": 1766029797194}, {"id": "530025760", "price": 11.71, "amount": 10.0, "side": "sell", "timestamp": 1766029797210}, {"id": "530025761", "price": 11.71, "amount": 1.0, "side": "sell", "timestamp": 1766029797423}, {"id": "530025762", "price": 11.71, "amount": 105.0, "side": "sell", "timestamp": 1766029798493}, {"id": "530025763", "price": 11.709, "amount": 106.0, "side": "sell", "timestamp": 1766029799938}, {"id": "530025764", "price": 11.708, "amount": 143.0, "side": "sell", "timestamp": 1766029800132}, {"id": "530025765", "price": 11.708, "amount": 1.0, "side": "buy", "timestamp": 1766029803545}, {"id": "530025766", "price": 11.707, "amount": 2.0, "side": "sell", "timestamp": 1766029804802}, {"id": "530025767", "price": 11.707, "amount": 3.0, "side": "sell", "timestamp": 1766029805048}, {"id": "530025768", "price": 11.707, "amount": 1.0, "side": "sell", "timestamp": 1766029805501}, {"id": "530025769", "price": 11.707, "amount": 1.0, "side": "sell", "timestamp": 1766029805660}, {"id": "530025770", "price": 11.707, "amount": 1.0, "side": "sell", "timestamp": 1766029806490}, {"id": "530025771", "price": 11.707, "amount": 1.0, "side": "sell", "timestamp": 1766029806749}, {"id": "530025772", "price": 11.708, "amount": 1.0, "side": "buy", "timestamp": 1766029807044}, {"id": "530025773", "price": 11.708, "amount": 5.0, "side": "buy", "timestamp": 1766029807342}, {"id": "530025774", "price": 11.707, "amount": 20.0, "side": "sell", "timestamp": 1766029808414}, {"id": "530025775", "price": 11.708, "amount": 174.0, "side": "buy", "timestamp": 1766029809069}, {"id": "530025776", "price": 11.709, "amount": 38.0, "side": "buy", "timestamp": 1766029810793}, {"id": "530025777", "price": 11.71, "amount": 41.0, "side": "buy", "timestamp": 1766029810918}, {"id": "530025778", "price": 11.711, "amount": 233.0, "side": "buy", "timestamp": 1766029811049}, {"id": "530025779", "price": 11.712, "amount": 83.0, "side": "buy", "timestamp": 1766029811063}, {"id": "530025780", "price": 11.713, "amount": 149.0, "side": "buy", "timestamp": 1766029811522}, {"id": "530025781", "price": 11.714, "amount": 2.0, "side": "buy", "timestamp": 1766029812599}, {"id": "530025782", "price": 11.713, "amount": 1.0, "side": "sell", "timestamp": 1766029814448}, {"id": "530025783", "price": 11.714, "amount": 41.0, "side": "buy", "timestamp": 1766029814669}, {"id": "530025784", "price": 11.714, "amount": 1.0, "side": "buy", "timestamp": 1766029814782}, {"id": "530025785", "price": 11.714, "amount": 1.0, "side": "buy", "timestamp": 1766029815016}, {"id": "530025786", "price": 11.713, "amount": 11.0, "side": "sell", "timestamp": 1766029817398}, {"id": "530025787", "price": 11.714, "amount": 1.0, "side": "buy", "timestamp": 1766029818147}, {"id": "530025788", "price": 11.714, "amount": 1.0, "side": "buy", "timestamp": 1766029819775}, {"id": "530025789", "price": 11.714, "amount": 1.0, "side": "buy", "timestamp": 1766029820042}, {"id": "530025790", "price": 11.714, "amount": 13.0, "side": "buy", "timestamp": 1766029820312}, {"id": "530025791", "price": 11.715, "amount": 103.0, "side": "buy", "timestamp": 1766029820362}, {"id": "530025792", "price": 11.716, "amount": 241.0, "side": "buy", "timestamp": 1766029820369}, {"id": "530025793", "price": 11.717, "amount": 104.0, "side": "buy", "timestamp": 1766029822836}, {"id": "530025794", "price": 11.718, "amount": 1.0, "side": "buy", "timestamp": 1766029823668}, {"id": "530025795", "price": 11.718, "amount": 1.0, "side": "buy", "timestamp": 1766029824715}, {"id": "530025796", "price": 11.718, "amount": 3.0, "side": "buy", "timestamp": 1766029824943}, {"id": "530025797", "price": 11.718, "amount": 2.0, "side": "buy", "timestamp": 1766029825150}, {"id": "530025798", "price": 11.718, "amount": 73.0, "side": "buy", "timestamp": 1766029826843}, {"id": "530025799", "price": 11.719, "amount": 45.0, "side": "buy", "timestamp": 1766029826855}, {"id": "530025800", "price": 11.72, "amount": 68.0, "side": "buy", "timestamp": 1766029827955}, {"id": "530025801", "price": 11.721, "amount": 1.0, "side": "buy", "timestamp": 1766029829758}, {"id": "530025802", "price": 11.72, "amount": 56.0, "side": "sell", "timestamp": 1766029829817}, {"id": "530025803", "price": 11.719, "amount": 14.0, "side": "sell", "timestamp": 1766029829906}, {"id": "530025804", "price": 11.718, "amount": 5.0, "side": "sell", "timestamp": 1766029829906}, {"id": "530025805", "price": 11.717, "amount": 3.0, "side": "sell", "timestamp": 1766029829906}, {"id": "530025806", "price": 11.718, "amount": 1.0, "side": "buy", "timestamp": 1766029833411}, {"id": "530025809", "price": 11.717, "amount": 1.0, "side": "sell", "timestamp": 1766029834884}, {"id": "530025810", "price": 11.718, "amount": 1.0, "side": "buy", "timestamp": 1766029840047}, {"id": "530025811", "price": 11.717, "amount": 1.0, "side": "sell", "timestamp": 1766029843318}, {"id": "530025812", "price": 11.718, "amount": 32.0, "side": "buy", "timestamp": 1766029843504}, {"id": "530025813", "price": 11.718, "amount": 3.0, "side": "sell", "timestamp": 1766029844115}, {"id": "530025814", "price": 11.718, "amount": 1.0, "side": "sell", "timestamp": 1766029844404}, {"id": "530025815", "price": 11.719, "amount": 1.0, "side": "buy", "timestamp": 1766029847234}, {"id": "530025816", "price": 11.719, "amount": 1.0, "side": "buy", "timestamp": 1766029849829}, {"id": "530025817", "price": 11.719, "amount": 28.0, "side": "buy", "timestamp": 1766029850294}, {"id": "530025818", "price": 11.72, "amount": 190.0, "side": "buy", "timestamp": 1766029850294}, {"id": "530025819", "price": 11.721, "amount": 635.0, "side": "buy", "timestamp": 1766029850304}, {"id": "530025820", "price": 11.722, "amount": 84.0, "side": "buy", "timestamp": 1766029850389}, {"id": "530025821", "price": 11.722, "amount": 6.0, "side": "buy", "timestamp": 1766029851855}, {"id": "530025822", "price": 11.722, "amount": 5.0, "side": "buy", "timestamp": 1766029852002}, {"id": "530025823", "price": 11.721, "amount": 20.0, "side": "sell", "timestamp": 1766029852740}, {"id": "530025824", "price": 11.722, "amount": 210.0, "side": "buy", "timestamp": 1766029852911}, {"id": "530025825", "price": 11.722, "amount": 1.0, "side": "sell", "timestamp": 1766029853249}, {"id": "530025826", "price": 11.723, "amount": 113.0, "side": "buy", "timestamp": 1766029855587}, {"id": "530025827", "price": 11.724, "amount": 285.0, "side": "buy", "timestamp": 1766029855596}, {"id": "530025828", "price": 11.725, "amount": 1.0, "side": "buy", "timestamp": 1766029855699}, {"id": "530025829", "price": 11.724, "amount": 1.0, "side": "sell", "timestamp": 1766029855841}, {"id": "530025830", "price": 11.725, "amount": 147.0, "side": "buy", "timestamp": 1766029856450}, {"id": "530025831", "price": 11.726, "amount": 137.0, "side": "buy", "timestamp": 1766029857732}, {"id": "530025832", "price": 11.727, "amount": 1.0, "side": "buy", "timestamp": 1766029859674}, {"id": "530025833", "price": 11.727, "amount": 1.0, "side": "buy", "timestamp": 1766029860477}, {"id": "530025834", "price": 11.727, "amount": 3.0, "side": "buy", "timestamp": 1766029860893}, {"id": "530025835", "price": 11.727, "amount": 118.0, "side": "buy", "timestamp": 1766029861799}, {"id": "530025836", "price": 11.728, "amount": 15.0, "side": "buy", "timestamp": 1766029861799}, {"id": "530025837", "price": 11.728, "amount": 2.0, "side": "buy", "timestamp": 1766029863470}, {"id": "530025838", "price": 11.728, "amount": 3.0, "side": "buy", "timestamp": 1766029866251}, {"id": "530025839", "price": 11.727, "amount": 315.0, "side": "sell", "timestamp": 1766029867919}, {"id": "530025840", "price": 11.726, "amount": 7.0, "side": "sell", "timestamp": 1766029869136}, {"id": "530025841", "price": 11.726, "amount": 428.0, "side": "sell", "timestamp": 1766029870268}, {"id": "530025842", "price": 11.725, "amount": 26.0, "side": "sell", "timestamp": 1766029870727}, {"id": "530025843", "price": 11.724, "amount": 2.0, "side": "sell", "timestamp": 1766029870810}, {"id": "530025844", "price": 11.723, "amount": 2.0, "side": "sell", "timestamp": 1766029870859}, {"id": "530025845", "price": 11.722, "amount": 44.0, "side": "sell", "timestamp": 1766029870880}, {"id": "530025846", "price": 11.721, "amount": 10.0, "side": "sell", "timestamp": 1766029871422}, {"id": "530025847", "price": 11.72, "amount": 25.0, "side": "sell", "timestamp": 1766029871648}, {"id": "530025848", "price": 11.721, "amount": 100.0, "side": "buy", "timestamp": 1766029873035}, {"id": "530025849", "price": 11.721, "amount": 173.0, "side": "sell", "timestamp": 1766029873075}, {"id": "530025850", "price": 11.721, "amount": 5.0, "side": "sell", "timestamp": 1766029877776}, {"id": "530025851", "price": 11.722, "amount": 1.0, "side": "buy", "timestamp": 1766029878587}, {"id": "530025852", "price": 11.721, "amount": 10.0, "side": "sell", "timestamp": 1766029882610}, {"id": "530025853", "price": 11.722, "amount": 44.0, "side": "buy", "timestamp": 1766029882946}, {"id": "530025854", "price": 11.722, "amount": 359.0, "side": "buy", "timestamp": 1766029883869}, {"id": "530025855", "price": 11.723, "amount": 54.0, "side": "buy", "timestamp": 1766029884263}, {"id": "530025856", "price": 11.723, "amount": 5.0, "side": "sell", "timestamp": 1766029884760}, {"id": "530025857", "price": 11.724, "amount": 2.0, "side": "buy", "timestamp": 1766029884860}, {"id": "530025858", "price": 11.724, "amount": 14.0, "side": "sell", "timestamp": 1766029886197}, {"id": "530025843", "price": 11.724, "amount": 2.0, "side": "sell", "timestamp": 1766029870810}, {"id": "530025844", "price": 11.723, "amount": 2.0, "side": "sell", "timestamp": 1766029870859}, {"id": "530025845", "price": 11.722, "amount": 44.0, "side": "sell", "timestamp": 1766029870880}, {"id": "530025846", "price": 11.721, "amount": 10.0, "side": "sell", "timestamp": 1766029871422}, {"id": "530025847", "price": 11.72, "amount": 25.0, "side": "sell", "timestamp": 1766029871648}, {"id": "530025848", "price": 11.721, "amount": 100.0, "side": "buy", "timestamp": 1766029873035}, {"id": "530025849", "price": 11.721, "amount": 173.0, "side": "sell", "timestamp": 1766029873075}, {"id": "530025850", "price": 11.721, "amount": 5.0, "side": "sell", "timestamp": 1766029877776}, {"id": "530025851", "price": 11.722, "amount": 1.0, "side": "buy", "timestamp": 1766029878587}, {"id": "530025852", "price": 11.721, "amount": 10.0, "side": "sell", "timestamp": 1766029882610}, {"id": "530025853", "price": 11.722, "amount": 44.0, "side": "buy", "timestamp": 1766029882946}, {"id": "530025854", "price": 11.722, "amount": 359.0, "side": "buy", "timestamp": 1766029883869}, {"id": "530025855", "price": 11.723, "amount": 54.0, "side": "buy", "timestamp": 1766029884263}, {"id": "530025856", "price": 11.723, "amount": 5.0, "side": "sell", "timestamp": 1766029884760}, {"id": "530025857", "price": 11.724, "amount": 2.0, "side": "buy", "timestamp": 1766029884860}, {"id": "530025858", "price": 11.724, "amount": 14.0, "side": "sell", "timestamp": 1766029886197}, {"id": "530025859", "price": 11.725, "amount": 144.0, "side": "buy", "timestamp": 1766029893198}, {"id": "530025860", "price": 11.725, "amount": 35.0, "side": "sell", "timestamp": 1766029893319}, {"id": "530025861", "price": 11.726, "amount": 1.0, "side": "buy", "timestamp": 1766029895677}, {"id": "530025862", "price": 11.726, "amount": 12.0, "side": "buy", "timestamp": 1766029897225}, {"id": "530025863", "price": 11.725, "amount": 63.0, "side": "sell", "timestamp": 1766029899904}, {"id": "530025864", "price": 11.725, "amount": 1.0, "side": "sell", "timestamp": 1766029901489}, {"id": "530025865", "price": 11.725, "amount": 1.0, "side": "sell", "timestamp": 1766029901664}, {"id": "530025866", "price": 11.725, "amount": 2.0, "side": "sell", "timestamp": 1766029901908}, {"id": "530025867", "price": 11.725, "amount": 1.0, "side": "sell", "timestamp": 1766029902925}, {"id": "530025868", "price": 11.725, "amount": 1.0, "side": "sell", "timestamp": 1766029903735}, {"id": "530025869", "price": 11.725, "amount": 1.0, "side": "sell", "timestamp": 1766029906735}, {"id": "530025870", "price": 11.726, "amount": 130.0, "side": "buy", "timestamp": 1766029907026}, {"id": "530025871", "price": 11.726, "amount": 3.0, "side": "sell", "timestamp": 1766029908712}, {"id": "530025872", "price": 11.727, "amount": 234.0, "side": "buy", "timestamp": 1766029909011}, {"id": "530025873", "price": 11.726, "amount": 25.0, "side": "sell", "timestamp": 1766029911102}, {"id": "530025874", "price": 11.725, "amount": 9.0, "side": "sell", "timestamp": 1766029911403}, {"id": "530025875", "price": 11.726, "amount": 8.0, "side": "buy", "timestamp": 1766029912589}, {"id": "530025876", "price": 11.725, "amount": 1.0, "side": "sell", "timestamp": 1766029913090}, {"id": "530025877", "price": 11.725, "amount": 20.0, "side": "sell", "timestamp": 1766029913686}, {"id": "530025878", "price": 11.725, "amount": 1.0, "side": "sell", "timestamp": 1766029916283}, {"id": "530025879", "price": 11.725, "amount": 139.0, "side": "sell", "timestamp": 1766029917683}, {"id": "530025880", "price": 11.724, "amount": 31.0, "side": "sell", "timestamp": 1766029917684}, {"id": "530025881", "price": 11.723, "amount": 70.0, "side": "sell", "timestamp": 1766029917685}, {"id": "530025882", "price": 11.724, "amount": 2.0, "side": "buy", "timestamp": 1766029923275}, {"id": "530025883", "price": 11.723, "amount": 5.0, "side": "sell", "timestamp": 1766029925117}, {"id": "530025884", "price": 11.723, "amount": 1.0, "side": "sell", "timestamp": 1766029928462}, {"id": "530025885", "price": 11.724, "amount": 78.0, "side": "buy", "timestamp": 1766029928669}, {"id": "530025886", "price": 11.725, "amount": 12.0, "side": "buy", "timestamp": 1766029930903}, {"id": "530025887", "price": 11.726, "amount": 1.0, "side": "buy", "timestamp": 1766029931671}, {"id": "530025888", "price": 11.726, "amount": 20.0, "side": "buy", "timestamp": 1766029932156}, {"id": "530025889", "price": 11.726, "amount": 169.0, "side": "buy", "timestamp": 1766029935202}, {"id": "530025890", "price": 11.727, "amount": 39.0, "side": "buy", "timestamp": 1766029935239}, {"id": "530025891", "price": 11.728, "amount": 15.0, "side": "buy", "timestamp": 1766029936061}, {"id": "530025892", "price": 11.728, "amount": 2.0, "side": "buy", "timestamp": 1766029937705}, {"id": "530025882", "price": 11.724, "amount": 2.0, "side": "buy", "timestamp": 1766029923275}, {"id": "530025883", "price": 11.723, "amount": 5.0, "side": "sell", "timestamp": 1766029925117}, {"id": "530025884", "price": 11.723, "amount": 1.0, "side": "sell", "timestamp": 1766029928462}, {"id": "530025885", "price": 11.724, "amount": 78.0, "side": "buy", "timestamp": 1766029928669}, {"id": "530025886", "price": 11.725, "amount": 12.0, "side": "buy", "timestamp": 1766029930903}, {"id": "530025887", "price": 11.726, "amount": 1.0, "side": "buy", "timestamp": 1766029931671}, {"id": "530025888", "price": 11.726, "amount": 20.0, "side": "buy", "timestamp": 1766029932156}, {"id": "530025889", "price": 11.726, "amount": 169.0, "side": "buy", "timestamp": 1766029935202}, {"id": "530025890", "price": 11.727, "amount": 39.0, "side": "buy", "timestamp": 1766029935239}, {"id": "530025891", "price": 11.728, "amount": 15.0, "side": "buy", "timestamp": 1766029936061}, {"id": "530025892", "price": 11.728, "amount": 2.0, "side": "buy", "timestamp": 1766029937705}, {"id": "530025893", "price": 11.727, "amount": 2.0, "side": "sell", "timestamp": 1766029939656}, {"id": "530025894", "price": 11.728, "amount": 6.0, "side": "buy", "timestamp": 1766029939929}, {"id": "530025895", "price": 11.728, "amount": 76.0, "side": "buy", "timestamp": 1766029940032}, {"id": "530025896", "price": 11.727, "amount": 5.0, "side": "sell", "timestamp": 1766029945189}, {"id": "530025897", "price": 11.728, "amount": 2.0, "side": "buy", "timestamp": 1766029945816}, {"id": "530025898", "price": 11.727, "amount": 208.0, "side": "sell", "timestamp": 1766029945860}, {"id": "530025899", "price": 11.726, "amount": 124.0, "side": "sell", "timestamp": 1766029945860}, {"id": "530025900", "price": 11.727, "amount": 1.0, "side": "buy", "timestamp": 1766029949883}, {"id": "530025901", "price": 11.726, "amount": 1.0, "side": "sell", "timestamp": 1766029952124}, {"id": "530025902", "price": 11.727, "amount": 2.0, "side": "buy", "timestamp": 1766029953431}, {"id": "530025903", "price": 11.727, "amount": 1.0, "side": "buy", "timestamp": 1766029954456}, {"id": "530025904", "price": 11.726, "amount": 92.0, "side": "sell", "timestamp": 1766029956304}, {"id": "530025905", "price": 11.725, "amount": 10.0, "side": "sell", "timestamp": 1766029956396}, {"id": "530025906", "price": 11.724, "amount": 42.0, "side": "sell", "timestamp": 1766029956749}, {"id": "530025907", "price": 11.724, "amount": 4.0, "side": "buy", "timestamp": 1766029958517}, {"id": "530025908", "price": 11.723, "amount": 1.0, "side": "sell", "timestamp": 1766029958873}, {"id": "530025909", "price": 11.723, "amount": 1.0, "side": "sell", "timestamp": 1766029960208}, {"id": "530025910", "price": 11.723, "amount": 2.0, "side": "sell", "timestamp": 1766029965821}, {"id": "530025911", "price": 11.724, "amount": 1.0, "side": "buy", "timestamp": 1766029967670}, {"id": "530025912", "price": 11.723, "amount": 5.0, "side": "sell", "timestamp": 1766029970922}, {"id": "530025913", "price": 11.723, "amount": 2.0, "side": "sell", "timestamp": 1766029971995}, {"id": "530025914", "price": 11.724, "amount": 328.0, "side": "buy", "timestamp": 1766029972953}, {"id": "530025915", "price": 11.725, "amount": 41.0, "side": "buy", "timestamp": 1766029972957}, {"id": "530025916", "price": 11.725, "amount": 1.0, "side": "sell", "timestamp": 1766029973881}, {"id": "530025917", "price": 11.725, "amount": 37.0, "side": "sell", "timestamp": 1766029980122}, {"id": "530025918", "price": 11.724, "amount": 1.0, "side": "sell", "timestamp": 1766029980182}, {"id": "530025919", "price": 11.723, "amount": 39.0, "side": "sell", "timestamp": 1766029980186}, {"id": "530025920", "price": 11.723, "amount": 1.0, "side": "buy", "timestamp": 1766029980384}, {"id": "530025921", "price": 11.723, "amount": 694.0, "side": "buy", "timestamp": 1766029980923}, {"id": "530025922", "price": 11.724, "amount": 1349.0, "side": "buy", "timestamp": 1766029980923}, {"id": "530025923", "price": 11.725, "amount": 779.0, "side": "buy", "timestamp": 1766029980923}, {"id": "530025924", "price": 11.725, "amount": 45.0, "side": "sell", "timestamp": 1766029980928}, {"id": "530025925", "price": 11.725, "amount": 3.0, "side": "buy", "timestamp": 1766029982546}, {"id": "530025926", "price": 11.725, "amount": 13.0, "side": "buy", "timestamp": 1766029983569}, {"id": "530025927", "price": 11.724, "amount": 3.0, "side": "sell", "timestamp": 1766029984236}, {"id": "530025928", "price": 11.725, "amount": 1.0, "side": "buy", "timestamp": 1766029984696}, {"id": "530025929", "price": 11.724, "amount": 91.0, "side": "sell", "timestamp": 1766029985178}, {"id": "530025930", "price": 11.723, "amount": 3.0, "side": "sell", "timestamp": 1766029985221}, {"id": "530025931", "price": 11.722, "amount": 3.0, "side": "sell", "timestamp": 1766029987421}]