[{"symbol": "BNBUSDT", "bids": [[860.71, 28.5], [860.7, 0.02], [860.69, 0.04], [860.68, 0.02], [860.67, 0.6], [860.66, 0.06], [860.65, 0.02], [860.64, 3.97], [860.63, 4.94], [860.62, 10.92], [860.61, 29.56], [860.6, 10.0], [860.59, 6.02], [860.58, 19.91], [860.57, 6.68], [860.56, 26.58], [860.55, 55.17], [860.54, 0.02], [860.53, 2.18], [860.52, 11.7]], "asks": [[860.72, 11.02], [860.73, 7.33], [860.74, 5.76], [860.75, 0.4], [860.76, 0.01], [860.78, 4.15], [860.79, 7.65], [860.8, 17.38], [860.81, 23.8], [860.82, 6.12], [860.83, 9.38], [860.84, 0.03], [860.85, 0.13], [860.86, 0.17], [860.87, 0.03], [860.88, 8.17], [860.89, 10.53], [860.9, 9.9], [860.91, 9.25], [860.92, 8.11]], "timestamp": "2025-12-17T06:05:01.238415+00:00"}, {"symbol": "BNBUSDT", "bids": [[860.19, 7.31], [860.18, 3.26], [860.17, 0.01], [860.16, 3.68], [860.15, 0.01], [860.14, 2.22], [860.13, 0.01], [860.12, 16.24], [860.11, 0.01], [860.1, 25.85], [860.09, 28.64], [860.08, 7.79], [860.07, 1.86], [860.06, 7.74], [860.05, 6.09], [860.04, 0.97], [860.03, 2.93], [860.02, 3.85], [860.01, 0.03], [860.0, 8.96]], "asks": [[860.2, 25.66], [860.21, 0.02], [860.22, 3.95], [860.24, 0.28], [860.25, 2.25], [860.26, 0.11], [860.27, 5.19], [860.28, 0.02], [860.29, 6.58], [860.3, 11.96], [860.31, 0.53], [860.32, 8.53], [860.33, 11.72], [860.34, 5.33], [860.35, 4.45], [860.36, 7.6], [860.37, 10.0], [860.38, 7.6], [860.39, 6.14], [860.4, 0.67]], "timestamp": "2025-12-17T06:05:53.158011+00:00"}, {"symbol": "BNBUSDT", "bids": [[860.08, 56.4], [860.07, 14.43], [860.06, 12.51], [860.05, 26.43], [860.04, 6.9], [860.03, 4.23], [860.02, 5.93], [860.01, 19.45], [860.0, 11.43], [859.99, 6.07], [859.98, 22.96], [859.97, 5.82], [859.96, 9.31], [859.95, 37.65], [859.94, 12.69], [859.93, 13.16], [859.92, 14.03], [859.91, 1.45], [859.9, 7.0], [859.89, 46.05]], "asks": [[860.09, 3.49], [860.1, 0.48], [860.12, 0.01], [860.13, 0.31], [860.15, 0.28], [860.16, 0.03], [860.17, 0.02], [860.18, 9.13], [860.19, 0.02], [860.2, 1.82], [860.21, 1.67], [860.22, 0.5], [860.23, 3.88], [860.24, 5.74], [860.25, 0.01], [860.26, 5.02], [860.27, 0.01], [860.28, 1.88], [860.29, 2.85], [860.3, 2.42]], "timestamp": "2025-12-17T06:06:46.711738+00:00"}, {"symbol": "BNBUSDT", "bids": [[860.08, 33.16], [860.07, 5.73], [860.06, 14.01], [860.05, 5.73], [860.04, 15.06], [860.03, 15.6], [860.02, 0.59], [860.01, 7.78], [860.0, 37.37], [859.99, 18.58], [859.98, 7.79], [859.97, 4.55], [859.96, 1.33], [859.95, 2.51], [859.94, 6.77], [859.93, 1.0], [859.92, 6.73], [859.91, 3.5], [859.9, 11.63], [859.89, 5.38]], "asks": [[860.09, 16.09], [860.1, 0.06], [860.11, 1.83], [860.12, 0.01], [860.13, 0.35], [860.14, 0.1], [860.15, 3.91], [860.16, 0.04], [860.17, 0.37], [860.18, 9.5], [860.19, 5.51], [860.2, 3.01], [860.21, 4.04], [860.22, 4.03], [860.23, 5.12], [860.24, 12.57], [860.25, 42.74], [860.26, 1.62], [860.27, 1.51], [860.28, 4.48]], "timestamp": "2025-12-17T06:07:38.695227+00:00"}, {"symbol": "BNBUSDT", "bids": [[860.31, 43.17], [860.3, 4.67], [860.29, 0.24], [860.28, 3.29], [860.27, 3.87], [860.26, 8.0], [860.25, 10.69], [860.24, 4.36], [860.23, 13.33], [860.22, 8.59], [860.21, 7.8], [860.2, 8.47], [860.19, 1.83], [860.18, 0.01], [860.17, 4.82], [860.16, 10.44], [860.15, 10.4], [860.14, 8.27], [860.13, 16.64], [860.12, 8.23]], "asks": [[860.32, 16.86], [860.33, 0.82], [860.34, 0.35], [860.36, 0.4], [860.37, 1.59], [860.38, 2.07], [860.39, 4.1], [860.4, 9.33], [860.41, 2.05], [860.42, 9.28], [860.43, 0.02], [860.44, 5.74], [860.45, 2.68], [860.46, 2.4], [860.47, 0.02], [860.48, 11.99], [860.49, 12.57], [860.5, 5.73], [860.51, 5.85], [860.52, 17.96]], "timestamp": "2025-12-17T06:08:30.776543+00:00"}, {"symbol": "BNBUSDT", "bids": [[860.49, 13.84], [860.48, 1.35], [860.47, 4.3], [860.46, 0.07], [860.45, 0.02], [860.44, 4.62], [860.43, 13.91], [860.42, 17.39], [860.41, 3.64], [860.4, 4.26], [860.39, 4.59], [860.38, 6.1], [860.37, 6.89], [860.36, 17.42], [860.35, 5.57], [860.34, 5.52], [860.33, 9.45], [860.32, 17.99], [860.31, 4.33], [860.3, 24.44]], "asks": [[860.5, 17.07], [860.51, 0.01], [860.52, 0.01], [860.53, 5.75], [860.54, 4.16], [860.55, 6.37], [860.56, 11.97], [860.57, 16.92], [860.58, 8.4], [860.59, 0.98], [860.6, 13.44], [860.61, 3.86], [860.62, 4.12], [860.63, 8.53], [860.64, 0.02], [860.65, 5.84], [860.66, 9.31], [860.67, 6.77], [860.68, 0.25], [860.69, 0.45]], "timestamp": "2025-12-17T06:09:22.499515+00:00"}, {"symbol": "BNBUSDT", "bids": [[861.45, 68.03], [861.44, 4.34], [861.43, 30.8], [861.42, 8.27], [861.41, 7.14], [861.4, 36.41], [861.39, 0.22], [861.38, 1.57], [861.37, 3.49], [861.36, 1.82], [861.35, 4.62], [861.34, 0.64], [861.33, 0.38], [861.32, 8.59], [861.31, 6.99], [861.3, 6.05], [861.29, 5.69], [861.28, 8.85], [861.27, 5.93], [861.26, 0.02]], "asks": [[861.46, 19.89], [861.48, 1.29], [861.49, 1.32], [861.5, 0.04], [861.51, 0.02], [861.52, 5.9], [861.53, 2.15], [861.54, 3.61], [861.55, 3.28], [861.56, 1.47], [861.57, 0.04], [861.58, 0.03], [861.59, 0.18], [861.6, 3.93], [861.61, 4.88], [861.62, 0.04], [861.63, 13.0], [861.64, 1.82], [861.65, 5.7], [861.66, 22.35]], "timestamp": "2025-12-17T06:10:14.094808+00:00"}, {"symbol": "BNBUSDT", "bids": [[861.03, 102.71], [861.02, 0.02], [861.01, 4.65], [861.0, 28.31], [860.99, 27.69], [860.98, 0.03], [860.97, 0.81], [860.96, 0.51], [860.95, 0.86], [860.94, 2.39], [860.93, 0.86], [860.92, 5.25], [860.91, 13.76], [860.9, 1.76], [860.89, 0.87], [860.88, 6.79], [860.87, 13.42], [860.86, 19.38], [860.85, 0.06], [860.84, 5.69]], "asks": [[861.04, 7.45], [861.05, 0.02], [861.06, 1.75], [861.08, 0.01], [861.1, 1.85], [861.11, 0.01], [861.12, 1.06], [861.13, 1.02], [861.14, 2.33], [861.15, 9.63], [861.16, 8.12], [861.17, 12.84], [861.18, 0.03], [861.19, 1.7], [861.2, 3.4], [861.21, 7.53], [861.22, 4.53], [861.23, 8.75], [861.24, 4.76], [861.25, 1.2]], "timestamp": "2025-12-17T06:11:06.245895+00:00"}, {"symbol": "BNBUSDT", "bids": [[861.86, 44.31], [861.85, 5.92], [861.84, 6.2], [861.83, 6.1], [861.82, 0.04], [861.81, 13.1], [861.8, 11.47], [861.79, 0.58], [861.78, 2.6], [861.77, 0.68], [861.76, 7.17], [861.75, 4.48], [861.74, 5.51], [861.73, 15.76], [861.72, 12.71], [861.71, 13.55], [861.7, 1.59], [861.69, 1.38], [861.68, 12.46], [861.67, 16.98]], "asks": [[861.87, 7.57], [861.88, 0.01], [861.9, 3.86], [861.91, 0.01], [861.92, 1.61], [861.93, 1.57], [861.94, 0.02], [861.95, 2.22], [861.96, 3.29], [861.97, 6.69], [861.99, 5.0], [862.0, 2.23], [862.01, 0.14], [862.02, 0.01], [862.03, 0.06], [862.04, 4.77], [862.05, 0.63], [862.06, 3.07], [862.07, 9.01], [862.08, 12.96]], "timestamp": "2025-12-17T06:11:57.720334+00:00"}, {"symbol": "BNBUSDT", "bids": [[861.5, 52.98], [861.49, 1.76], [861.48, 6.22], [861.47, 0.01], [861.46, 0.06], [861.45, 1.63], [861.44, 5.95], [861.43, 15.36], [861.42, 0.71], [861.4, 8.16], [861.39, 3.6], [861.38, 8.8], [861.37, 9.02], [861.36, 11.34], [861.35, 8.49], [861.34, 8.61], [861.33, 13.02], [861.32, 10.34], [861.31, 13.58], [861.3, 28.32]], "asks": [[861.51, 11.97], [861.52, 0.01], [861.53, 0.11], [861.54, 4.62], [861.55, 29.22], [861.56, 2.61], [861.57, 0.03], [861.59, 1.43], [861.6, 3.53], [861.61, 10.63], [861.62, 2.23], [861.63, 0.01], [861.64, 14.35], [861.65, 0.61], [861.66, 0.05], [861.67, 9.02], [861.68, 13.05], [861.69, 11.48], [861.7, 1.04], [861.71, 6.99]], "timestamp": "2025-12-17T06:12:49.256714+00:00"}, {"symbol": "BNBUSDT", "bids": [[861.27, 28.22], [861.26, 0.17], [861.25, 3.79], [861.24, 0.52], [861.23, 1.31], [861.22, 3.49], [861.21, 2.21], [861.2, 2.76], [861.19, 3.46], [861.18, 11.25], [861.17, 0.55], [861.16, 9.84], [861.15, 12.36], [861.14, 5.35], [861.13, 16.69], [861.12, 16.88], [861.11, 4.17], [861.1, 10.95], [861.09, 16.81], [861.08, 0.11]], "asks": [[861.28, 1.45], [861.29, 0.02], [861.32, 0.76], [861.33, 10.31], [861.34, 1.25], [861.36, 0.5], [861.37, 0.02], [861.38, 1.97], [861.39, 12.17], [861.4, 0.44], [861.41, 6.14], [861.42, 4.22], [861.43, 17.75], [861.44, 2.28], [861.45, 5.94], [861.46, 0.24], [861.47, 7.71], [861.48, 7.45], [861.49, 14.58], [861.5, 20.32]], "timestamp": "2025-12-17T06:13:40.822970+00:00"}, {"symbol": "BNBUSDT", "bids": [[861.62, 40.81], [861.61, 0.02], [861.6, 3.22], [861.59, 0.72], [861.58, 0.03], [861.57, 1.01], [861.56, 29.26], [861.55, 27.88], [861.54, 21.44], [861.53, 1.79], [861.52, 0.39], [861.51, 2.04], [861.5, 3.81], [861.49, 0.02], [861.48, 9.45], [861.47, 6.47], [861.46, 0.02], [861.45, 0.57], [861.44, 11.32], [861.43, 7.54]], "asks": [[861.63, 20.61], [861.64, 0.02], [861.65, 0.08], [861.66, 0.1], [861.68, 0.03], [861.69, 1.06], [861.7, 0.02], [861.71, 5.25], [861.72, 2.34], [861.73, 1.97], [861.74, 3.02], [861.75, 7.79], [861.76, 2.56], [861.77, 6.11], [861.78, 0.03], [861.79, 0.01], [861.8, 13.33], [861.81, 6.38], [861.82, 0.02], [861.83, 8.14]], "timestamp": "2025-12-17T06:14:32.116504+00:00"}, {"symbol": "BNBUSDT", "bids": [[862.23, 20.66], [862.22, 0.02], [862.21, 0.02], [862.2, 3.16], [862.19, 2.23], [862.18, 0.02], [862.17, 2.33], [862.16, 20.62], [862.15, 5.92], [862.14, 3.57], [862.13, 18.77], [862.12, 5.55], [862.11, 3.44], [862.1, 1.06], [862.09, 30.05], [862.08, 0.06], [862.07, 16.19], [862.06, 14.86], [862.05, 5.08], [862.04, 8.37]], "asks": [[862.24, 13.69], [862.25, 0.01], [862.26, 4.98], [862.27, 1.56], [862.28, 2.87], [862.29, 9.11], [862.3, 5.92], [862.31, 9.54], [862.32, 3.16], [862.33, 1.87], [862.34, 1.7], [862.35, 11.61], [862.36, 2.02], [862.37, 4.55], [862.38, 9.53], [862.39, 16.22], [862.4, 2.63], [862.41, 0.34], [862.42, 14.17], [862.43, 56.23]], "timestamp": "2025-12-17T06:15:24.396051+00:00"}, {"symbol": "BNBUSDT", "bids": [[862.9, 20.33], [862.89, 0.03], [862.88, 0.17], [862.87, 0.03], [862.86, 1.93], [862.85, 0.02], [862.84, 2.99], [862.83, 7.2], [862.82, 1.57], [862.81, 13.94], [862.8, 4.24], [862.79, 5.54], [862.78, 8.34], [862.77, 5.31], [862.76, 25.52], [862.75, 9.37], [862.74, 6.61], [862.73, 15.61], [862.72, 6.94], [862.71, 0.03]], "asks": [[862.91, 16.66], [862.92, 6.93], [862.93, 5.83], [862.94, 1.71], [862.95, 3.65], [862.96, 13.87], [862.97, 9.59], [862.98, 6.09], [862.99, 0.15], [863.0, 41.42], [863.01, 1.53], [863.02, 2.11], [863.03, 10.26], [863.04, 8.9], [863.05, 0.06], [863.06, 7.32], [863.07, 0.73], [863.08, 49.28], [863.09, 11.04], [863.1, 25.02]], "timestamp": "2025-12-17T06:16:16.178956+00:00"}, {"symbol": "BNBUSDT", "bids": [[862.79, 54.93], [862.78, 18.99], [862.77, 0.01], [862.76, 4.15], [862.75, 33.67], [862.74, 21.18], [862.73, 23.84], [862.72, 87.54], [862.71, 0.03], [862.7, 9.34], [862.69, 0.03], [862.68, 18.05], [862.67, 10.24], [862.66, 4.73], [862.65, 0.02], [862.64, 1.22], [862.63, 0.02], [862.62, 0.02], [862.6, 12.29], [862.59, 3.93]], "asks": [[862.8, 3.71], [862.81, 0.01], [862.83, 0.01], [862.84, 0.01], [862.85, 0.04], [862.86, 0.02], [862.87, 0.02], [862.88, 2.3], [862.89, 2.35], [862.9, 1.48], [862.91, 5.41], [862.92, 10.8], [862.93, 8.99], [862.94, 0.59], [862.95, 16.51], [862.96, 4.81], [862.97, 11.97], [862.98, 13.32], [862.99, 0.31], [863.0, 33.21]], "timestamp": "2025-12-17T06:17:07.875233+00:00"}, {"symbol": "BNBUSDT", "bids": [[862.62, 58.27], [862.61, 10.66], [862.6, 23.08], [862.59, 11.92], [862.58, 4.18], [862.56, 5.45], [862.55, 11.77], [862.54, 23.62], [862.53, 0.02], [862.52, 8.35], [862.51, 2.5], [862.5, 12.74], [862.49, 0.01], [862.48, 4.07], [862.47, 0.02], [862.46, 0.76], [862.45, 2.45], [862.44, 2.36], [862.43, 0.03], [862.42, 0.04]], "asks": [[862.63, 5.33], [862.64, 1.96], [862.65, 2.94], [862.66, 4.9], [862.67, 2.09], [862.68, 0.03], [862.69, 4.07], [862.71, 8.74], [862.72, 26.64], [862.73, 7.39], [862.74, 40.39], [862.75, 0.23], [862.76, 10.76], [862.77, 46.09], [862.78, 25.16], [862.79, 1.52], [862.8, 10.41], [862.81, 6.07], [862.82, 2.56], [862.83, 0.02]], "timestamp": "2025-12-17T06:17:59.279662+00:00"}, {"symbol": "BNBUSDT", "bids": [[862.77, 6.56], [862.76, 2.37], [862.75, 0.14], [862.74, 1.44], [862.73, 5.42], [862.72, 4.18], [862.71, 2.23], [862.68, 11.8], [862.67, 0.28], [862.66, 4.0], [862.65, 0.4], [862.64, 3.93], [862.63, 8.91], [862.62, 5.91], [862.61, 5.45], [862.6, 11.17], [862.59, 5.64], [862.58, 0.02], [862.57, 4.1], [862.56, 20.03]], "asks": [[862.78, 20.68], [862.8, 8.84], [862.81, 1.85], [862.82, 13.59], [862.83, 10.18], [862.84, 4.27], [862.85, 0.02], [862.86, 1.27], [862.87, 2.33], [862.88, 5.9], [862.89, 0.48], [862.9, 2.81], [862.91, 15.02], [862.92, 20.4], [862.93, 22.84], [862.94, 7.59], [862.95, 44.46], [862.96, 13.52], [862.97, 5.03], [862.98, 9.57]], "timestamp": "2025-12-17T06:18:50.627985+00:00"}, {"symbol": "BNBUSDT", "bids": [[862.92, 23.69], [862.91, 0.11], [862.9, 4.16], [862.89, 1.44], [862.88, 9.51], [862.87, 8.16], [862.86, 10.2], [862.85, 13.46], [862.84, 5.71], [862.83, 10.18], [862.82, 15.26], [862.81, 10.89], [862.8, 5.32], [862.79, 6.78], [862.78, 0.51], [862.77, 13.58], [862.76, 11.39], [862.75, 7.8], [862.74, 7.81], [862.73, 11.7]], "asks": [[862.93, 11.22], [862.95, 0.02], [862.96, 0.6], [862.98, 0.01], [862.99, 4.56], [863.0, 34.31], [863.01, 0.95], [863.02, 0.77], [863.03, 3.6], [863.04, 6.32], [863.05, 5.25], [863.06, 2.69], [863.07, 0.34], [863.08, 19.39], [863.09, 6.99], [863.1, 13.43], [863.11, 13.43], [863.12, 24.81], [863.13, 48.78], [863.14, 0.38]], "timestamp": "2025-12-17T06:19:42.278297+00:00"}, {"symbol": "BNBUSDT", "bids": [[863.2, 26.56], [863.19, 0.03], [863.18, 0.35], [863.17, 0.14], [863.16, 0.01], [863.15, 1.33], [863.14, 4.16], [863.13, 4.76], [863.12, 14.75], [863.11, 11.35], [863.1, 13.48], [863.09, 11.07], [863.08, 4.26], [863.07, 13.27], [863.06, 11.48], [863.05, 0.25], [863.04, 2.79], [863.03, 0.34], [863.02, 3.38], [863.01, 3.97]], "asks": [[863.21, 54.11], [863.22, 0.01], [863.24, 0.13], [863.25, 6.66], [863.26, 8.6], [863.27, 11.98], [863.28, 13.89], [863.29, 0.92], [863.3, 1.5], [863.31, 0.77], [863.32, 10.52], [863.33, 5.78], [863.34, 0.3], [863.35, 18.31], [863.36, 4.22], [863.37, 6.25], [863.38, 17.07], [863.39, 5.6], [863.4, 8.04], [863.41, 6.55]], "timestamp": "2025-12-17T06:20:33.556180+00:00"}, {"symbol": "BNBUSDT", "bids": [[863.0, 0.98], [862.99, 0.02], [862.98, 0.01], [862.97, 0.15], [862.96, 3.77], [862.95, 3.7], [862.94, 3.82], [862.93, 9.69], [862.92, 13.01], [862.91, 13.89], [862.9, 6.82], [862.89, 0.01], [862.88, 2.82], [862.87, 9.51], [862.86, 3.02], [862.85, 4.02], [862.84, 54.07], [862.83, 14.23], [862.82, 5.04], [862.81, 0.01]], "asks": [[863.01, 45.17], [863.02, 3.83], [863.03, 1.96], [863.04, 0.01], [863.05, 1.97], [863.06, 4.69], [863.07, 3.15], [863.08, 5.64], [863.09, 6.56], [863.1, 3.33], [863.11, 2.36], [863.12, 21.52], [863.13, 10.86], [863.14, 14.99], [863.15, 16.45], [863.16, 9.27], [863.17, 24.94], [863.18, 19.87], [863.19, 32.65], [863.2, 74.58]], "timestamp": "2025-12-17T06:21:25.120290+00:00"}, {"symbol": "BNBUSDT", "bids": [[862.97, 8.58], [862.96, 0.02], [862.95, 0.01], [862.94, 0.02], [862.93, 0.02], [862.92, 9.34], [862.91, 3.94], [862.89, 0.01], [862.88, 13.74], [862.87, 4.2], [862.86, 8.79], [862.84, 0.86], [862.83, 0.04], [862.82, 1.16], [862.81, 1.76], [862.8, 17.69], [862.79, 3.83], [862.78, 4.4], [862.77, 15.61], [862.76, 9.05]], "asks": [[862.98, 58.29], [862.99, 0.01], [863.0, 13.19], [863.01, 18.84], [863.02, 8.76], [863.03, 7.48], [863.04, 0.02], [863.05, 1.18], [863.06, 1.95], [863.07, 2.24], [863.08, 5.94], [863.09, 20.48], [863.1, 22.56], [863.11, 9.24], [863.12, 50.46], [863.13, 2.71], [863.14, 20.65], [863.15, 17.5], [863.16, 6.09], [863.17, 1.7]], "timestamp": "2025-12-17T06:22:16.463154+00:00"}, {"symbol": "BNBUSDT", "bids": [[862.96, 13.0], [862.95, 0.22], [862.93, 3.7], [862.92, 4.28], [862.91, 5.41], [862.89, 4.29], [862.88, 13.16], [862.87, 9.15], [862.86, 9.4], [862.85, 5.2], [862.84, 1.28], [862.83, 1.6], [862.82, 0.02], [862.81, 0.01], [862.8, 12.73], [862.79, 0.03], [862.78, 2.24], [862.77, 0.58], [862.76, 11.03], [862.75, 8.43]], "asks": [[862.97, 28.61], [862.98, 0.46], [862.99, 4.28], [863.0, 8.66], [863.01, 37.08], [863.02, 2.49], [863.03, 0.38], [863.04, 1.71], [863.05, 1.72], [863.06, 0.27], [863.07, 4.56], [863.08, 8.34], [863.09, 0.47], [863.1, 9.36], [863.11, 10.52], [863.12, 14.25], [863.13, 6.94], [863.14, 18.8], [863.15, 2.72], [863.16, 10.24]], "timestamp": "2025-12-17T06:23:07.737606+00:00"}, {"symbol": "BNBUSDT", "bids": [[863.63, 23.57], [863.62, 0.05], [863.6, 4.06], [863.59, 0.25], [863.58, 2.26], [863.57, 10.81], [863.56, 13.42], [863.55, 2.88], [863.54, 9.69], [863.53, 4.43], [863.52, 12.14], [863.51, 12.06], [863.5, 9.57], [863.49, 15.46], [863.48, 10.69], [863.47, 2.3], [863.46, 4.25], [863.45, 3.61], [863.44, 4.9], [863.43, 11.24]], "asks": [[863.64, 34.26], [863.65, 0.03], [863.66, 1.21], [863.67, 0.11], [863.68, 7.85], [863.69, 0.03], [863.7, 5.49], [863.71, 2.32], [863.72, 2.28], [863.73, 12.22], [863.74, 17.4], [863.75, 16.19], [863.76, 16.39], [863.77, 0.33], [863.78, 14.23], [863.79, 17.61], [863.8, 24.69], [863.81, 46.6], [863.82, 28.89], [863.83, 9.5]], "timestamp": "2025-12-17T06:23:59.294031+00:00"}, {"symbol": "BNBUSDT", "bids": [[864.45, 33.89], [864.44, 0.02], [864.43, 0.29], [864.42, 0.18], [864.4, 6.93], [864.39, 10.1], [864.38, 1.3], [864.37, 0.06], [864.36, 13.47], [864.35, 15.28], [864.34, 4.85], [864.33, 8.76], [864.32, 7.26], [864.31, 15.93], [864.3, 0.03], [864.29, 5.59], [864.28, 22.91], [864.27, 0.68], [864.26, 2.11], [864.25, 20.0]], "asks": [[864.46, 11.86], [864.47, 1.57], [864.48, 0.86], [864.49, 0.02], [864.5, 2.8], [864.51, 2.24], [864.52, 2.02], [864.53, 4.0], [864.54, 10.88], [864.56, 3.18], [864.57, 5.55], [864.58, 28.82], [864.6, 6.52], [864.61, 10.9], [864.62, 3.3], [864.63, 5.65], [864.64, 26.63], [864.65, 17.64], [864.66, 7.77], [864.67, 13.11]], "timestamp": "2025-12-17T06:24:50.838261+00:00"}, {"symbol": "BNBUSDT", "bids": [[864.76, 9.15], [864.75, 0.07], [864.72, 0.07], [864.71, 4.08], [864.7, 3.0], [864.69, 10.0], [864.68, 15.18], [864.67, 10.34], [864.66, 13.48], [864.65, 5.05], [864.64, 3.63], [864.63, 0.02], [864.62, 0.01], [864.6, 5.04], [864.59, 2.28], [864.58, 2.32], [864.57, 8.47], [864.56, 14.44], [864.55, 28.24], [864.54, 13.28]], "asks": [[864.77, 36.65], [864.78, 0.01], [864.79, 3.06], [864.8, 4.64], [864.81, 0.54], [864.82, 3.36], [864.83, 0.48], [864.84, 11.96], [864.85, 7.08], [864.86, 5.2], [864.87, 1.34], [864.88, 8.67], [864.89, 3.69], [864.9, 14.38], [864.91, 9.1], [864.92, 5.99], [864.93, 26.08], [864.94, 8.79], [864.95, 3.03], [864.96, 5.92]], "timestamp": "2025-12-17T06:25:42.529142+00:00"}, {"symbol": "BNBUSDT", "bids": [[864.24, 9.45], [864.23, 0.04], [864.2, 0.03], [864.19, 0.64], [864.18, 0.03], [864.17, 0.01], [864.16, 1.37], [864.15, 3.65], [864.14, 1.83], [864.13, 2.33], [864.12, 8.25], [864.11, 11.47], [864.1, 4.13], [864.09, 7.79], [864.08, 7.8], [864.07, 6.53], [864.06, 0.03], [864.05, 7.41], [864.04, 56.54], [864.03, 31.29]], "asks": [[864.25, 61.93], [864.26, 2.37], [864.27, 1.17], [864.28, 0.03], [864.29, 0.33], [864.3, 2.66], [864.31, 9.77], [864.32, 3.14], [864.33, 7.86], [864.34, 2.08], [864.35, 3.83], [864.36, 12.59], [864.37, 2.68], [864.38, 14.04], [864.39, 6.55], [864.4, 9.57], [864.41, 8.35], [864.42, 29.14], [864.43, 5.02], [864.44, 35.59]], "timestamp": "2025-12-17T06:26:34.170235+00:00"}, {"symbol": "BNBUSDT", "bids": [[864.23, 19.01], [864.22, 0.16], [864.21, 4.18], [864.2, 3.0], [864.19, 7.78], [864.18, 2.22], [864.17, 5.79], [864.16, 2.76], [864.15, 9.53], [864.14, 11.8], [864.13, 2.18], [864.12, 2.49], [864.11, 3.34], [864.1, 0.02], [864.09, 7.46], [864.08, 4.6], [864.07, 8.94], [864.06, 14.96], [864.05, 4.18], [864.04, 17.67]], "asks": [[864.24, 6.41], [864.25, 0.02], [864.26, 0.02], [864.27, 5.76], [864.28, 14.13], [864.29, 3.07], [864.3, 0.04], [864.31, 0.15], [864.32, 2.32], [864.33, 17.68], [864.34, 43.83], [864.35, 3.96], [864.36, 9.72], [864.37, 6.29], [864.38, 14.75], [864.39, 16.36], [864.4, 0.49], [864.41, 0.37], [864.42, 2.45], [864.43, 10.21]], "timestamp": "2025-12-17T06:27:25.454457+00:00"}, {"symbol": "BNBUSDT", "bids": [[864.4, 75.66], [864.39, 7.92], [864.38, 21.57], [864.37, 27.32], [864.36, 16.97], [864.35, 16.9], [864.34, 6.32], [864.33, 22.69], [864.32, 21.66], [864.31, 9.84], [864.3, 4.37], [864.29, 13.05], [864.28, 0.04], [864.27, 0.03], [864.26, 0.14], [864.24, 8.08], [864.23, 9.84], [864.22, 0.03], [864.21, 6.84], [864.2, 17.03]], "asks": [[864.41, 17.82], [864.42, 0.95], [864.44, 0.26], [864.45, 0.13], [864.46, 0.05], [864.47, 0.07], [864.48, 3.36], [864.5, 0.02], [864.51, 0.06], [864.52, 0.01], [864.53, 2.38], [864.54, 0.58], [864.55, 7.96], [864.56, 0.06], [864.57, 6.41], [864.58, 11.07], [864.59, 5.99], [864.6, 5.8], [864.61, 7.85], [864.62, 15.07]], "timestamp": "2025-12-17T06:28:16.843477+00:00"}, {"symbol": "BNBUSDT", "bids": [[864.54, 0.01], [864.53, 0.02], [864.52, 0.57], [864.51, 4.19], [864.5, 11.89], [864.49, 9.52], [864.48, 4.21], [864.47, 4.5], [864.46, 0.02], [864.45, 5.93], [864.44, 2.32], [864.43, 3.49], [864.42, 5.56], [864.41, 12.38], [864.4, 18.03], [864.39, 0.26], [864.38, 2.99], [864.37, 7.18], [864.36, 3.83], [864.35, 3.17]], "asks": [[864.55, 88.83], [864.56, 1.02], [864.57, 2.26], [864.58, 28.83], [864.59, 21.52], [864.6, 1.53], [864.61, 0.14], [864.62, 20.94], [864.63, 17.57], [864.64, 1.04], [864.65, 4.28], [864.66, 17.58], [864.67, 13.69], [864.68, 53.9], [864.69, 7.68], [864.7, 12.52], [864.71, 17.19], [864.72, 22.78], [864.73, 9.5], [864.74, 3.49]], "timestamp": "2025-12-17T06:29:08.337841+00:00"}, {"symbol": "BNBUSDT", "bids": [[864.39, 22.05], [864.38, 0.11], [864.37, 0.07], [864.36, 0.74], [864.35, 2.31], [864.34, 0.03], [864.33, 1.45], [864.32, 11.47], [864.31, 2.47], [864.3, 0.26], [864.29, 9.65], [864.28, 7.55], [864.27, 4.69], [864.26, 10.03], [864.25, 8.06], [864.24, 13.89], [864.23, 7.79], [864.22, 7.8], [864.21, 7.8], [864.2, 3.33]], "asks": [[864.4, 27.12], [864.41, 0.01], [864.42, 1.59], [864.43, 0.05], [864.44, 2.25], [864.45, 6.42], [864.46, 2.09], [864.47, 7.63], [864.48, 15.95], [864.49, 11.01], [864.5, 56.43], [864.51, 0.66], [864.52, 13.6], [864.53, 3.57], [864.54, 11.43], [864.55, 6.44], [864.56, 7.23], [864.57, 21.72], [864.58, 24.16], [864.59, 5.04]], "timestamp": "2025-12-17T06:29:59.863285+00:00"}, {"symbol": "BNBUSDT", "bids": [[864.84, 9.97], [864.83, 0.05], [864.82, 0.02], [864.81, 0.01], [864.8, 0.05], [864.79, 0.02], [864.78, 2.32], [864.77, 1.32], [864.76, 1.55], [864.75, 6.12], [864.74, 0.56], [864.73, 1.06], [864.72, 1.97], [864.71, 0.02], [864.7, 2.12], [864.69, 3.08], [864.68, 13.86], [864.67, 2.84], [864.66, 0.83], [864.65, 5.02]], "asks": [[864.85, 47.68], [864.86, 4.27], [864.87, 4.26], [864.88, 4.45], [864.89, 14.34], [864.9, 10.01], [864.91, 12.02], [864.92, 21.8], [864.93, 10.36], [864.94, 23.05], [864.95, 12.75], [864.96, 8.92], [864.97, 20.92], [864.98, 19.98], [864.99, 11.0], [865.0, 49.7], [865.01, 5.25], [865.02, 11.63], [865.03, 9.8], [865.04, 21.91]], "timestamp": "2025-12-17T06:30:51.693468+00:00"}, {"symbol": "BNBUSDT", "bids": [[866.78, 74.65], [866.77, 86.61], [866.76, 0.01], [866.74, 2.45], [866.73, 7.87], [866.72, 1.57], [866.71, 0.02], [866.7, 8.04], [866.69, 10.62], [866.67, 21.0], [866.66, 0.03], [866.64, 12.77], [866.63, 5.68], [866.62, 2.56], [866.61, 9.83], [866.6, 54.06], [866.59, 3.48], [866.58, 0.01], [866.56, 27.21], [866.55, 6.89]], "asks": [[866.79, 20.66], [866.8, 73.53], [866.81, 129.87], [866.82, 104.91], [866.83, 0.06], [866.84, 0.01], [866.85, 1.31], [866.86, 1.15], [866.88, 4.66], [866.89, 0.01], [866.9, 11.53], [866.91, 1.58], [866.92, 2.74], [866.93, 0.07], [866.94, 6.91], [866.95, 32.8], [866.96, 0.06], [866.97, 0.57], [866.98, 15.32], [866.99, 6.31]], "timestamp": "2025-12-17T06:31:42.967432+00:00"}, {"symbol": "BNBUSDT", "bids": [[867.96, 9.85], [867.92, 0.44], [867.91, 4.4], [867.9, 14.56], [867.89, 46.58], [867.88, 13.13], [867.87, 9.34], [867.86, 6.22], [867.84, 4.32], [867.83, 12.5], [867.82, 3.86], [867.81, 0.95], [867.8, 0.02], [867.79, 1.71], [867.78, 9.18], [867.77, 0.03], [867.76, 8.85], [867.75, 2.3], [867.74, 0.02], [867.73, 7.27]], "asks": [[867.97, 35.93], [867.98, 2.42], [867.99, 4.3], [868.0, 65.59], [868.01, 0.05], [868.02, 0.04], [868.03, 2.24], [868.04, 46.14], [868.05, 8.28], [868.06, 1.41], [868.07, 0.24], [868.08, 3.4], [868.09, 0.14], [868.1, 1.26], [868.11, 1.08], [868.12, 3.7], [868.13, 2.24], [868.14, 0.27], [868.15, 0.65], [868.16, 0.62]], "timestamp": "2025-12-17T06:32:34.268767+00:00"}, {"symbol": "BNBUSDT", "bids": [[868.11, 43.88], [868.1, 0.07], [868.09, 0.13], [868.08, 3.72], [868.05, 0.28], [868.04, 21.08], [868.03, 8.81], [868.02, 19.01], [868.01, 23.24], [868.0, 14.44], [867.99, 2.82], [867.98, 32.84], [867.97, 49.7], [867.96, 3.49], [867.94, 6.86], [867.93, 3.52], [867.92, 20.14], [867.91, 10.11], [867.9, 6.03], [867.89, 13.12]], "asks": [[868.12, 11.37], [868.13, 0.02], [868.15, 5.21], [868.16, 0.01], [868.17, 0.01], [868.18, 1.22], [868.2, 2.31], [868.21, 7.64], [868.22, 2.67], [868.23, 0.02], [868.24, 0.03], [868.25, 0.03], [868.26, 0.3], [868.27, 0.02], [868.28, 4.22], [868.29, 13.59], [868.3, 1.48], [868.31, 2.66], [868.32, 8.11], [868.33, 12.96]], "timestamp": "2025-12-17T06:33:25.573916+00:00"}, {"symbol": "BNBUSDT", "bids": [[867.38, 80.62], [867.37, 24.24], [867.36, 17.3], [867.35, 13.2], [867.34, 9.79], [867.33, 16.19], [867.32, 38.56], [867.31, 25.96], [867.3, 47.79], [867.29, 41.27], [867.28, 8.12], [867.27, 4.65], [867.26, 1.0], [867.25, 3.47], [867.24, 16.64], [867.23, 1.93], [867.22, 7.14], [867.2, 22.14], [867.19, 25.88], [867.18, 1.59]], "asks": [[867.39, 1.81], [867.4, 0.02], [867.42, 0.01], [867.43, 3.2], [867.44, 4.79], [867.45, 0.02], [867.46, 1.97], [867.47, 5.2], [867.48, 0.03], [867.49, 1.27], [867.5, 3.9], [867.51, 12.87], [867.52, 0.02], [867.53, 4.47], [867.54, 0.01], [867.55, 2.7], [867.56, 2.34], [867.57, 0.6], [867.58, 1.23], [867.59, 1.17]], "timestamp": "2025-12-17T06:34:17.126098+00:00"}, {"symbol": "BNBUSDT", "bids": [[866.84, 21.55], [866.83, 2.3], [866.82, 6.95], [866.81, 2.64], [866.8, 5.48], [866.79, 1.99], [866.78, 3.11], [866.77, 8.45], [866.76, 0.03], [866.75, 4.02], [866.74, 12.06], [866.73, 65.18], [866.72, 4.59], [866.71, 2.2], [866.7, 5.38], [866.69, 10.2], [866.68, 39.81], [866.67, 11.6], [866.66, 5.35], [866.65, 1.02]], "asks": [[866.85, 62.88], [866.86, 0.01], [866.88, 0.01], [866.89, 5.19], [866.92, 0.01], [866.93, 13.45], [866.94, 7.23], [866.95, 0.02], [866.96, 1.01], [866.97, 2.61], [866.98, 2.75], [866.99, 0.22], [867.0, 9.08], [867.01, 12.01], [867.02, 0.02], [867.04, 0.01], [867.05, 0.02], [867.06, 2.17], [867.07, 0.05], [867.08, 12.57]], "timestamp": "2025-12-17T06:35:09.745290+00:00"}, {"symbol": "BNBUSDT", "bids": [[866.67, 5.22], [866.66, 0.03], [866.64, 0.01], [866.63, 1.16], [866.62, 4.22], [866.61, 0.07], [866.6, 6.89], [866.59, 3.28], [866.58, 7.04], [866.57, 0.24], [866.56, 18.31], [866.55, 3.42], [866.54, 0.78], [866.53, 0.49], [866.52, 8.27], [866.51, 14.63], [866.5, 19.12], [866.49, 57.85], [866.48, 22.12], [866.47, 0.19]], "asks": [[866.68, 70.03], [866.69, 0.13], [866.7, 0.1], [866.71, 5.46], [866.72, 0.02], [866.73, 2.41], [866.74, 9.41], [866.75, 0.26], [866.76, 2.71], [866.77, 2.52], [866.78, 4.39], [866.79, 0.22], [866.8, 1.58], [866.81, 2.87], [866.82, 9.25], [866.83, 3.27], [866.84, 8.01], [866.85, 11.74], [866.86, 0.03], [866.87, 1.88]], "timestamp": "2025-12-17T06:36:01.248123+00:00"}, {"symbol": "BNBUSDT", "bids": [[866.61, 0.09], [866.6, 0.03], [866.58, 0.02], [866.56, 3.43], [866.55, 0.03], [866.54, 2.92], [866.53, 0.48], [866.52, 3.46], [866.51, 2.85], [866.5, 13.83], [866.49, 4.55], [866.48, 2.81], [866.47, 2.22], [866.46, 11.63], [866.45, 2.81], [866.44, 18.39], [866.43, 3.88], [866.42, 58.52], [866.41, 0.54], [866.4, 20.87]], "asks": [[866.62, 53.42], [866.63, 12.65], [866.64, 17.21], [866.65, 0.94], [866.66, 6.34], [866.67, 6.66], [866.68, 22.4], [866.69, 19.46], [866.7, 13.01], [866.71, 11.18], [866.72, 12.02], [866.73, 0.01], [866.74, 3.19], [866.75, 5.03], [866.76, 1.38], [866.77, 5.02], [866.78, 2.36], [866.79, 3.99], [866.8, 1.45], [866.81, 3.49]], "timestamp": "2025-12-17T06:36:52.582557+00:00"}, {"symbol": "BNBUSDT", "bids": [[866.5, 23.33], [866.49, 3.86], [866.48, 14.72], [866.47, 0.19], [866.46, 0.03], [866.45, 5.22], [866.44, 5.53], [866.43, 6.1], [866.42, 20.8], [866.41, 5.33], [866.4, 11.75], [866.39, 5.87], [866.38, 8.17], [866.37, 0.43], [866.35, 2.25], [866.34, 4.31], [866.32, 16.71], [866.31, 18.44], [866.3, 17.13], [866.29, 14.23]], "asks": [[866.51, 25.57], [866.52, 0.14], [866.54, 12.62], [866.56, 3.61], [866.57, 0.02], [866.58, 16.33], [866.59, 58.87], [866.6, 8.59], [866.61, 2.35], [866.62, 0.04], [866.63, 0.26], [866.64, 1.63], [866.65, 2.96], [866.66, 8.59], [866.68, 0.03], [866.69, 4.57], [866.7, 0.15], [866.71, 17.82], [866.72, 44.72], [866.73, 16.25]], "timestamp": "2025-12-17T06:37:44.210390+00:00"}, {"symbol": "BNBUSDT", "bids": [[866.55, 8.43], [866.53, 0.03], [866.52, 1.58], [866.51, 1.31], [866.5, 6.37], [866.49, 2.2], [866.48, 0.05], [866.47, 2.59], [866.46, 12.28], [866.45, 4.56], [866.44, 1.18], [866.43, 4.63], [866.42, 10.74], [866.41, 7.69], [866.4, 0.53], [866.39, 21.87], [866.38, 14.51], [866.37, 9.12], [866.36, 57.69], [866.35, 0.64]], "asks": [[866.56, 49.08], [866.57, 0.01], [866.58, 5.75], [866.6, 1.64], [866.61, 0.02], [866.62, 0.02], [866.63, 8.09], [866.64, 7.04], [866.65, 4.73], [866.66, 15.32], [866.67, 8.71], [866.68, 5.33], [866.69, 4.67], [866.7, 8.39], [866.71, 0.01], [866.72, 20.8], [866.73, 28.57], [866.74, 6.55], [866.75, 0.03], [866.76, 43.21]], "timestamp": "2025-12-17T06:38:35.629582+00:00"}, {"symbol": "BNBUSDT", "bids": [[865.92, 0.89], [865.91, 0.1], [865.9, 0.39], [865.89, 0.02], [865.88, 0.05], [865.87, 2.47], [865.86, 2.31], [865.85, 0.45], [865.84, 13.7], [865.83, 57.71], [865.82, 0.01], [865.81, 0.06], [865.8, 2.3], [865.79, 2.27], [865.78, 2.64], [865.77, 0.2], [865.76, 5.73], [865.75, 3.49], [865.74, 11.42], [865.73, 4.72]], "asks": [[865.93, 56.62], [865.94, 0.01], [865.95, 6.69], [865.96, 13.7], [865.97, 26.33], [865.98, 15.22], [865.99, 30.26], [866.0, 21.46], [866.01, 13.27], [866.02, 11.2], [866.03, 3.74], [866.04, 13.54], [866.05, 12.19], [866.06, 0.18], [866.07, 2.19], [866.08, 2.28], [866.09, 0.16], [866.1, 0.64], [866.11, 5.51], [866.12, 8.27]], "timestamp": "2025-12-17T06:39:27.069253+00:00"}, {"symbol": "BNBUSDT", "bids": [[865.65, 35.39], [865.64, 1.59], [865.63, 4.36], [865.62, 15.94], [865.61, 2.11], [865.6, 8.46], [865.59, 11.7], [865.58, 15.16], [865.57, 3.41], [865.56, 14.36], [865.55, 1.58], [865.54, 0.29], [865.53, 11.44], [865.52, 21.97], [865.51, 6.5], [865.5, 8.91], [865.49, 5.77], [865.48, 34.55], [865.47, 6.35], [865.46, 13.18]], "asks": [[865.66, 19.0], [865.67, 0.02], [865.68, 4.71], [865.69, 0.05], [865.7, 0.72], [865.71, 1.41], [865.72, 1.05], [865.73, 0.2], [865.74, 0.05], [865.75, 3.86], [865.76, 0.07], [865.77, 0.35], [865.78, 0.87], [865.79, 2.65], [865.8, 9.6], [865.81, 16.86], [865.82, 43.07], [865.83, 1.7], [865.84, 15.49], [865.85, 6.52]], "timestamp": "2025-12-17T06:40:18.798903+00:00"}, {"symbol": "BNBUSDT", "bids": [[865.25, 7.57], [865.24, 0.04], [865.22, 0.12], [865.21, 0.76], [865.2, 4.85], [865.19, 6.89], [865.17, 0.03], [865.16, 6.41], [865.15, 8.26], [865.14, 0.21], [865.13, 5.78], [865.12, 20.57], [865.11, 16.09], [865.1, 4.38], [865.09, 2.06], [865.08, 13.11], [865.07, 8.61], [865.06, 18.78], [865.05, 8.04], [865.04, 7.21]], "asks": [[865.26, 39.02], [865.27, 0.16], [865.28, 0.37], [865.29, 6.79], [865.3, 1.89], [865.31, 0.93], [865.32, 0.17], [865.33, 11.22], [865.34, 12.87], [865.35, 8.94], [865.36, 16.01], [865.37, 4.9], [865.38, 7.09], [865.39, 1.11], [865.4, 12.62], [865.41, 8.6], [865.42, 27.06], [865.43, 2.62], [865.44, 49.26], [865.45, 2.02]], "timestamp": "2025-12-17T06:41:10.299467+00:00"}, {"symbol": "BNBUSDT", "bids": [[865.4, 3.28], [865.39, 0.02], [865.38, 0.01], [865.37, 0.02], [865.36, 3.1], [865.35, 0.04], [865.34, 1.45], [865.33, 5.47], [865.32, 2.33], [865.31, 1.74], [865.3, 10.34], [865.29, 1.05], [865.28, 0.05], [865.27, 1.4], [865.26, 5.44], [865.25, 3.71], [865.24, 2.82], [865.23, 3.22], [865.22, 2.19], [865.21, 12.71]], "asks": [[865.41, 36.74], [865.42, 10.15], [865.43, 1.57], [865.44, 6.75], [865.45, 5.31], [865.46, 0.01], [865.47, 2.55], [865.48, 21.03], [865.49, 11.03], [865.5, 12.05], [865.51, 9.25], [865.52, 0.92], [865.53, 8.33], [865.54, 11.71], [865.55, 14.66], [865.56, 31.25], [865.57, 15.03], [865.58, 2.07], [865.59, 9.84], [865.6, 9.38]], "timestamp": "2025-12-17T06:42:02.203916+00:00"}, {"symbol": "BNBUSDT", "bids": [[865.11, 23.16], [865.1, 0.01], [865.08, 0.03], [865.07, 1.48], [865.06, 3.65], [865.05, 0.04], [865.04, 5.84], [865.03, 1.86], [865.02, 0.04], [865.01, 0.45], [865.0, 5.44], [864.99, 5.06], [864.98, 0.46], [864.97, 24.49], [864.96, 4.09], [864.95, 7.62], [864.94, 14.34], [864.93, 3.46], [864.92, 9.92], [864.91, 9.2]], "asks": [[865.12, 32.23], [865.13, 4.82], [865.14, 25.66], [865.15, 0.46], [865.16, 0.01], [865.17, 14.04], [865.18, 21.41], [865.19, 23.11], [865.2, 32.71], [865.21, 25.73], [865.22, 14.72], [865.23, 9.33], [865.24, 14.61], [865.25, 4.32], [865.26, 2.2], [865.27, 0.18], [865.28, 11.58], [865.29, 0.62], [865.3, 1.78], [865.31, 3.33]], "timestamp": "2025-12-17T06:42:53.540349+00:00"}, {"symbol": "BNBUSDT", "bids": [[865.63, 30.23], [865.62, 6.53], [865.61, 20.48], [865.6, 14.53], [865.59, 14.5], [865.58, 20.61], [865.57, 17.53], [865.56, 14.38], [865.55, 20.89], [865.54, 21.41], [865.53, 15.51], [865.52, 6.99], [865.51, 18.79], [865.5, 1.83], [865.49, 0.03], [865.48, 1.39], [865.47, 0.04], [865.45, 2.19], [865.44, 6.38], [865.43, 0.04]], "asks": [[865.64, 21.89], [865.65, 0.02], [865.66, 0.21], [865.68, 0.2], [865.69, 1.35], [865.7, 4.64], [865.71, 11.8], [865.72, 6.58], [865.73, 0.36], [865.74, 21.11], [865.75, 3.54], [865.76, 10.13], [865.77, 2.38], [865.78, 21.1], [865.79, 0.58], [865.8, 17.31], [865.81, 9.22], [865.82, 53.62], [865.83, 13.87], [865.84, 3.04]], "timestamp": "2025-12-17T06:43:45.221785+00:00"}, {"symbol": "BNBUSDT", "bids": [[865.62, 5.99], [865.61, 0.19], [865.6, 0.03], [865.59, 0.02], [865.58, 0.39], [865.57, 2.21], [865.56, 1.2], [865.55, 1.38], [865.54, 0.04], [865.53, 0.7], [865.52, 7.96], [865.51, 4.17], [865.5, 1.71], [865.49, 6.89], [865.48, 25.21], [865.47, 6.36], [865.45, 11.69], [865.44, 12.5], [865.43, 7.04], [865.42, 16.83]], "asks": [[865.63, 53.7], [865.64, 30.34], [865.65, 7.84], [865.66, 13.54], [865.67, 0.18], [865.68, 0.02], [865.69, 2.58], [865.7, 2.41], [865.71, 5.32], [865.72, 7.72], [865.73, 1.39], [865.74, 7.07], [865.75, 2.76], [865.76, 20.42], [865.77, 8.43], [865.78, 14.86], [865.79, 1.19], [865.8, 25.36], [865.81, 0.01], [865.82, 43.63]], "timestamp": "2025-12-17T06:44:36.890032+00:00"}, {"symbol": "BNBUSDT", "bids": [[865.88, 22.94], [865.87, 0.02], [865.86, 0.08], [865.85, 0.18], [865.84, 2.8], [865.83, 3.62], [865.82, 7.54], [865.81, 16.42], [865.8, 0.06], [865.79, 4.94], [865.78, 16.51], [865.77, 0.58], [865.76, 5.35], [865.75, 6.65], [865.74, 15.65], [865.73, 4.25], [865.72, 16.52], [865.71, 18.32], [865.7, 1.87], [865.69, 28.53]], "asks": [[865.89, 0.95], [865.9, 0.02], [865.92, 0.42], [865.93, 0.72], [865.94, 0.1], [865.95, 0.03], [865.96, 4.37], [865.97, 0.02], [865.98, 0.18], [865.99, 1.99], [866.0, 2.49], [866.01, 42.83], [866.02, 2.67], [866.03, 2.37], [866.04, 17.94], [866.05, 6.39], [866.06, 6.15], [866.07, 25.84], [866.08, 0.53], [866.09, 6.7]], "timestamp": "2025-12-17T06:45:28.427217+00:00"}, {"symbol": "BNBUSDT", "bids": [[866.11, 22.96], [866.1, 0.07], [866.08, 2.85], [866.06, 2.74], [866.05, 4.6], [866.04, 17.25], [866.03, 13.28], [866.02, 17.39], [866.01, 2.09], [866.0, 4.97], [865.99, 4.18], [865.98, 0.15], [865.97, 8.79], [865.96, 14.43], [865.95, 7.81], [865.94, 7.79], [865.93, 4.04], [865.92, 4.49], [865.91, 13.74], [865.9, 7.11]], "asks": [[866.12, 22.19], [866.13, 0.02], [866.14, 6.11], [866.16, 1.06], [866.17, 0.03], [866.18, 2.09], [866.19, 5.52], [866.2, 2.33], [866.21, 0.73], [866.22, 3.39], [866.23, 1.03], [866.24, 4.69], [866.25, 10.05], [866.26, 2.38], [866.27, 4.12], [866.28, 10.59], [866.29, 2.26], [866.3, 14.57], [866.31, 0.1], [866.32, 9.58]], "timestamp": "2025-12-17T06:46:20.296878+00:00"}, {"symbol": "BNBUSDT", "bids": [[866.5, 26.3], [866.49, 18.62], [866.48, 11.68], [866.47, 8.87], [866.46, 10.57], [866.45, 10.14], [866.44, 24.14], [866.43, 15.37], [866.42, 15.63], [866.41, 14.99], [866.4, 14.81], [866.39, 15.3], [866.38, 6.35], [866.37, 0.15], [866.36, 3.29], [866.35, 2.22], [866.34, 9.6], [866.33, 4.55], [866.32, 3.3], [866.31, 11.82]], "asks": [[866.51, 15.11], [866.52, 0.25], [866.53, 5.32], [866.54, 11.67], [866.55, 0.04], [866.56, 4.53], [866.57, 0.81], [866.58, 11.68], [866.59, 1.97], [866.6, 2.27], [866.61, 14.01], [866.62, 1.49], [866.63, 2.31], [866.64, 2.48], [866.65, 18.08], [866.66, 0.48], [866.67, 7.08], [866.68, 18.94], [866.69, 7.56], [866.7, 7.86]], "timestamp": "2025-12-17T06:47:11.678607+00:00"}, {"symbol": "BNBUSDT", "bids": [[865.85, 12.38], [865.84, 0.06], [865.8, 9.56], [865.79, 7.14], [865.78, 13.02], [865.77, 8.13], [865.76, 1.25], [865.75, 5.73], [865.74, 0.15], [865.73, 0.14], [865.72, 3.53], [865.71, 1.92], [865.69, 6.83], [865.68, 3.34], [865.67, 2.18], [865.66, 0.02], [865.65, 4.33], [865.64, 16.24], [865.63, 12.32], [865.62, 3.27]], "asks": [[865.86, 19.87], [865.87, 0.23], [865.88, 6.28], [865.89, 13.64], [865.9, 0.39], [865.91, 10.86], [865.92, 1.43], [865.93, 21.94], [865.94, 0.03], [865.95, 16.15], [865.96, 24.29], [865.97, 12.63], [865.98, 40.92], [865.99, 4.57], [866.0, 20.56], [866.01, 11.56], [866.02, 0.03], [866.03, 7.89], [866.04, 23.58], [866.05, 17.93]], "timestamp": "2025-12-17T06:48:03.127087+00:00"}, {"symbol": "BNBUSDT", "bids": [[865.83, 23.43], [865.82, 2.78], [865.81, 5.6], [865.8, 21.16], [865.79, 2.47], [865.78, 2.21], [865.77, 0.01], [865.76, 20.65], [865.75, 12.03], [865.74, 13.59], [865.73, 9.77], [865.72, 0.45], [865.71, 1.1], [865.7, 2.7], [865.69, 18.16], [865.68, 0.04], [865.67, 7.5], [865.66, 9.38], [865.65, 8.21], [865.64, 10.12]], "asks": [[865.84, 12.16], [865.85, 0.01], [865.87, 8.23], [865.88, 0.05], [865.89, 2.23], [865.9, 1.07], [865.91, 9.66], [865.92, 6.61], [865.93, 10.82], [865.94, 52.73], [865.95, 3.82], [865.96, 1.49], [865.97, 3.84], [865.98, 2.27], [865.99, 1.06], [866.0, 6.47], [866.01, 11.63], [866.02, 4.19], [866.03, 23.13], [866.04, 12.39]], "timestamp": "2025-12-17T06:48:54.540651+00:00"}, {"symbol": "BNBUSDT", "bids": [[865.99, 27.36], [865.98, 0.01], [865.97, 1.57], [865.96, 16.77], [865.95, 0.1], [865.94, 14.08], [865.93, 14.79], [865.92, 7.29], [865.91, 10.0], [865.9, 0.18], [865.89, 7.51], [865.88, 3.99], [865.87, 2.22], [865.86, 8.5], [865.85, 0.09], [865.84, 0.09], [865.83, 0.04], [865.82, 1.39], [865.81, 9.3], [865.8, 3.78]], "asks": [[866.0, 15.75], [866.01, 0.8], [866.02, 0.03], [866.03, 0.02], [866.04, 0.02], [866.05, 5.76], [866.06, 0.39], [866.07, 37.68], [866.08, 4.13], [866.09, 9.97], [866.1, 18.36], [866.11, 17.85], [866.12, 13.35], [866.13, 8.12], [866.14, 11.69], [866.15, 4.1], [866.16, 66.11], [866.17, 14.88], [866.18, 1.73], [866.19, 5.08]], "timestamp": "2025-12-17T06:49:45.888166+00:00"}, {"symbol": "BNBUSDT", "bids": [[866.02, 9.75], [866.01, 0.02], [866.0, 0.02], [865.98, 0.02], [865.96, 2.77], [865.95, 0.01], [865.94, 2.87], [865.93, 0.63], [865.92, 2.0], [865.91, 1.5], [865.9, 4.55], [865.89, 0.02], [865.88, 8.5], [865.87, 2.53], [865.86, 11.3], [865.85, 2.58], [865.84, 5.41], [865.83, 3.22], [865.82, 5.91], [865.81, 4.39]], "asks": [[866.03, 50.15], [866.04, 0.24], [866.05, 0.54], [866.06, 13.82], [866.07, 9.98], [866.08, 7.1], [866.09, 23.03], [866.1, 23.1], [866.11, 19.33], [866.12, 34.39], [866.13, 3.73], [866.15, 1.0], [866.16, 11.37], [866.17, 5.16], [866.18, 10.96], [866.19, 0.02], [866.2, 4.56], [866.21, 13.86], [866.22, 0.01], [866.23, 4.04]], "timestamp": "2025-12-17T06:50:37.868574+00:00"}, {"symbol": "BNBUSDT", "bids": [[866.17, 43.38], [866.16, 0.03], [866.15, 0.01], [866.13, 2.91], [866.12, 15.64], [866.11, 15.9], [866.1, 22.99], [866.09, 30.07], [866.08, 24.17], [866.07, 15.27], [866.06, 13.64], [866.05, 0.41], [866.04, 0.03], [866.03, 2.29], [866.02, 5.7], [866.01, 0.01], [866.0, 26.52], [865.99, 8.47], [865.98, 0.03], [865.97, 8.55]], "asks": [[866.18, 22.22], [866.19, 0.34], [866.2, 0.04], [866.21, 0.06], [866.22, 0.14], [866.23, 0.01], [866.24, 0.46], [866.25, 28.0], [866.26, 1.57], [866.27, 8.05], [866.28, 34.6], [866.29, 0.74], [866.3, 9.43], [866.31, 1.36], [866.32, 38.42], [866.33, 48.96], [866.34, 11.75], [866.35, 17.13], [866.36, 17.81], [866.37, 2.31]], "timestamp": "2025-12-17T06:51:29.446198+00:00"}, {"symbol": "BNBUSDT", "bids": [[866.32, 34.87], [866.31, 0.27], [866.29, 0.02], [866.28, 0.02], [866.27, 2.13], [866.26, 0.59], [866.25, 2.77], [866.24, 3.44], [866.23, 3.65], [866.22, 12.65], [866.21, 2.7], [866.2, 11.28], [866.19, 6.46], [866.18, 20.46], [866.17, 14.69], [866.16, 0.8], [866.15, 22.62], [866.14, 5.54], [866.13, 6.55], [866.12, 47.06]], "asks": [[866.33, 22.87], [866.34, 0.01], [866.35, 7.77], [866.36, 4.92], [866.37, 10.73], [866.38, 0.01], [866.39, 5.81], [866.4, 0.03], [866.42, 9.01], [866.43, 5.8], [866.44, 2.37], [866.45, 0.54], [866.46, 0.16], [866.47, 14.84], [866.48, 2.92], [866.49, 11.75], [866.5, 13.07], [866.51, 4.54], [866.52, 24.03], [866.53, 11.97]], "timestamp": "2025-12-17T06:52:20.922677+00:00"}, {"symbol": "BNBUSDT", "bids": [[866.39, 19.21], [866.38, 0.13], [866.37, 6.34], [866.36, 0.15], [866.35, 0.78], [866.34, 3.87], [866.33, 2.31], [866.32, 11.15], [866.31, 4.8], [866.3, 3.42], [866.29, 11.09], [866.28, 3.9], [866.27, 1.01], [866.26, 6.26], [866.25, 25.59], [866.24, 11.24], [866.23, 3.48], [866.22, 18.06], [866.21, 6.45], [866.2, 44.46]], "asks": [[866.4, 18.02], [866.41, 0.03], [866.44, 4.73], [866.45, 24.96], [866.46, 2.23], [866.47, 4.61], [866.48, 23.76], [866.49, 24.22], [866.5, 7.05], [866.51, 12.15], [866.52, 4.59], [866.53, 13.35], [866.54, 16.59], [866.55, 13.86], [866.56, 3.5], [866.57, 13.58], [866.58, 4.65], [866.6, 41.42], [866.61, 7.8], [866.62, 7.82]], "timestamp": "2025-12-17T06:53:12.382245+00:00"}, {"symbol": "BNBUSDT", "bids": [[866.29, 13.49], [866.28, 0.05], [866.26, 0.35], [866.25, 0.04], [866.24, 2.23], [866.23, 0.76], [866.22, 0.39], [866.2, 4.86], [866.19, 0.44], [866.18, 2.88], [866.17, 2.39], [866.16, 8.46], [866.15, 25.88], [866.14, 0.71], [866.13, 8.12], [866.12, 46.24], [866.11, 4.7], [866.1, 9.71], [866.09, 12.92], [866.08, 8.94]], "asks": [[866.3, 30.32], [866.31, 9.14], [866.32, 25.33], [866.33, 21.82], [866.34, 0.67], [866.35, 27.38], [866.36, 5.69], [866.37, 19.03], [866.38, 25.85], [866.39, 12.44], [866.4, 11.18], [866.41, 2.4], [866.42, 6.73], [866.43, 16.7], [866.44, 10.95], [866.45, 0.02], [866.46, 3.22], [866.47, 0.05], [866.48, 10.34], [866.5, 13.68]], "timestamp": "2025-12-17T06:54:03.720132+00:00"}, {"symbol": "BNBUSDT", "bids": [[866.59, 83.26], [866.58, 7.96], [866.57, 8.75], [866.56, 10.95], [866.55, 5.56], [866.54, 17.22], [866.53, 39.66], [866.52, 36.78], [866.51, 21.12], [866.5, 13.34], [866.48, 5.87], [866.47, 3.27], [866.46, 0.02], [866.45, 0.3], [866.44, 15.97], [866.43, 2.38], [866.42, 2.4], [866.4, 1.4], [866.39, 2.25], [866.38, 0.59]], "asks": [[866.6, 10.26], [866.61, 0.02], [866.62, 0.31], [866.64, 0.1], [866.65, 5.43], [866.66, 2.9], [866.67, 1.58], [866.68, 1.79], [866.69, 0.28], [866.7, 10.06], [866.71, 0.02], [866.72, 3.18], [866.73, 4.28], [866.74, 6.8], [866.75, 7.73], [866.76, 0.79], [866.77, 9.51], [866.78, 19.59], [866.79, 1.17], [866.8, 12.17]], "timestamp": "2025-12-17T06:54:55.174923+00:00"}, {"symbol": "BNBUSDT", "bids": [[866.25, 9.84], [866.24, 0.05], [866.23, 0.02], [866.22, 0.41], [866.2, 3.88], [866.19, 4.53], [866.18, 15.94], [866.17, 1.61], [866.16, 4.68], [866.15, 21.36], [866.14, 4.69], [866.13, 0.59], [866.12, 6.85], [866.11, 11.61], [866.1, 10.43], [866.09, 4.6], [866.08, 20.52], [866.07, 8.99], [866.06, 10.26], [866.05, 6.79]], "asks": [[866.26, 24.03], [866.27, 0.02], [866.28, 0.04], [866.29, 1.86], [866.3, 3.6], [866.31, 9.63], [866.32, 1.42], [866.33, 13.47], [866.34, 22.72], [866.35, 0.29], [866.36, 22.3], [866.37, 2.26], [866.38, 5.07], [866.39, 4.1], [866.4, 8.55], [866.41, 13.52], [866.42, 1.15], [866.43, 7.18], [866.44, 9.56], [866.45, 20.09]], "timestamp": "2025-12-17T06:55:47.466016+00:00"}, {"symbol": "BNBUSDT", "bids": [[866.51, 20.94], [866.5, 6.63], [866.49, 10.67], [866.48, 16.15], [866.47, 13.44], [866.46, 10.36], [866.45, 23.44], [866.44, 0.04], [866.43, 2.47], [866.42, 0.21], [866.41, 2.32], [866.4, 4.78], [866.39, 4.68], [866.38, 1.87], [866.37, 11.74], [866.36, 4.31], [866.35, 9.79], [866.34, 4.24], [866.33, 5.01], [866.32, 20.45]], "asks": [[866.52, 22.71], [866.53, 0.01], [866.55, 0.01], [866.56, 2.41], [866.57, 4.46], [866.58, 2.62], [866.59, 0.25], [866.6, 0.05], [866.61, 3.88], [866.62, 11.25], [866.63, 2.88], [866.64, 2.62], [866.65, 5.69], [866.66, 17.65], [866.67, 5.66], [866.68, 6.7], [866.69, 21.24], [866.7, 8.42], [866.71, 5.29], [866.72, 12.76]], "timestamp": "2025-12-17T06:56:38.900972+00:00"}, {"symbol": "BNBUSDT", "bids": [[866.08, 32.9], [866.07, 0.57], [866.06, 1.71], [866.05, 6.08], [866.04, 12.66], [866.03, 14.8], [866.02, 8.99], [866.01, 12.62], [866.0, 20.21], [865.99, 0.36], [865.98, 7.93], [865.97, 3.92], [865.96, 4.36], [865.95, 6.39], [865.94, 0.21], [865.93, 0.81], [865.92, 2.75], [865.91, 3.98], [865.9, 6.61], [865.89, 0.59]], "asks": [[866.09, 0.88], [866.1, 0.03], [866.11, 0.42], [866.12, 0.03], [866.13, 0.13], [866.14, 0.04], [866.15, 4.21], [866.16, 2.42], [866.17, 0.01], [866.18, 2.63], [866.19, 2.46], [866.2, 8.68], [866.21, 21.24], [866.22, 0.73], [866.23, 3.74], [866.24, 6.3], [866.25, 4.31], [866.26, 1.95], [866.27, 6.05], [866.28, 12.71]], "timestamp": "2025-12-17T06:57:30.465517+00:00"}, {"symbol": "BNBUSDT", "bids": [[866.22, 24.36], [866.21, 1.81], [866.2, 0.01], [866.18, 7.15], [866.16, 8.51], [866.15, 9.0], [866.14, 6.16], [866.13, 0.02], [866.12, 12.52], [866.11, 0.25], [866.1, 6.91], [866.09, 6.44], [866.08, 22.4], [866.07, 2.14], [866.06, 9.03], [866.05, 1.26], [866.04, 5.66], [866.03, 9.01], [866.02, 21.1], [866.01, 5.32]], "asks": [[866.23, 22.53], [866.24, 0.04], [866.25, 4.53], [866.26, 0.02], [866.27, 0.01], [866.28, 2.23], [866.29, 4.0], [866.3, 6.93], [866.31, 7.23], [866.32, 6.51], [866.33, 5.65], [866.34, 8.6], [866.35, 4.58], [866.36, 10.61], [866.37, 7.41], [866.38, 0.03], [866.39, 4.97], [866.4, 24.76], [866.41, 29.46], [866.42, 5.58]], "timestamp": "2025-12-17T06:58:21.789576+00:00"}, {"symbol": "BNBUSDT", "bids": [[866.14, 10.43], [866.13, 0.01], [866.11, 5.3], [866.1, 7.01], [866.09, 17.53], [866.08, 11.41], [866.07, 12.66], [866.06, 17.89], [866.05, 20.12], [866.04, 0.02], [866.03, 0.01], [866.02, 2.83], [866.01, 0.01], [866.0, 0.03], [865.99, 1.41], [865.98, 0.26], [865.97, 2.79], [865.96, 2.53], [865.95, 1.88], [865.94, 3.68]], "asks": [[866.15, 34.14], [866.16, 0.03], [866.17, 0.01], [866.18, 1.88], [866.19, 0.03], [866.2, 1.27], [866.21, 4.85], [866.22, 19.47], [866.23, 5.6], [866.24, 6.13], [866.25, 15.72], [866.26, 14.16], [866.27, 12.1], [866.28, 10.76], [866.29, 8.26], [866.3, 9.27], [866.31, 2.37], [866.32, 27.54], [866.33, 3.01], [866.34, 17.81]], "timestamp": "2025-12-17T06:59:13.399491+00:00"}, {"symbol": "BNBUSDT", "bids": [[866.31, 12.49], [866.29, 0.03], [866.27, 0.01], [866.26, 0.02], [866.25, 3.86], [866.24, 1.74], [866.23, 3.33], [866.22, 0.01], [866.21, 3.53], [866.2, 2.71], [866.19, 4.61], [866.18, 2.89], [866.17, 1.74], [866.16, 16.93], [866.15, 8.86], [866.14, 3.45], [866.13, 2.6], [866.12, 19.61], [866.11, 3.41], [866.1, 9.23]], "asks": [[866.32, 43.93], [866.33, 4.89], [866.34, 1.27], [866.35, 15.33], [866.36, 0.16], [866.37, 16.72], [866.38, 20.67], [866.39, 11.78], [866.4, 14.43], [866.41, 13.64], [866.42, 4.34], [866.43, 17.44], [866.44, 10.32], [866.45, 3.52], [866.46, 8.72], [866.47, 0.04], [866.48, 0.01], [866.49, 1.14], [866.5, 6.48], [866.51, 8.34]], "timestamp": "2025-12-17T07:00:05.043541+00:00"}, {"symbol": "BNBUSDT", "bids": [[866.0, 3.52], [865.98, 5.19], [865.97, 0.06], [865.96, 1.16], [865.95, 2.16], [865.93, 0.02], [865.92, 9.45], [865.91, 11.09], [865.9, 6.93], [865.89, 7.8], [865.88, 0.3], [865.87, 3.91], [865.86, 6.18], [865.85, 1.86], [865.84, 17.22], [865.83, 1.24], [865.82, 14.01], [865.81, 16.66], [865.8, 48.17], [865.79, 4.99]], "asks": [[866.01, 41.37], [866.02, 8.16], [866.03, 8.76], [866.04, 25.31], [866.05, 2.2], [866.06, 3.02], [866.07, 1.43], [866.08, 23.12], [866.09, 5.9], [866.1, 3.43], [866.11, 15.25], [866.12, 6.79], [866.13, 7.28], [866.14, 16.27], [866.15, 20.19], [866.16, 17.08], [866.17, 6.98], [866.18, 7.97], [866.19, 9.32], [866.2, 11.97]], "timestamp": "2025-12-17T07:00:56.412396+00:00"}, {"symbol": "BNBUSDT", "bids": [[866.24, 81.47], [866.23, 48.78], [866.22, 33.53], [866.21, 16.41], [866.2, 30.6], [866.19, 27.47], [866.18, 26.58], [866.17, 16.0], [866.16, 20.85], [866.15, 17.65], [866.14, 7.94], [866.13, 0.33], [866.12, 12.16], [866.11, 8.69], [866.1, 0.31], [866.09, 5.44], [866.08, 0.06], [866.07, 16.24], [866.06, 19.55], [866.05, 18.57]], "asks": [[866.25, 19.84], [866.26, 0.06], [866.27, 2.54], [866.28, 0.08], [866.29, 0.02], [866.31, 2.31], [866.32, 0.02], [866.34, 0.01], [866.36, 0.18], [866.37, 0.44], [866.38, 2.21], [866.39, 2.87], [866.4, 4.63], [866.41, 2.3], [866.42, 5.94], [866.43, 3.89], [866.44, 10.56], [866.45, 11.56], [866.46, 5.83], [866.47, 5.91]], "timestamp": "2025-12-17T07:01:48.145827+00:00"}, {"symbol": "BNBUSDT", "bids": [[866.11, 2.6], [866.1, 0.03], [866.09, 6.48], [866.08, 0.61], [866.07, 1.01], [866.06, 0.11], [866.05, 0.68], [866.04, 6.18], [866.03, 8.84], [866.02, 1.22], [866.01, 0.91], [866.0, 14.14], [865.99, 6.06], [865.98, 6.49], [865.97, 0.02], [865.96, 4.83], [865.95, 0.57], [865.94, 13.47], [865.93, 4.4], [865.92, 12.67]], "asks": [[866.12, 26.66], [866.13, 0.19], [866.14, 5.71], [866.15, 15.33], [866.16, 0.04], [866.17, 3.24], [866.18, 4.6], [866.19, 15.31], [866.2, 6.2], [866.21, 8.37], [866.22, 6.16], [866.23, 2.83], [866.24, 8.12], [866.25, 6.7], [866.26, 1.13], [866.27, 2.47], [866.28, 10.72], [866.29, 14.71], [866.3, 20.04], [866.31, 11.48]], "timestamp": "2025-12-17T07:02:39.564788+00:00"}, {"symbol": "BNBUSDT", "bids": [[866.65, 66.83], [866.64, 6.13], [866.63, 13.26], [866.62, 5.51], [866.61, 5.76], [866.6, 23.44], [866.59, 7.81], [866.58, 7.91], [866.57, 16.89], [866.56, 17.0], [866.55, 11.16], [866.54, 0.21], [866.53, 6.35], [866.52, 0.13], [866.51, 3.83], [866.5, 7.34], [866.49, 14.37], [866.48, 0.02], [866.47, 0.58], [866.46, 0.03]], "asks": [[866.66, 8.21], [866.67, 1.48], [866.68, 0.01], [866.69, 1.79], [866.7, 0.01], [866.71, 2.31], [866.72, 1.12], [866.73, 1.37], [866.74, 8.42], [866.75, 19.59], [866.76, 2.22], [866.77, 0.06], [866.78, 4.2], [866.79, 2.44], [866.8, 12.22], [866.81, 0.03], [866.82, 3.38], [866.83, 13.31], [866.84, 7.95], [866.85, 5.21]], "timestamp": "2025-12-17T07:03:31.162178+00:00"}, {"symbol": "BNBUSDT", "bids": [[866.92, 20.71], [866.91, 1.83], [866.9, 1.97], [866.89, 1.85], [866.88, 7.57], [866.87, 4.2], [866.86, 0.85], [866.85, 1.7], [866.84, 9.45], [866.83, 9.91], [866.82, 17.57], [866.81, 8.36], [866.8, 16.85], [866.79, 11.61], [866.78, 8.91], [866.77, 6.56], [866.76, 19.79], [866.75, 10.03], [866.74, 73.06], [866.73, 6.02]], "asks": [[866.93, 33.73], [866.94, 1.95], [866.95, 1.09], [866.96, 0.01], [866.97, 6.84], [866.98, 11.84], [866.99, 0.18], [867.0, 71.39], [867.01, 0.04], [867.02, 0.03], [867.03, 2.25], [867.04, 8.62], [867.05, 10.47], [867.06, 0.31], [867.07, 0.89], [867.08, 23.09], [867.09, 9.94], [867.1, 5.88], [867.11, 6.24], [867.12, 15.97]], "timestamp": "2025-12-17T07:04:22.691050+00:00"}, {"symbol": "BNBUSDT", "bids": [[866.65, 41.34], [866.64, 2.49], [866.63, 5.67], [866.62, 0.14], [866.61, 0.57], [866.6, 2.87], [866.59, 9.19], [866.58, 17.87], [866.57, 7.5], [866.56, 9.42], [866.55, 9.47], [866.54, 4.26], [866.53, 4.59], [866.52, 25.68], [866.51, 11.66], [866.5, 8.28], [866.49, 7.8], [866.48, 64.69], [866.47, 11.56], [866.46, 0.77]], "asks": [[866.66, 5.93], [866.67, 0.06], [866.68, 0.85], [866.69, 0.01], [866.7, 0.18], [866.71, 1.15], [866.72, 2.0], [866.73, 1.72], [866.74, 2.19], [866.75, 1.75], [866.76, 9.14], [866.77, 1.04], [866.78, 6.5], [866.79, 9.25], [866.8, 16.75], [866.81, 11.68], [866.82, 7.68], [866.83, 13.82], [866.84, 14.15], [866.85, 43.03]], "timestamp": "2025-12-17T07:05:14.308688+00:00"}, {"symbol": "BNBUSDT", "bids": [[866.75, 76.34], [866.74, 3.51], [866.73, 4.6], [866.72, 18.34], [866.71, 21.13], [866.7, 15.26], [866.69, 12.26], [866.68, 3.16], [866.67, 2.04], [866.66, 0.24], [866.65, 8.3], [866.64, 4.67], [866.63, 4.69], [866.62, 0.32], [866.61, 0.57], [866.6, 2.6], [866.59, 3.05], [866.58, 8.16], [866.57, 9.51], [866.56, 3.26]], "asks": [[866.76, 5.49], [866.79, 0.11], [866.8, 10.59], [866.81, 0.01], [866.82, 4.96], [866.83, 0.33], [866.84, 0.01], [866.85, 41.94], [866.86, 9.18], [866.87, 3.1], [866.88, 10.38], [866.89, 1.11], [866.9, 1.82], [866.91, 6.13], [866.92, 15.05], [866.93, 7.19], [866.94, 1.34], [866.95, 8.44], [866.96, 23.02], [866.97, 16.52]], "timestamp": "2025-12-17T07:06:05.903666+00:00"}, {"symbol": "BNBUSDT", "bids": [[867.24, 48.36], [867.23, 19.76], [867.22, 11.29], [867.21, 0.03], [867.2, 0.02], [867.19, 0.07], [867.18, 2.44], [867.17, 14.57], [867.16, 0.59], [867.15, 12.06], [867.14, 62.6], [867.13, 15.37], [867.12, 0.28], [867.11, 1.85], [867.1, 7.62], [867.09, 4.64], [867.08, 0.03], [867.07, 0.39], [867.06, 2.39], [867.05, 2.17]], "asks": [[867.25, 8.5], [867.26, 0.21], [867.27, 4.6], [867.28, 4.63], [867.29, 4.61], [867.3, 4.6], [867.31, 8.3], [867.32, 8.83], [867.33, 10.59], [867.34, 2.6], [867.35, 23.16], [867.36, 11.67], [867.37, 6.16], [867.38, 1.82], [867.39, 12.23], [867.4, 9.83], [867.41, 3.43], [867.42, 6.82], [867.44, 11.45], [867.45, 1.02]], "timestamp": "2025-12-17T07:06:57.277321+00:00"}, {"symbol": "BNBUSDT", "bids": [[867.18, 98.16], [867.17, 57.92], [867.16, 28.59], [867.15, 23.4], [867.14, 13.91], [867.13, 1.19], [867.12, 1.61], [867.1, 2.23], [867.09, 2.13], [867.08, 6.48], [867.07, 1.42], [867.06, 3.81], [867.05, 2.72], [867.04, 3.79], [867.03, 15.25], [867.02, 7.06], [867.01, 17.66], [867.0, 10.46], [866.99, 3.5], [866.98, 3.51]], "asks": [[867.19, 0.99], [867.2, 0.02], [867.21, 0.01], [867.23, 0.01], [867.24, 0.01], [867.25, 1.03], [867.26, 0.01], [867.27, 0.49], [867.28, 2.24], [867.29, 8.68], [867.3, 6.34], [867.31, 3.1], [867.32, 4.39], [867.33, 0.26], [867.34, 11.31], [867.35, 9.97], [867.36, 7.41], [867.37, 7.61], [867.38, 3.04], [867.39, 3.67]], "timestamp": "2025-12-17T07:07:48.712838+00:00"}, {"symbol": "BNBUSDT", "bids": [[866.98, 25.19], [866.97, 7.56], [866.96, 5.76], [866.95, 4.74], [866.94, 14.27], [866.93, 15.95], [866.92, 10.0], [866.91, 10.09], [866.9, 12.0], [866.89, 10.16], [866.88, 6.67], [866.87, 4.82], [866.86, 16.24], [866.85, 3.85], [866.84, 10.09], [866.83, 7.44], [866.82, 27.42], [866.81, 8.15], [866.8, 16.54], [866.79, 7.8]], "asks": [[866.99, 18.87], [867.0, 0.31], [867.01, 0.35], [867.02, 0.57], [867.03, 7.78], [867.04, 2.24], [867.05, 3.01], [867.06, 5.26], [867.07, 0.03], [867.08, 0.01], [867.09, 7.5], [867.1, 3.13], [867.11, 6.89], [867.12, 13.91], [867.13, 10.29], [867.14, 48.87], [867.15, 7.22], [867.16, 4.18], [867.17, 17.05], [867.18, 7.27]], "timestamp": "2025-12-17T07:08:41.214001+00:00"}, {"symbol": "BNBUSDT", "bids": [[866.91, 9.96], [866.9, 0.1], [866.89, 1.1], [866.88, 0.36], [866.87, 2.07], [866.86, 0.6], [866.85, 0.01], [866.84, 5.57], [866.83, 4.94], [866.82, 4.39], [866.81, 17.59], [866.8, 15.54], [866.79, 0.64], [866.78, 4.11], [866.77, 21.41], [866.76, 10.65], [866.75, 4.54], [866.74, 17.81], [866.73, 0.44], [866.72, 13.09]], "asks": [[866.92, 21.57], [866.93, 0.09], [866.94, 5.15], [866.95, 0.36], [866.96, 0.19], [866.97, 2.22], [866.99, 10.99], [867.0, 11.8], [867.01, 13.57], [867.02, 12.51], [867.03, 2.48], [867.04, 0.24], [867.05, 7.92], [867.06, 10.77], [867.07, 17.73], [867.08, 7.31], [867.09, 0.38], [867.1, 5.91], [867.11, 22.5], [867.12, 17.55]], "timestamp": "2025-12-17T07:09:33.158128+00:00"}, {"symbol": "BNBUSDT", "bids": [[866.54, 1.49], [866.53, 0.03], [866.52, 0.37], [866.51, 1.0], [866.5, 0.4], [866.49, 2.5], [866.48, 0.02], [866.47, 0.45], [866.46, 2.09], [866.45, 0.39], [866.44, 1.63], [866.43, 2.23], [866.42, 0.69], [866.41, 3.16], [866.4, 4.72], [866.39, 0.52], [866.38, 4.92], [866.37, 9.43], [866.36, 11.44], [866.35, 8.38]], "asks": [[866.55, 86.98], [866.56, 36.88], [866.57, 15.84], [866.58, 0.15], [866.59, 7.75], [866.6, 18.4], [866.61, 5.68], [866.62, 14.07], [866.63, 3.75], [866.64, 17.57], [866.65, 6.6], [866.66, 5.97], [866.67, 3.64], [866.68, 19.9], [866.69, 19.69], [866.7, 0.24], [866.71, 5.44], [866.72, 51.76], [866.73, 12.4], [866.74, 3.5]], "timestamp": "2025-12-17T07:10:24.994644+00:00"}, {"symbol": "BNBUSDT", "bids": [[866.23, 85.07], [866.22, 3.65], [866.21, 19.89], [866.2, 14.91], [866.19, 11.87], [866.18, 11.2], [866.17, 18.99], [866.16, 25.54], [866.15, 11.43], [866.14, 8.88], [866.13, 5.42], [866.12, 2.63], [866.11, 2.36], [866.1, 1.83], [866.09, 2.77], [866.08, 0.04], [866.07, 4.12], [866.06, 6.17], [866.05, 11.49], [866.04, 12.27]], "asks": [[866.24, 4.12], [866.25, 0.06], [866.27, 0.12], [866.28, 1.06], [866.29, 0.02], [866.3, 0.39], [866.31, 1.17], [866.32, 1.89], [866.33, 5.37], [866.34, 3.18], [866.35, 3.08], [866.36, 0.04], [866.37, 5.41], [866.38, 14.51], [866.39, 0.33], [866.4, 12.49], [866.41, 14.62], [866.42, 2.96], [866.43, 5.57], [866.44, 6.36]], "timestamp": "2025-12-17T07:11:16.329123+00:00"}, {"symbol": "BNBUSDT", "bids": [[866.68, 4.08], [866.67, 0.03], [866.66, 0.06], [866.64, 0.03], [866.62, 0.41], [866.61, 0.01], [866.6, 7.51], [866.59, 0.07], [866.58, 3.51], [866.56, 0.26], [866.55, 7.08], [866.54, 40.38], [866.53, 2.43], [866.52, 3.13], [866.51, 20.21], [866.5, 0.04], [866.49, 1.36], [866.48, 3.73], [866.47, 16.9], [866.46, 2.42]], "asks": [[866.69, 71.28], [866.7, 0.01], [866.71, 38.16], [866.72, 2.47], [866.73, 9.7], [866.74, 13.89], [866.75, 23.01], [866.76, 2.11], [866.77, 10.27], [866.78, 0.32], [866.79, 0.01], [866.8, 2.24], [866.81, 0.02], [866.82, 3.59], [866.83, 7.9], [866.84, 15.75], [866.85, 11.5], [866.86, 13.0], [866.87, 16.23], [866.88, 11.87]], "timestamp": "2025-12-17T07:12:07.911996+00:00"}, {"symbol": "BNBUSDT", "bids": [[866.68, 3.72], [866.67, 0.01], [866.65, 6.88], [866.64, 0.02], [866.63, 3.41], [866.62, 3.82], [866.61, 4.78], [866.6, 4.13], [866.59, 0.33], [866.58, 4.05], [866.57, 0.01], [866.56, 2.21], [866.55, 0.62], [866.54, 1.63], [866.53, 2.8], [866.52, 7.11], [866.51, 4.09], [866.5, 2.08], [866.49, 5.46], [866.48, 7.16]], "asks": [[866.69, 73.28], [866.7, 14.2], [866.71, 36.77], [866.72, 5.45], [866.73, 4.5], [866.74, 13.3], [866.75, 5.32], [866.76, 12.28], [866.77, 17.35], [866.78, 19.32], [866.79, 22.55], [866.8, 7.39], [866.81, 5.68], [866.82, 6.39], [866.83, 20.3], [866.84, 2.41], [866.85, 12.14], [866.86, 0.24], [866.87, 7.01], [866.88, 4.1]], "timestamp": "2025-12-17T07:12:59.468297+00:00"}, {"symbol": "BNBUSDT", "bids": [[866.5, 46.05], [866.49, 45.2], [866.48, 27.81], [866.47, 29.74], [866.46, 37.42], [866.45, 22.48], [866.44, 24.5], [866.43, 16.97], [866.42, 19.01], [866.41, 32.63], [866.4, 0.06], [866.38, 3.36], [866.37, 13.83], [866.35, 0.02], [866.34, 0.01], [866.33, 0.02], [866.32, 2.2], [866.31, 0.01], [866.3, 2.07], [866.29, 9.2]], "asks": [[866.51, 6.62], [866.52, 1.0], [866.55, 0.01], [866.56, 0.09], [866.57, 0.19], [866.58, 0.01], [866.59, 1.14], [866.6, 0.38], [866.61, 2.13], [866.62, 0.03], [866.63, 4.36], [866.64, 7.75], [866.65, 0.32], [866.66, 5.63], [866.67, 20.7], [866.68, 9.84], [866.69, 4.54], [866.7, 12.48], [866.71, 3.81], [866.72, 31.69]], "timestamp": "2025-12-17T07:13:50.790120+00:00"}, {"symbol": "BNBUSDT", "bids": [[866.43, 17.93], [866.42, 2.36], [866.41, 8.83], [866.4, 3.29], [866.39, 1.48], [866.38, 3.96], [866.37, 0.41], [866.36, 1.25], [866.35, 3.68], [866.34, 2.53], [866.33, 2.26], [866.32, 3.78], [866.31, 5.95], [866.3, 20.91], [866.29, 1.34], [866.28, 0.02], [866.27, 1.78], [866.26, 4.02], [866.25, 4.58], [866.24, 14.78]], "asks": [[866.44, 21.88], [866.45, 0.05], [866.46, 0.01], [866.48, 0.01], [866.49, 2.25], [866.5, 2.11], [866.51, 24.21], [866.52, 0.67], [866.54, 23.78], [866.55, 1.15], [866.56, 14.18], [866.57, 8.15], [866.58, 4.42], [866.59, 4.99], [866.6, 12.97], [866.61, 25.71], [866.62, 1.68], [866.63, 8.89], [866.64, 16.94], [866.65, 6.94]], "timestamp": "2025-12-17T07:14:42.495772+00:00"}, {"symbol": "BNBUSDT", "bids": [[866.0, 1.23], [865.98, 0.01], [865.96, 0.28], [865.95, 0.55], [865.94, 5.6], [865.93, 0.22], [865.92, 0.34], [865.91, 1.82], [865.9, 0.04], [865.89, 2.67], [865.88, 0.6], [865.87, 1.22], [865.86, 2.91], [865.85, 0.57], [865.84, 4.72], [865.83, 3.95], [865.82, 6.96], [865.81, 7.17], [865.8, 9.1], [865.79, 1.3]], "asks": [[866.01, 91.06], [866.02, 0.08], [866.03, 7.87], [866.04, 25.82], [866.05, 19.25], [866.06, 3.55], [866.07, 0.74], [866.08, 29.13], [866.09, 31.43], [866.1, 36.22], [866.11, 16.97], [866.12, 14.98], [866.13, 1.38], [866.14, 27.49], [866.16, 0.32], [866.17, 0.84], [866.18, 0.02], [866.19, 0.99], [866.2, 3.32], [866.21, 3.46]], "timestamp": "2025-12-17T07:15:34.171649+00:00"}, {"symbol": "BNBUSDT", "bids": [[866.95, 28.38], [866.94, 3.53], [866.93, 0.02], [866.92, 3.51], [866.91, 8.04], [866.9, 10.86], [866.89, 0.21], [866.88, 0.28], [866.87, 0.1], [866.86, 0.12], [866.85, 2.37], [866.84, 1.17], [866.83, 5.24], [866.82, 0.03], [866.81, 4.85], [866.8, 4.99], [866.79, 3.02], [866.78, 7.31], [866.76, 6.47], [866.75, 8.38]], "asks": [[866.96, 33.37], [866.97, 3.04], [866.98, 5.76], [866.99, 28.95], [867.0, 16.32], [867.01, 2.52], [867.02, 1.72], [867.03, 13.23], [867.04, 8.11], [867.05, 20.59], [867.06, 17.85], [867.07, 5.05], [867.08, 7.82], [867.09, 15.62], [867.1, 8.34], [867.11, 39.84], [867.12, 0.76], [867.13, 3.55], [867.14, 3.18], [867.15, 5.53]], "timestamp": "2025-12-17T07:16:25.701285+00:00"}, {"symbol": "BNBUSDT", "bids": [[866.77, 27.68], [866.76, 0.55], [866.75, 0.95], [866.73, 0.03], [866.72, 0.01], [866.71, 0.02], [866.7, 0.01], [866.69, 1.92], [866.68, 2.22], [866.67, 1.72], [866.66, 3.99], [866.65, 8.28], [866.64, 4.89], [866.63, 8.78], [866.62, 7.82], [866.61, 7.79], [866.6, 10.15], [866.59, 1.52], [866.58, 5.37], [866.57, 8.18]], "asks": [[866.78, 35.04], [866.79, 0.03], [866.8, 9.66], [866.81, 0.28], [866.82, 0.01], [866.83, 3.19], [866.84, 9.1], [866.85, 0.01], [866.86, 15.64], [866.87, 13.48], [866.88, 16.13], [866.89, 0.68], [866.9, 3.61], [866.91, 3.35], [866.92, 18.52], [866.93, 40.07], [866.94, 3.34], [866.95, 2.32], [866.96, 1.73], [866.97, 2.21]], "timestamp": "2025-12-17T07:17:17.397310+00:00"}, {"symbol": "BNBUSDT", "bids": [[866.61, 7.44], [866.6, 1.98], [866.59, 12.47], [866.58, 0.03], [866.56, 0.72], [866.55, 0.01], [866.54, 0.18], [866.53, 0.01], [866.52, 6.98], [866.51, 5.41], [866.5, 0.01], [866.49, 2.28], [866.48, 1.59], [866.47, 2.87], [866.46, 0.02], [866.45, 1.12], [866.44, 12.51], [866.43, 5.08], [866.42, 0.87], [866.41, 5.5]], "asks": [[866.62, 22.71], [866.63, 1.94], [866.64, 0.03], [866.65, 9.66], [866.66, 0.03], [866.67, 2.78], [866.68, 5.41], [866.69, 27.32], [866.7, 13.62], [866.71, 1.29], [866.72, 12.47], [866.73, 9.9], [866.74, 7.24], [866.75, 7.54], [866.76, 18.74], [866.77, 11.83], [866.78, 4.17], [866.79, 8.71], [866.8, 12.28], [866.81, 1.03]], "timestamp": "2025-12-17T07:18:08.754468+00:00"}, {"symbol": "BNBUSDT", "bids": [[866.36, 22.04], [866.35, 2.39], [866.34, 5.82], [866.33, 10.08], [866.32, 0.03], [866.31, 4.77], [866.3, 2.67], [866.29, 14.8], [866.28, 0.03], [866.27, 6.23], [866.26, 15.91], [866.25, 10.35], [866.24, 20.31], [866.23, 13.91], [866.22, 0.79], [866.21, 3.73], [866.2, 5.45], [866.19, 14.62], [866.18, 6.75], [866.17, 13.9]], "asks": [[866.37, 10.22], [866.38, 0.05], [866.4, 0.03], [866.41, 0.03], [866.42, 0.02], [866.43, 0.01], [866.44, 9.71], [866.45, 7.65], [866.46, 10.1], [866.47, 26.4], [866.48, 3.87], [866.49, 11.72], [866.5, 15.36], [866.51, 8.32], [866.52, 21.03], [866.53, 19.61], [866.54, 0.01], [866.55, 0.58], [866.56, 4.44], [866.57, 11.94]], "timestamp": "2025-12-17T07:19:00.394127+00:00"}, {"symbol": "BNBUSDT", "bids": [[866.43, 0.02], [866.42, 0.01], [866.4, 0.02], [866.39, 0.03], [866.38, 0.02], [866.36, 2.03], [866.35, 2.24], [866.34, 2.31], [866.32, 2.86], [866.3, 0.55], [866.29, 6.32], [866.28, 4.33], [866.27, 3.7], [866.26, 10.16], [866.25, 0.75], [866.24, 1.38], [866.23, 3.31], [866.22, 17.84], [866.21, 0.51], [866.2, 8.42]], "asks": [[866.44, 82.04], [866.45, 10.15], [866.46, 22.1], [866.47, 34.92], [866.48, 26.8], [866.49, 14.8], [866.5, 33.85], [866.51, 0.01], [866.52, 2.43], [866.53, 4.96], [866.54, 9.81], [866.55, 0.01], [866.56, 17.74], [866.57, 0.02], [866.58, 7.02], [866.59, 9.07], [866.6, 7.93], [866.61, 11.81], [866.62, 0.43], [866.63, 18.08]], "timestamp": "2025-12-17T07:19:52.068946+00:00"}, {"symbol": "BNBUSDT", "bids": [[866.45, 34.6], [866.44, 1.94], [866.42, 1.99], [866.4, 3.69], [866.39, 0.12], [866.38, 8.24], [866.37, 7.28], [866.36, 14.97], [866.35, 8.41], [866.34, 5.52], [866.33, 0.12], [866.32, 2.67], [866.31, 3.96], [866.3, 14.78], [866.29, 1.95], [866.28, 2.84], [866.27, 3.07], [866.26, 6.67], [866.25, 4.4], [866.24, 7.66]], "asks": [[866.46, 18.82], [866.47, 0.04], [866.48, 0.01], [866.49, 0.01], [866.5, 8.34], [866.51, 0.58], [866.52, 9.59], [866.53, 13.64], [866.54, 6.2], [866.55, 17.75], [866.56, 4.04], [866.57, 5.31], [866.58, 27.94], [866.59, 1.79], [866.6, 2.72], [866.61, 4.57], [866.62, 1.72], [866.63, 13.36], [866.64, 17.34], [866.65, 2.65]], "timestamp": "2025-12-17T07:20:43.573087+00:00"}, {"symbol": "BNBUSDT", "bids": [[866.69, 47.17], [866.68, 9.74], [866.67, 9.7], [866.66, 12.51], [866.65, 2.14], [866.64, 7.8], [866.63, 6.95], [866.62, 21.64], [866.61, 32.66], [866.6, 45.67], [866.59, 18.55], [866.58, 0.12], [866.57, 1.3], [866.56, 5.27], [866.55, 4.91], [866.54, 7.35], [866.53, 0.33], [866.52, 12.36], [866.51, 12.88], [866.5, 0.01]], "asks": [[866.7, 15.4], [866.72, 0.02], [866.73, 0.02], [866.74, 0.26], [866.75, 0.02], [866.76, 6.64], [866.77, 3.32], [866.78, 5.14], [866.79, 5.92], [866.8, 10.7], [866.81, 4.77], [866.82, 6.41], [866.83, 27.17], [866.84, 11.39], [866.85, 8.33], [866.86, 16.52], [866.87, 42.83], [866.88, 4.89], [866.89, 4.53], [866.9, 5.33]], "timestamp": "2025-12-17T07:21:35.307292+00:00"}, {"symbol": "BNBUSDT", "bids": [[867.32, 36.18], [867.31, 2.32], [867.3, 5.63], [867.29, 9.1], [867.28, 6.02], [867.27, 2.7], [867.26, 1.0], [867.25, 32.54], [867.24, 9.17], [867.23, 10.0], [867.22, 3.57], [867.21, 0.46], [867.2, 17.88], [867.19, 4.0], [867.18, 11.74], [867.17, 5.77], [867.16, 10.44], [867.15, 9.14], [867.13, 5.92], [867.12, 3.04]], "asks": [[867.33, 4.49], [867.34, 0.01], [867.35, 0.03], [867.36, 0.02], [867.37, 0.02], [867.39, 2.61], [867.4, 0.06], [867.41, 2.63], [867.42, 0.11], [867.43, 0.03], [867.44, 0.03], [867.45, 4.13], [867.46, 0.07], [867.47, 1.74], [867.48, 4.28], [867.49, 13.95], [867.5, 25.24], [867.51, 5.84], [867.52, 10.02], [867.53, 13.82]], "timestamp": "2025-12-17T07:22:26.867655+00:00"}, {"symbol": "BNBUSDT", "bids": [[867.99, 32.65], [867.98, 7.54], [867.97, 15.95], [867.96, 23.74], [867.95, 18.43], [867.94, 4.73], [867.93, 4.85], [867.92, 10.36], [867.91, 16.8], [867.9, 0.02], [867.89, 12.24], [867.88, 2.65], [867.87, 2.07], [867.86, 6.15], [867.85, 3.1], [867.84, 6.3], [867.83, 2.58], [867.82, 4.88], [867.81, 16.58], [867.8, 14.7]], "asks": [[868.0, 23.02], [868.01, 5.55], [868.02, 0.17], [868.03, 7.49], [868.04, 0.41], [868.05, 3.31], [868.06, 1.85], [868.07, 20.12], [868.08, 0.85], [868.09, 0.02], [868.1, 20.49], [868.11, 11.83], [868.12, 4.63], [868.13, 2.65], [868.14, 2.89], [868.15, 5.12], [868.16, 6.09], [868.17, 19.88], [868.18, 10.22], [868.19, 15.88]], "timestamp": "2025-12-17T07:23:18.451866+00:00"}, {"symbol": "BNBUSDT", "bids": [[867.34, 37.91], [867.33, 9.58], [867.32, 1.93], [867.31, 2.34], [867.3, 2.64], [867.29, 1.12], [867.28, 16.24], [867.27, 4.84], [867.26, 52.86], [867.25, 0.75], [867.24, 2.92], [867.23, 7.96], [867.22, 3.79], [867.21, 0.75], [867.2, 22.28], [867.19, 0.02], [867.18, 0.39], [867.17, 3.79], [867.16, 25.78], [867.15, 2.47]], "asks": [[867.35, 24.36], [867.36, 0.01], [867.37, 0.01], [867.38, 5.44], [867.39, 6.48], [867.4, 16.43], [867.41, 10.11], [867.42, 1.19], [867.43, 0.15], [867.44, 0.25], [867.45, 0.01], [867.46, 10.57], [867.47, 4.13], [867.48, 16.65], [867.49, 10.04], [867.5, 10.13], [867.51, 23.15], [867.52, 10.48], [867.53, 3.6], [867.54, 10.29]], "timestamp": "2025-12-17T07:24:10.287707+00:00"}, {"symbol": "BNBUSDT", "bids": [[867.41, 3.95], [867.4, 5.21], [867.39, 0.02], [867.38, 0.01], [867.36, 0.02], [867.35, 1.01], [867.34, 0.02], [867.33, 4.73], [867.32, 2.16], [867.31, 8.11], [867.3, 1.66], [867.29, 4.51], [867.28, 2.11], [867.27, 9.99], [867.26, 4.84], [867.25, 1.31], [867.24, 5.04], [867.23, 15.9], [867.22, 55.48], [867.21, 9.15]], "asks": [[867.42, 49.4], [867.43, 9.99], [867.44, 17.02], [867.45, 14.6], [867.46, 14.79], [867.47, 13.24], [867.48, 13.34], [867.49, 25.4], [867.5, 13.03], [867.51, 20.4], [867.52, 38.31], [867.53, 20.29], [867.54, 9.01], [867.55, 11.8], [867.56, 20.02], [867.57, 44.22], [867.58, 0.03], [867.59, 3.82], [867.6, 4.98], [867.61, 50.75]], "timestamp": "2025-12-17T07:25:01.630869+00:00"}, {"symbol": "BNBUSDT", "bids": [[867.71, 3.64], [867.7, 0.02], [867.69, 0.02], [867.68, 0.03], [867.67, 2.04], [867.66, 0.01], [867.64, 0.01], [867.63, 1.23], [867.62, 4.03], [867.61, 2.25], [867.6, 10.56], [867.59, 7.64], [867.58, 2.51], [867.57, 4.01], [867.56, 55.42], [867.55, 5.57], [867.54, 2.9], [867.53, 10.05], [867.52, 9.22], [867.51, 2.74]], "asks": [[867.72, 55.91], [867.73, 0.01], [867.75, 22.79], [867.76, 3.58], [867.77, 54.64], [867.78, 22.05], [867.79, 23.0], [867.8, 27.56], [867.81, 10.36], [867.82, 5.79], [867.83, 7.5], [867.84, 12.76], [867.85, 8.19], [867.86, 15.45], [867.87, 4.1], [867.88, 0.02], [867.89, 3.16], [867.9, 11.54], [867.91, 7.84], [867.92, 0.44]], "timestamp": "2025-12-17T07:25:53.152750+00:00"}, {"symbol": "BNBUSDT", "bids": [[867.8, 21.93], [867.79, 9.48], [867.78, 5.58], [867.77, 25.07], [867.76, 5.32], [867.75, 2.27], [867.74, 0.01], [867.73, 25.16], [867.72, 21.22], [867.71, 77.61], [867.7, 5.5], [867.69, 4.81], [867.68, 6.13], [867.67, 10.07], [867.66, 7.62], [867.65, 12.6], [867.64, 21.4], [867.63, 0.03], [867.62, 6.04], [867.61, 3.42]], "asks": [[867.81, 17.42], [867.82, 0.03], [867.83, 0.13], [867.84, 18.4], [867.85, 4.04], [867.86, 0.04], [867.87, 0.01], [867.88, 0.02], [867.89, 1.94], [867.9, 10.49], [867.91, 12.47], [867.92, 8.3], [867.93, 0.79], [867.94, 3.6], [867.95, 4.51], [867.96, 16.49], [867.97, 2.0], [867.98, 10.1], [867.99, 6.9], [868.0, 36.81]], "timestamp": "2025-12-17T07:26:44.787614+00:00"}, {"symbol": "BNBUSDT", "bids": [[868.34, 52.6], [868.33, 41.73], [868.32, 40.33], [868.31, 10.28], [868.3, 18.53], [868.29, 26.01], [868.28, 0.02], [868.27, 5.23], [868.26, 0.01], [868.25, 18.34], [868.24, 25.87], [868.23, 22.13], [868.22, 85.67], [868.21, 7.79], [868.2, 5.78], [868.19, 2.44], [868.18, 0.35], [868.17, 5.99], [868.16, 2.2], [868.15, 8.39]], "asks": [[868.35, 2.01], [868.36, 0.03], [868.38, 0.06], [868.4, 2.15], [868.41, 1.22], [868.42, 4.18], [868.43, 4.1], [868.44, 4.72], [868.45, 4.15], [868.46, 4.54], [868.47, 0.93], [868.48, 11.97], [868.49, 18.95], [868.5, 10.9], [868.51, 6.39], [868.52, 15.33], [868.53, 4.35], [868.54, 8.32], [868.55, 3.59], [868.56, 21.91]], "timestamp": "2025-12-17T07:27:36.420385+00:00"}, {"symbol": "BNBUSDT", "bids": [[868.4, 29.72], [868.39, 0.02], [868.38, 1.4], [868.37, 4.6], [868.36, 12.19], [868.35, 10.16], [868.34, 7.78], [868.33, 6.83], [868.32, 28.33], [868.31, 23.53], [868.3, 0.55], [868.29, 0.99], [868.28, 7.81], [868.27, 4.52], [868.26, 10.01], [868.25, 6.68], [868.24, 12.28], [868.23, 14.27], [868.22, 0.26], [868.21, 4.58]], "asks": [[868.41, 5.42], [868.42, 0.02], [868.44, 0.36], [868.46, 0.09], [868.47, 9.62], [868.48, 2.61], [868.49, 13.62], [868.5, 3.46], [868.51, 6.01], [868.52, 2.81], [868.53, 8.79], [868.54, 0.31], [868.55, 7.69], [868.56, 0.02], [868.57, 8.82], [868.58, 13.06], [868.59, 11.87], [868.6, 13.23], [868.61, 2.27], [868.62, 12.59]], "timestamp": "2025-12-17T07:28:28.091625+00:00"}, {"symbol": "BNBUSDT", "bids": [[868.65, 75.31], [868.64, 0.19], [868.63, 0.14], [868.62, 5.0], [868.61, 7.76], [868.6, 8.67], [868.59, 11.63], [868.58, 13.43], [868.57, 7.61], [868.56, 5.94], [868.55, 4.67], [868.54, 15.54], [868.53, 9.67], [868.52, 16.24], [868.51, 0.59], [868.5, 5.73], [868.49, 12.98], [868.48, 22.77], [868.47, 1.01], [868.46, 14.13]], "asks": [[868.66, 0.74], [868.68, 0.02], [868.72, 1.35], [868.73, 0.01], [868.74, 0.27], [868.75, 1.8], [868.76, 1.45], [868.77, 6.18], [868.78, 0.5], [868.79, 2.47], [868.8, 25.82], [868.81, 0.22], [868.82, 0.07], [868.83, 4.36], [868.84, 20.87], [868.85, 0.7], [868.86, 6.24], [868.87, 6.97], [868.88, 12.37], [868.89, 8.46]], "timestamp": "2025-12-17T07:29:19.686402+00:00"}, {"symbol": "BNBUSDT", "bids": [[868.32, 6.18], [868.31, 0.06], [868.3, 0.02], [868.29, 0.01], [868.28, 0.02], [868.27, 0.42], [868.26, 1.16], [868.25, 3.58], [868.24, 7.24], [868.23, 7.22], [868.22, 0.43], [868.21, 2.48], [868.2, 13.07], [868.19, 2.77], [868.18, 6.0], [868.17, 10.68], [868.16, 16.38], [868.15, 40.26], [868.14, 10.08], [868.13, 12.5]], "asks": [[868.33, 46.49], [868.34, 6.88], [868.35, 6.61], [868.36, 6.92], [868.37, 5.14], [868.38, 0.22], [868.4, 19.93], [868.41, 19.55], [868.42, 25.05], [868.43, 6.03], [868.44, 0.01], [868.45, 8.43], [868.46, 5.49], [868.47, 21.21], [868.48, 26.11], [868.49, 6.1], [868.5, 13.33], [868.51, 24.01], [868.52, 31.97], [868.53, 20.13]], "timestamp": "2025-12-17T07:30:11.141866+00:00"}, {"symbol": "BNBUSDT", "bids": [[869.52, 53.83], [869.51, 2.34], [869.5, 24.53], [869.49, 13.28], [869.48, 5.0], [869.47, 28.41], [869.46, 17.83], [869.45, 5.14], [869.44, 5.72], [869.42, 14.48], [869.41, 5.68], [869.4, 3.66], [869.39, 16.59], [869.38, 9.33], [869.37, 31.31], [869.36, 51.05], [869.35, 36.48], [869.34, 52.17], [869.33, 36.36], [869.32, 4.63]], "asks": [[869.53, 0.02], [869.54, 0.02], [869.55, 2.08], [869.56, 0.01], [869.58, 0.01], [869.6, 0.02], [869.62, 0.04], [869.63, 1.2], [869.64, 4.13], [869.65, 3.17], [869.66, 0.06], [869.67, 6.16], [869.68, 11.03], [869.69, 26.9], [869.7, 2.0], [869.71, 0.07], [869.72, 10.24], [869.73, 4.54], [869.74, 7.69], [869.75, 3.88]], "timestamp": "2025-12-17T07:31:02.949150+00:00"}, {"symbol": "BNBUSDT", "bids": [[870.01, 15.1], [870.0, 2.8], [869.99, 0.55], [869.98, 0.98], [869.97, 0.03], [869.96, 6.32], [869.95, 5.77], [869.94, 15.63], [869.93, 6.98], [869.92, 16.42], [869.91, 21.1], [869.9, 20.25], [869.89, 6.86], [869.88, 18.01], [869.87, 7.43], [869.86, 1.81], [869.85, 3.95], [869.84, 11.34], [869.83, 14.66], [869.82, 3.64]], "asks": [[870.02, 11.83], [870.03, 0.12], [870.04, 5.0], [870.06, 2.1], [870.07, 2.1], [870.08, 1.29], [870.09, 2.04], [870.1, 2.74], [870.11, 7.37], [870.12, 12.54], [870.13, 54.03], [870.14, 1.94], [870.15, 1.05], [870.16, 1.98], [870.17, 0.04], [870.18, 0.06], [870.19, 6.97], [870.2, 9.99], [870.21, 0.02], [870.22, 18.42]], "timestamp": "2025-12-17T07:31:55.387702+00:00"}, {"symbol": "BNBUSDT", "bids": [[869.66, 0.58], [869.65, 2.72], [869.64, 1.84], [869.63, 5.87], [869.62, 1.05], [869.61, 2.55], [869.6, 4.42], [869.59, 5.4], [869.58, 0.48], [869.57, 1.66], [869.56, 10.6], [869.55, 8.75], [869.54, 0.05], [869.53, 9.14], [869.52, 45.56], [869.51, 7.14], [869.5, 4.2], [869.49, 0.03], [869.48, 20.7], [869.47, 17.74]], "asks": [[869.67, 29.21], [869.68, 19.41], [869.69, 3.43], [869.7, 13.13], [869.71, 8.26], [869.72, 9.71], [869.73, 6.06], [869.74, 10.31], [869.75, 16.99], [869.76, 14.55], [869.77, 7.97], [869.78, 12.44], [869.79, 13.33], [869.8, 8.32], [869.81, 7.99], [869.82, 15.96], [869.83, 9.02], [869.84, 3.66], [869.85, 0.78], [869.87, 6.66]], "timestamp": "2025-12-17T07:32:47.728245+00:00"}, {"symbol": "BNBUSDT", "bids": [[870.11, 0.51], [870.1, 0.32], [870.09, 0.02], [870.08, 5.74], [870.07, 2.27], [870.05, 7.01], [870.04, 0.02], [870.03, 8.11], [870.02, 2.27], [870.01, 13.98], [870.0, 18.54], [869.99, 19.7], [869.97, 0.87], [869.96, 2.68], [869.95, 5.54], [869.94, 15.65], [869.93, 3.36], [869.92, 12.18], [869.91, 17.97], [869.9, 4.12]], "asks": [[870.12, 55.61], [870.13, 44.7], [870.15, 20.83], [870.16, 28.44], [870.17, 25.31], [870.18, 18.84], [870.19, 0.83], [870.2, 6.4], [870.21, 0.32], [870.22, 0.47], [870.23, 4.63], [870.24, 1.73], [870.25, 4.45], [870.26, 0.05], [870.27, 0.42], [870.28, 6.56], [870.29, 4.42], [870.3, 2.66], [870.31, 0.69], [870.32, 10.11]], "timestamp": "2025-12-17T07:33:39.116818+00:00"}, {"symbol": "BNBUSDT", "bids": [[870.15, 12.18], [870.14, 0.02], [870.13, 0.29], [870.11, 4.27], [870.1, 8.68], [870.09, 15.63], [870.08, 0.03], [870.05, 0.01], [870.04, 5.25], [870.03, 0.01], [870.02, 11.49], [870.01, 2.31], [870.0, 6.09], [869.99, 2.95], [869.98, 7.87], [869.97, 4.32], [869.96, 15.08], [869.95, 8.66], [869.94, 9.04], [869.93, 19.59]], "asks": [[870.16, 14.98], [870.17, 0.01], [870.18, 0.5], [870.19, 24.73], [870.2, 0.03], [870.21, 2.24], [870.22, 3.05], [870.23, 14.6], [870.24, 9.26], [870.25, 8.0], [870.26, 7.82], [870.27, 7.8], [870.28, 7.79], [870.29, 3.82], [870.3, 6.35], [870.31, 0.01], [870.32, 8.86], [870.33, 17.67], [870.34, 2.37], [870.35, 0.03]], "timestamp": "2025-12-17T07:34:30.884673+00:00"}, {"symbol": "BNBUSDT", "bids": [[870.49, 7.69], [870.48, 0.06], [870.45, 0.25], [870.42, 2.92], [870.41, 10.3], [870.4, 4.83], [870.39, 2.55], [870.38, 1.46], [870.37, 2.29], [870.36, 5.38], [870.35, 14.65], [870.34, 5.08], [870.33, 2.29], [870.32, 18.5], [870.31, 0.02], [870.3, 8.31], [870.29, 3.82], [870.28, 45.52], [870.27, 12.06], [870.26, 2.26]], "asks": [[870.5, 49.86], [870.51, 3.36], [870.52, 2.94], [870.53, 6.91], [870.54, 12.23], [870.55, 0.01], [870.56, 0.01], [870.57, 17.32], [870.58, 10.2], [870.59, 17.21], [870.6, 0.24], [870.61, 17.4], [870.62, 29.57], [870.63, 13.95], [870.64, 7.97], [870.65, 2.86], [870.66, 8.23], [870.67, 8.8], [870.68, 0.09], [870.7, 0.58]], "timestamp": "2025-12-17T07:35:22.286093+00:00"}, {"symbol": "BNBUSDT", "bids": [[870.58, 1.57], [870.57, 1.25], [870.56, 0.01], [870.55, 0.83], [870.53, 4.26], [870.52, 5.87], [870.51, 4.54], [870.5, 5.77], [870.49, 5.34], [870.48, 0.02], [870.47, 3.46], [870.46, 0.19], [870.45, 0.02], [870.44, 3.53], [870.43, 2.36], [870.42, 6.94], [870.41, 16.11], [870.4, 4.35], [870.39, 8.46], [870.38, 22.09]], "asks": [[870.59, 21.92], [870.6, 0.02], [870.61, 1.77], [870.62, 10.59], [870.63, 1.53], [870.64, 6.55], [870.65, 13.67], [870.66, 19.61], [870.67, 0.46], [870.68, 0.01], [870.69, 0.2], [870.7, 2.26], [870.71, 1.18], [870.72, 8.01], [870.73, 10.08], [870.74, 3.86], [870.75, 10.99], [870.76, 14.32], [870.77, 6.93], [870.78, 12.99]], "timestamp": "2025-12-17T07:36:13.659765+00:00"}, {"symbol": "BNBUSDT", "bids": [[870.66, 37.09], [870.65, 4.1], [870.64, 6.72], [870.63, 12.27], [870.6, 19.32], [870.59, 11.74], [870.58, 16.41], [870.57, 16.92], [870.56, 7.84], [870.55, 4.01], [870.54, 0.26], [870.53, 0.21], [870.52, 4.06], [870.51, 4.1], [870.5, 14.37], [870.49, 0.03], [870.48, 0.35], [870.47, 0.12], [870.46, 0.01], [870.44, 4.52]], "asks": [[870.67, 15.02], [870.68, 1.26], [870.69, 0.06], [870.7, 0.04], [870.72, 5.17], [870.73, 2.27], [870.74, 0.01], [870.75, 2.81], [870.76, 10.58], [870.77, 6.43], [870.78, 4.02], [870.79, 40.24], [870.8, 5.97], [870.82, 3.44], [870.83, 2.08], [870.84, 16.04], [870.85, 4.56], [870.86, 4.38], [870.87, 8.28], [870.88, 8.88]], "timestamp": "2025-12-17T07:37:05.592827+00:00"}, {"symbol": "BNBUSDT", "bids": [[870.32, 12.48], [870.31, 0.78], [870.27, 0.02], [870.26, 5.46], [870.25, 13.24], [870.24, 11.24], [870.23, 0.02], [870.22, 1.28], [870.21, 3.58], [870.2, 12.34], [870.19, 3.98], [870.18, 12.04], [870.17, 2.21], [870.16, 19.54], [870.15, 2.66], [870.14, 6.48], [870.13, 14.98], [870.12, 15.67], [870.11, 0.81], [870.1, 0.33]], "asks": [[870.33, 18.23], [870.34, 5.53], [870.35, 4.87], [870.36, 14.74], [870.37, 8.49], [870.38, 2.23], [870.39, 4.87], [870.4, 10.39], [870.41, 15.26], [870.42, 19.89], [870.43, 26.05], [870.44, 22.88], [870.45, 8.61], [870.47, 6.12], [870.48, 0.63], [870.49, 1.68], [870.5, 2.78], [870.51, 15.99], [870.52, 7.31], [870.53, 11.89]], "timestamp": "2025-12-17T07:37:57.081554+00:00"}, {"symbol": "BNBUSDT", "bids": [[871.03, 53.93], [871.02, 0.19], [871.01, 0.01], [871.0, 18.37], [870.99, 3.22], [870.98, 20.28], [870.97, 18.16], [870.96, 19.3], [870.95, 3.48], [870.93, 0.13], [870.92, 3.82], [870.91, 2.89], [870.9, 14.36], [870.89, 0.02], [870.88, 0.14], [870.87, 3.03], [870.86, 0.01], [870.85, 0.02], [870.84, 5.87], [870.83, 3.21]], "asks": [[871.04, 7.51], [871.05, 0.02], [871.08, 0.01], [871.09, 0.1], [871.11, 11.18], [871.12, 2.53], [871.13, 5.54], [871.14, 15.28], [871.15, 0.03], [871.16, 0.57], [871.17, 4.22], [871.18, 20.07], [871.19, 0.61], [871.2, 1.86], [871.21, 12.75], [871.22, 0.03], [871.23, 5.03], [871.24, 0.14], [871.25, 12.63], [871.26, 7.65]], "timestamp": "2025-12-17T07:38:48.434985+00:00"}, {"symbol": "BNBUSDT", "bids": [[871.28, 16.15], [871.27, 0.04], [871.26, 1.96], [871.25, 7.76], [871.24, 9.36], [871.23, 1.39], [871.22, 4.63], [871.21, 11.56], [871.2, 8.81], [871.19, 13.58], [871.18, 4.44], [871.17, 0.12], [871.16, 0.56], [871.15, 8.79], [871.14, 14.2], [871.13, 10.63], [871.12, 17.74], [871.11, 7.7], [871.1, 5.55], [871.09, 6.34]], "asks": [[871.29, 24.23], [871.3, 0.01], [871.31, 0.03], [871.32, 0.01], [871.34, 0.15], [871.35, 2.21], [871.36, 1.41], [871.37, 2.07], [871.38, 0.55], [871.39, 12.35], [871.4, 2.75], [871.41, 6.0], [871.42, 7.43], [871.43, 0.06], [871.44, 0.15], [871.45, 7.07], [871.46, 27.92], [871.47, 3.02], [871.48, 10.51], [871.49, 4.9]], "timestamp": "2025-12-17T07:39:40.733081+00:00"}, {"symbol": "BNBUSDT", "bids": [[871.36, 32.02], [871.35, 0.01], [871.34, 1.42], [871.33, 7.12], [871.32, 3.64], [871.31, 0.26], [871.3, 0.02], [871.29, 22.46], [871.28, 5.4], [871.27, 2.69], [871.26, 26.94], [871.25, 2.45], [871.24, 7.05], [871.23, 6.63], [871.22, 17.71], [871.21, 12.21], [871.2, 7.62], [871.19, 15.52], [871.18, 5.44], [871.17, 8.77]], "asks": [[871.37, 25.67], [871.38, 95.11], [871.39, 0.01], [871.4, 0.02], [871.41, 5.35], [871.42, 1.95], [871.43, 0.05], [871.44, 0.15], [871.45, 1.6], [871.46, 4.89], [871.47, 0.68], [871.48, 2.74], [871.49, 0.18], [871.5, 2.46], [871.51, 0.18], [871.52, 1.57], [871.53, 10.67], [871.54, 5.33], [871.55, 3.08], [871.56, 51.04]], "timestamp": "2025-12-17T07:40:32.176871+00:00"}, {"symbol": "BNBUSDT", "bids": [[871.31, 45.57], [871.3, 3.71], [871.29, 1.68], [871.28, 7.1], [871.27, 4.6], [871.26, 0.47], [871.25, 2.11], [871.24, 21.26], [871.23, 13.19], [871.22, 9.27], [871.21, 26.96], [871.2, 4.27], [871.19, 7.36], [871.18, 1.02], [871.17, 21.94], [871.16, 7.18], [871.15, 7.02], [871.14, 25.78], [871.13, 8.87], [871.12, 12.19]], "asks": [[871.32, 22.51], [871.33, 0.01], [871.34, 0.08], [871.35, 0.02], [871.36, 0.32], [871.37, 47.82], [871.38, 74.16], [871.39, 0.48], [871.4, 0.02], [871.41, 0.34], [871.42, 4.12], [871.43, 0.48], [871.44, 1.38], [871.45, 2.16], [871.46, 3.21], [871.47, 0.97], [871.48, 3.79], [871.49, 2.52], [871.5, 2.07], [871.51, 0.18]], "timestamp": "2025-12-17T07:41:23.727186+00:00"}, {"symbol": "BNBUSDT", "bids": [[871.37, 21.98], [871.36, 7.0], [871.35, 4.91], [871.34, 4.2], [871.33, 0.02], [871.32, 9.51], [871.31, 4.59], [871.3, 20.61], [871.29, 0.28], [871.28, 11.94], [871.27, 29.11], [871.26, 4.01], [871.25, 0.96], [871.24, 21.53], [871.23, 15.18], [871.22, 0.03], [871.21, 16.51], [871.2, 30.25], [871.19, 18.85], [871.18, 26.92]], "asks": [[871.38, 33.36], [871.39, 0.01], [871.4, 0.02], [871.41, 0.13], [871.42, 1.94], [871.43, 0.04], [871.44, 0.15], [871.45, 0.04], [871.46, 3.0], [871.47, 0.42], [871.48, 2.74], [871.49, 1.81], [871.5, 1.28], [871.51, 2.31], [871.52, 19.79], [871.53, 0.29], [871.54, 14.49], [871.55, 10.04], [871.56, 6.18], [871.57, 70.05]], "timestamp": "2025-12-17T07:42:15.672089+00:00"}, {"symbol": "BNBUSDT", "bids": [[870.75, 14.43], [870.74, 0.58], [870.73, 0.01], [870.72, 6.27], [870.71, 7.42], [870.7, 2.2], [870.69, 5.19], [870.68, 14.4], [870.67, 0.01], [870.66, 5.09], [870.65, 2.22], [870.64, 0.16], [870.63, 6.23], [870.62, 4.12], [870.61, 7.44], [870.6, 15.79], [870.59, 14.4], [870.58, 3.23], [870.57, 16.63], [870.56, 15.33]], "asks": [[870.76, 21.28], [870.77, 0.19], [870.78, 5.3], [870.79, 0.02], [870.8, 0.02], [870.81, 2.2], [870.83, 35.79], [870.84, 0.07], [870.85, 1.04], [870.86, 31.04], [870.87, 2.14], [870.88, 1.77], [870.89, 7.29], [870.9, 17.4], [870.91, 0.02], [870.92, 24.47], [870.93, 7.7], [870.94, 17.86], [870.95, 13.63], [870.96, 11.84]], "timestamp": "2025-12-17T07:43:06.940573+00:00"}, {"symbol": "BNBUSDT", "bids": [[871.04, 56.99], [871.03, 16.29], [871.02, 37.63], [871.01, 10.48], [871.0, 9.49], [870.99, 5.06], [870.98, 1.43], [870.97, 28.37], [870.96, 8.02], [870.95, 28.6], [870.94, 16.89], [870.93, 4.65], [870.92, 13.36], [870.91, 18.93], [870.9, 3.27], [870.89, 9.4], [870.88, 27.3], [870.87, 96.79], [870.86, 0.03], [870.85, 0.04]], "asks": [[871.05, 0.08], [871.06, 0.02], [871.08, 0.5], [871.11, 0.01], [871.12, 0.05], [871.13, 0.34], [871.14, 0.03], [871.15, 3.95], [871.16, 4.26], [871.17, 2.11], [871.18, 0.01], [871.19, 5.67], [871.2, 4.57], [871.21, 2.88], [871.22, 2.52], [871.23, 5.42], [871.24, 4.6], [871.25, 7.67], [871.26, 5.24], [871.27, 1.97]], "timestamp": "2025-12-17T07:43:58.571970+00:00"}, {"symbol": "BNBUSDT", "bids": [[870.58, 44.65], [870.57, 16.73], [870.56, 0.26], [870.55, 3.43], [870.54, 0.85], [870.52, 8.97], [870.51, 13.88], [870.5, 11.85], [870.49, 11.58], [870.48, 10.16], [870.47, 3.16], [870.46, 2.93], [870.45, 10.64], [870.44, 20.43], [870.43, 0.22], [870.42, 4.94], [870.41, 30.98], [870.4, 24.38], [870.39, 17.19], [870.38, 4.3]], "asks": [[870.59, 17.42], [870.6, 0.06], [870.62, 0.81], [870.63, 0.02], [870.64, 2.23], [870.65, 0.01], [870.67, 2.58], [870.68, 1.84], [870.69, 7.04], [870.7, 5.8], [870.71, 0.62], [870.72, 8.19], [870.73, 15.06], [870.74, 12.89], [870.75, 1.54], [870.76, 19.5], [870.77, 5.99], [870.78, 1.22], [870.79, 1.43], [870.8, 35.8]], "timestamp": "2025-12-17T07:44:50.830826+00:00"}, {"symbol": "BNBUSDT", "bids": [[870.38, 31.73], [870.37, 0.39], [870.36, 2.57], [870.35, 1.78], [870.33, 0.67], [870.32, 3.79], [870.31, 11.11], [870.3, 2.21], [870.29, 13.52], [870.28, 15.66], [870.27, 7.75], [870.26, 0.98], [870.25, 11.0], [870.24, 28.27], [870.23, 6.33], [870.22, 15.35], [870.21, 18.71], [870.2, 10.78], [870.19, 2.59], [870.18, 16.96]], "asks": [[870.39, 17.63], [870.4, 3.08], [870.42, 0.5], [870.43, 0.04], [870.44, 1.48], [870.45, 3.81], [870.46, 5.18], [870.47, 0.02], [870.48, 5.16], [870.49, 1.26], [870.5, 0.01], [870.51, 14.28], [870.52, 8.97], [870.53, 2.99], [870.54, 1.96], [870.55, 9.15], [870.56, 17.38], [870.57, 8.07], [870.58, 2.97], [870.59, 11.86]], "timestamp": "2025-12-17T07:45:42.997941+00:00"}, {"symbol": "BNBUSDT", "bids": [[870.94, 2.15], [870.91, 0.05], [870.89, 1.11], [870.88, 13.92], [870.87, 0.03], [870.86, 0.3], [870.85, 77.99], [870.84, 4.44], [870.83, 1.82], [870.82, 1.52], [870.81, 10.29], [870.8, 3.31], [870.79, 1.82], [870.78, 10.91], [870.77, 0.6], [870.76, 2.55], [870.75, 3.01], [870.74, 7.67], [870.73, 2.19], [870.72, 19.24]], "asks": [[870.95, 79.05], [870.96, 7.93], [870.97, 20.49], [870.98, 5.83], [870.99, 5.14], [871.0, 22.6], [871.01, 0.58], [871.02, 1.46], [871.03, 0.56], [871.04, 7.64], [871.05, 3.46], [871.07, 6.16], [871.08, 14.63], [871.09, 5.78], [871.1, 2.63], [871.11, 6.56], [871.12, 12.58], [871.13, 21.04], [871.14, 12.1], [871.15, 3.18]], "timestamp": "2025-12-17T07:46:34.792215+00:00"}, {"symbol": "BNBUSDT", "bids": [[870.06, 36.42], [870.05, 20.57], [870.04, 3.53], [870.03, 57.7], [870.0, 34.58], [869.99, 16.43], [869.98, 16.32], [869.97, 12.65], [869.96, 3.38], [869.95, 3.98], [869.94, 10.25], [869.93, 9.36], [869.92, 2.32], [869.9, 1.85], [869.89, 13.73], [869.88, 2.15], [869.87, 0.12], [869.86, 4.46], [869.85, 11.53], [869.84, 29.87]], "asks": [[870.07, 11.66], [870.08, 0.06], [870.09, 0.02], [870.1, 0.01], [870.11, 9.02], [870.12, 0.62], [870.13, 0.04], [870.15, 4.67], [870.16, 2.82], [870.17, 3.24], [870.18, 2.78], [870.19, 0.32], [870.2, 16.81], [870.21, 0.01], [870.22, 0.05], [870.23, 7.44], [870.24, 22.81], [870.25, 1.06], [870.26, 0.02], [870.27, 3.48]], "timestamp": "2025-12-17T07:47:26.454408+00:00"}, {"symbol": "BNBUSDT", "bids": [[870.14, 16.77], [870.13, 0.02], [870.11, 0.9], [870.1, 1.74], [870.09, 4.48], [870.08, 0.19], [870.07, 1.72], [870.06, 7.19], [870.05, 0.01], [870.04, 7.38], [870.03, 3.1], [870.02, 0.21], [870.01, 7.92], [870.0, 17.09], [869.99, 9.5], [869.98, 0.65], [869.97, 18.54], [869.96, 4.57], [869.95, 11.55], [869.94, 46.56]], "asks": [[870.15, 31.58], [870.16, 0.02], [870.17, 22.87], [870.18, 2.12], [870.19, 16.12], [870.2, 16.86], [870.21, 2.22], [870.22, 6.55], [870.23, 9.73], [870.24, 1.53], [870.25, 0.69], [870.26, 0.27], [870.27, 0.71], [870.28, 13.05], [870.29, 2.9], [870.3, 8.54], [870.31, 11.51], [870.32, 8.68], [870.33, 2.0], [870.34, 1.38]], "timestamp": "2025-12-17T07:48:17.846626+00:00"}, {"symbol": "BNBUSDT", "bids": [[870.02, 10.67], [870.01, 0.03], [870.0, 1.41], [869.98, 0.56], [869.97, 0.01], [869.96, 3.49], [869.95, 1.52], [869.94, 9.57], [869.93, 3.47], [869.92, 4.32], [869.91, 0.7], [869.9, 8.24], [869.89, 2.88], [869.88, 4.14], [869.87, 0.88], [869.86, 3.38], [869.85, 9.02], [869.84, 15.63], [869.83, 9.16], [869.82, 7.65]], "asks": [[870.03, 49.75], [870.04, 10.95], [870.05, 22.17], [870.06, 7.77], [870.07, 9.63], [870.08, 0.02], [870.09, 13.06], [870.1, 24.82], [870.11, 29.11], [870.12, 28.08], [870.13, 25.59], [870.14, 4.28], [870.15, 0.3], [870.16, 0.64], [870.17, 5.0], [870.18, 2.2], [870.19, 11.51], [870.2, 2.16], [870.21, 2.78], [870.22, 8.04]], "timestamp": "2025-12-17T07:49:09.426314+00:00"}, {"symbol": "BNBUSDT", "bids": [[870.15, 26.98], [870.14, 0.48], [870.13, 0.07], [870.11, 0.03], [870.1, 0.03], [870.09, 0.01], [870.08, 0.01], [870.07, 6.22], [870.06, 4.67], [870.05, 6.65], [870.04, 12.63], [870.03, 5.71], [870.02, 0.32], [870.01, 2.46], [870.0, 9.97], [869.99, 6.55], [869.98, 5.54], [869.97, 1.31], [869.96, 23.24], [869.95, 5.79]], "asks": [[870.16, 44.31], [870.17, 0.01], [870.18, 5.55], [870.2, 0.06], [870.21, 2.19], [870.22, 0.28], [870.23, 0.08], [870.24, 6.15], [870.25, 10.29], [870.26, 13.22], [870.27, 0.03], [870.28, 6.82], [870.29, 3.09], [870.3, 9.09], [870.31, 2.88], [870.32, 15.18], [870.33, 7.21], [870.34, 11.88], [870.35, 4.53], [870.36, 31.47]], "timestamp": "2025-12-17T07:50:01.104583+00:00"}, {"symbol": "BNBUSDT", "bids": [[869.41, 14.42], [869.4, 7.05], [869.36, 0.01], [869.35, 3.98], [869.34, 4.46], [869.33, 7.89], [869.32, 14.06], [869.31, 6.31], [869.3, 27.5], [869.29, 0.03], [869.28, 12.48], [869.27, 2.17], [869.25, 0.01], [869.24, 6.04], [869.23, 3.79], [869.22, 8.56], [869.21, 13.0], [869.2, 20.17], [869.19, 4.48], [869.18, 18.21]], "asks": [[869.42, 37.15], [869.43, 0.02], [869.44, 0.02], [869.46, 5.28], [869.47, 7.38], [869.48, 9.8], [869.49, 8.06], [869.5, 4.67], [869.51, 23.83], [869.52, 83.97], [869.53, 0.59], [869.54, 2.94], [869.55, 0.39], [869.56, 4.07], [869.57, 3.68], [869.59, 2.61], [869.6, 18.57], [869.61, 4.39], [869.62, 3.08], [869.63, 20.09]], "timestamp": "2025-12-17T07:50:52.804784+00:00"}, {"symbol": "BNBUSDT", "bids": [[869.3, 56.92], [869.28, 32.07], [869.27, 16.24], [869.26, 4.15], [869.25, 13.76], [869.24, 70.87], [869.23, 38.21], [869.22, 26.74], [869.21, 23.44], [869.2, 4.34], [869.19, 7.58], [869.18, 0.01], [869.17, 28.06], [869.16, 17.49], [869.15, 28.76], [869.14, 3.85], [869.13, 7.03], [869.12, 0.03], [869.1, 0.01], [869.09, 0.24]], "asks": [[869.31, 3.61], [869.32, 0.05], [869.33, 0.05], [869.34, 0.01], [869.35, 0.02], [869.36, 0.06], [869.37, 2.2], [869.39, 0.03], [869.4, 4.94], [869.41, 5.21], [869.42, 0.03], [869.43, 0.05], [869.44, 4.24], [869.46, 0.02], [869.47, 4.49], [869.48, 0.03], [869.49, 4.36], [869.5, 4.66], [869.52, 2.27], [869.53, 27.49]], "timestamp": "2025-12-17T07:51:44.327819+00:00"}, {"symbol": "BNBUSDT", "bids": [[869.59, 15.29], [869.58, 4.11], [869.56, 0.03], [869.55, 0.01], [869.54, 0.56], [869.52, 4.42], [869.51, 0.02], [869.5, 0.01], [869.49, 2.34], [869.48, 11.81], [869.47, 1.75], [869.46, 5.22], [869.45, 0.22], [869.44, 11.07], [869.43, 17.84], [869.42, 4.95], [869.41, 11.39], [869.4, 13.33], [869.39, 2.63], [869.38, 3.01]], "asks": [[869.6, 56.68], [869.61, 14.71], [869.62, 33.29], [869.63, 35.38], [869.64, 37.42], [869.65, 13.64], [869.66, 13.45], [869.67, 19.28], [869.68, 6.02], [869.69, 7.47], [869.7, 6.77], [869.71, 20.58], [869.72, 22.55], [869.73, 8.25], [869.74, 8.78], [869.75, 0.58], [869.76, 1.78], [869.77, 2.37], [869.78, 0.02], [869.79, 2.26]], "timestamp": "2025-12-17T07:52:35.775771+00:00"}, {"symbol": "BNBUSDT", "bids": [[869.19, 7.1], [869.18, 0.02], [869.17, 4.79], [869.16, 3.46], [869.15, 7.0], [869.14, 2.82], [869.13, 3.76], [869.12, 7.1], [869.11, 6.56], [869.1, 19.83], [869.09, 8.88], [869.08, 1.76], [869.07, 2.03], [869.06, 0.53], [869.05, 1.93], [869.04, 9.17], [869.03, 0.03], [869.02, 0.56], [869.01, 5.99], [869.0, 16.99]], "asks": [[869.2, 28.14], [869.21, 2.06], [869.22, 4.28], [869.23, 8.44], [869.24, 0.06], [869.25, 10.39], [869.26, 2.61], [869.27, 12.7], [869.28, 13.32], [869.29, 0.68], [869.3, 18.83], [869.31, 38.78], [869.32, 22.62], [869.33, 2.57], [869.34, 2.51], [869.35, 32.17], [869.36, 0.48], [869.37, 0.93], [869.39, 0.77], [869.4, 14.74]], "timestamp": "2025-12-17T07:53:28.401441+00:00"}, {"symbol": "BNBUSDT", "bids": [[869.37, 60.95], [869.36, 9.38], [869.35, 0.95], [869.33, 3.04], [869.32, 0.13], [869.31, 4.83], [869.3, 0.04], [869.29, 10.49], [869.28, 1.7], [869.27, 5.48], [869.26, 14.2], [869.25, 3.82], [869.24, 2.43], [869.23, 2.49], [869.22, 13.01], [869.21, 1.59], [869.2, 16.22], [869.19, 15.2], [869.18, 6.08], [869.17, 34.86]], "asks": [[869.38, 27.16], [869.39, 1.36], [869.4, 3.93], [869.41, 2.39], [869.43, 0.01], [869.44, 4.7], [869.45, 0.03], [869.46, 0.8], [869.47, 7.63], [869.48, 15.93], [869.49, 0.09], [869.5, 12.0], [869.51, 2.57], [869.52, 41.65], [869.53, 5.97], [869.54, 2.68], [869.55, 12.72], [869.56, 15.05], [869.57, 6.89], [869.58, 2.56]], "timestamp": "2025-12-17T07:54:19.670558+00:00"}, {"symbol": "BNBUSDT", "bids": [[868.99, 83.8], [868.98, 33.24], [868.97, 7.85], [868.96, 30.56], [868.95, 25.78], [868.94, 0.01], [868.93, 3.84], [868.91, 2.18], [868.89, 2.84], [868.88, 2.54], [868.87, 15.72], [868.86, 0.49], [868.85, 1.37], [868.84, 7.9], [868.83, 10.22], [868.82, 6.15], [868.81, 2.87], [868.8, 26.0], [868.79, 9.45], [868.78, 10.35]], "asks": [[869.0, 0.04], [869.01, 0.07], [869.03, 0.02], [869.04, 0.04], [869.05, 0.19], [869.07, 0.05], [869.08, 2.32], [869.09, 0.32], [869.1, 2.55], [869.11, 0.4], [869.12, 2.43], [869.13, 1.37], [869.14, 2.56], [869.15, 7.4], [869.16, 4.23], [869.17, 4.14], [869.18, 0.74], [869.19, 6.96], [869.2, 12.1], [869.21, 4.43]], "timestamp": "2025-12-17T07:55:11.161639+00:00"}, {"symbol": "BNBUSDT", "bids": [[868.7, 14.77], [868.69, 0.01], [868.68, 2.49], [868.67, 2.04], [868.65, 3.55], [868.64, 5.71], [868.63, 0.72], [868.62, 7.58], [868.61, 2.72], [868.6, 6.1], [868.59, 6.34], [868.58, 1.0], [868.56, 14.83], [868.55, 0.01], [868.54, 1.16], [868.53, 18.3], [868.52, 4.54], [868.51, 1.08], [868.5, 4.47], [868.49, 10.23]], "asks": [[868.71, 108.77], [868.72, 0.04], [868.73, 3.74], [868.75, 2.19], [868.76, 0.01], [868.77, 0.02], [868.78, 0.05], [868.79, 0.02], [868.8, 1.98], [868.81, 0.46], [868.83, 2.78], [868.84, 18.61], [868.85, 4.27], [868.86, 3.09], [868.87, 17.58], [868.88, 12.02], [868.89, 2.37], [868.9, 8.19], [868.91, 56.1], [868.92, 5.68]], "timestamp": "2025-12-17T07:56:02.714460+00:00"}, {"symbol": "BNBUSDT", "bids": [[868.46, 33.22], [868.45, 0.01], [868.44, 0.01], [868.42, 4.59], [868.41, 0.02], [868.4, 5.79], [868.39, 12.82], [868.38, 7.18], [868.37, 0.59], [868.36, 13.83], [868.35, 3.76], [868.34, 7.7], [868.33, 10.45], [868.32, 64.73], [868.31, 16.38], [868.3, 1.06], [868.29, 0.75], [868.28, 17.17], [868.27, 0.33], [868.26, 2.75]], "asks": [[868.47, 7.98], [868.48, 0.04], [868.5, 2.7], [868.51, 2.32], [868.52, 4.94], [868.53, 6.33], [868.54, 19.77], [868.55, 2.21], [868.56, 8.4], [868.57, 9.25], [868.58, 2.29], [868.59, 2.33], [868.6, 16.71], [868.61, 18.61], [868.63, 18.21], [868.64, 29.65], [868.65, 0.02], [868.66, 31.28], [868.67, 6.1], [868.68, 10.35]], "timestamp": "2025-12-17T07:56:54.308106+00:00"}, {"symbol": "BNBUSDT", "bids": [[868.58, 18.77], [868.57, 1.1], [868.56, 0.04], [868.55, 1.15], [868.54, 1.33], [868.53, 4.09], [868.52, 1.77], [868.51, 0.01], [868.5, 0.3], [868.49, 4.41], [868.48, 0.01], [868.47, 6.35], [868.46, 9.05], [868.45, 4.23], [868.44, 4.18], [868.43, 4.5], [868.42, 4.59], [868.41, 9.66], [868.4, 0.02], [868.39, 2.16]], "asks": [[868.59, 66.3], [868.6, 25.2], [868.61, 24.07], [868.62, 11.71], [868.63, 9.6], [868.64, 14.31], [868.65, 15.65], [868.66, 10.63], [868.67, 14.64], [868.68, 17.83], [868.69, 29.9], [868.7, 49.27], [868.71, 111.14], [868.72, 21.0], [868.73, 0.06], [868.74, 3.91], [868.75, 2.19], [868.76, 11.53], [868.77, 8.59], [868.78, 3.49]], "timestamp": "2025-12-17T07:57:46.726079+00:00"}, {"symbol": "BNBUSDT", "bids": [[868.67, 28.65], [868.66, 2.66], [868.65, 0.06], [868.64, 1.64], [868.63, 13.86], [868.62, 0.01], [868.6, 4.96], [868.59, 2.29], [868.57, 23.08], [868.56, 19.28], [868.55, 0.59], [868.54, 3.92], [868.53, 15.77], [868.52, 6.42], [868.51, 2.4], [868.5, 4.66], [868.49, 3.02], [868.48, 3.88], [868.47, 5.9], [868.46, 2.16]], "asks": [[868.68, 0.69], [868.69, 2.34], [868.7, 2.9], [868.71, 0.05], [868.72, 7.09], [868.73, 12.94], [868.74, 1.62], [868.76, 6.92], [868.77, 2.23], [868.78, 3.23], [868.79, 5.56], [868.8, 18.4], [868.81, 1.21], [868.82, 18.99], [868.83, 1.09], [868.84, 6.76], [868.85, 12.02], [868.86, 2.15], [868.87, 8.11], [868.88, 14.9]], "timestamp": "2025-12-17T07:58:38.544001+00:00"}, {"symbol": "BNBUSDT", "bids": [[868.47, 22.8], [868.46, 0.57], [868.45, 0.3], [868.44, 19.18], [868.43, 8.27], [868.42, 7.0], [868.41, 2.38], [868.4, 11.54], [868.39, 0.85], [868.38, 5.65], [868.37, 21.47], [868.36, 0.29], [868.35, 1.97], [868.34, 9.57], [868.33, 60.22], [868.32, 2.61], [868.31, 2.08], [868.3, 3.22], [868.29, 3.48], [868.28, 2.26]], "asks": [[868.48, 4.84], [868.49, 1.3], [868.5, 8.76], [868.51, 0.04], [868.52, 1.83], [868.53, 4.44], [868.54, 8.62], [868.55, 2.9], [868.56, 8.2], [868.57, 12.87], [868.58, 10.59], [868.59, 6.92], [868.6, 6.45], [868.61, 2.63], [868.62, 9.18], [868.63, 2.43], [868.64, 10.11], [868.65, 1.38], [868.66, 14.03], [868.67, 3.17]], "timestamp": "2025-12-17T07:59:30.141382+00:00"}, {"symbol": "BNBUSDT", "bids": [[868.18, 22.98], [868.17, 209.24], [868.16, 0.2], [868.15, 17.55], [868.14, 0.15], [868.11, 3.07], [868.1, 9.06], [868.09, 9.05], [868.08, 0.01], [868.07, 6.96], [868.06, 15.67], [868.05, 7.19], [868.04, 2.05], [868.03, 3.58], [868.02, 2.27], [868.01, 1.67], [868.0, 7.53], [867.99, 8.42], [867.97, 0.02], [867.96, 0.02]], "asks": [[868.19, 9.26], [868.2, 0.03], [868.21, 1.32], [868.22, 0.77], [868.23, 1.82], [868.24, 5.95], [868.25, 0.62], [868.26, 0.9], [868.27, 2.32], [868.28, 4.89], [868.29, 16.97], [868.3, 9.07], [868.31, 14.36], [868.32, 6.01], [868.33, 7.56], [868.34, 2.27], [868.35, 13.45], [868.36, 12.5], [868.37, 6.7], [868.38, 0.06]], "timestamp": "2025-12-17T08:00:21.708294+00:00"}