[{"id": "788150778", "price": 842.94, "amount": 0.1, "side": "buy", "timestamp": 1766014865892}, {"id": "788150779", "price": 842.94, "amount": 0.01, "side": "buy", "timestamp": 1766014866025}, {"id": "788150780", "price": 842.93, "amount": 0.02, "side": "sell", "timestamp": 1766014866036}, {"id": "788150781", "price": 842.93, "amount": 0.06, "side": "sell", "timestamp": 1766014866198}, {"id": "788150782", "price": 842.93, "amount": 0.06, "side": "sell", "timestamp": 1766014867016}, {"id": "788150783", "price": 842.93, "amount": 0.01, "side": "sell", "timestamp": 1766014867413}, {"id": "788150784", "price": 842.93, "amount": 0.06, "side": "sell", "timestamp": 1766014868052}, {"id": "788150785", "price": 842.94, "amount": 0.53, "side": "buy", "timestamp": 1766014868647}, {"id": "788150786", "price": 842.93, "amount": 0.08, "side": "sell", "timestamp": 1766014869064}, {"id": "788150787", "price": 842.94, "amount": 0.01, "side": "buy", "timestamp": 1766014870068}, {"id": "788150788", "price": 842.93, "amount": 0.06, "side": "sell", "timestamp": 1766014870185}, {"id": "788150789", "price": 842.93, "amount": 0.01, "side": "sell", "timestamp": 1766014870368}, {"id": "788150790", "price": 842.93, "amount": 0.06, "side": "sell", "timestamp": 1766014871015}, {"id": "788150791", "price": 842.94, "amount": 0.35, "side": "buy", "timestamp": 1766014871736}, {"id": "788150792", "price": 842.93, "amount": 0.08, "side": "sell", "timestamp": 1766014872052}, {"id": "788150793", "price": 842.94, "amount": 5.0, "side": "buy", "timestamp": 1766014872556}, {"id": "788150794", "price": 842.93, "amount": 0.01, "side": "sell", "timestamp": 1766014872845}, {"id": "788150795", "price": 842.93, "amount": 0.01, "side": "sell", "timestamp": 1766014873028}, {"id": "788150796", "price": 842.94, "amount": 0.32, "side": "buy", "timestamp": 1766014873103}, {"id": "788150797", "price": 842.93, "amount": 0.06, "side": "sell", "timestamp": 1766014873125}, {"id": "788150798", "price": 842.94, "amount": 0.32, "side": "buy", "timestamp": 1766014873189}, {"id": "788150799", "price": 842.93, "amount": 0.06, "side": "sell", "timestamp": 1766014874205}, {"id": "788150800", "price": 842.93, "amount": 0.08, "side": "sell", "timestamp": 1766014875052}, {"id": "788150801", "price": 842.94, "amount": 0.22, "side": "buy", "timestamp": 1766014875430}, {"id": "788150802", "price": 842.93, "amount": 0.06, "side": "sell", "timestamp": 1766014876140}, {"id": "788150803", "price": 842.93, "amount": 0.06, "side": "sell", "timestamp": 1766014877021}, {"id": "788150804", "price": 842.93, "amount": 0.01, "side": "sell", "timestamp": 1766014877197}, {"id": "788150805", "price": 842.93, "amount": 0.7, "side": "sell", "timestamp": 1766014878044}, {"id": "788150806", "price": 842.93, "amount": 0.09, "side": "sell", "timestamp": 1766014878375}, {"id": "788150807", "price": 842.93, "amount": 0.01, "side": "sell", "timestamp": 1766014878878}, {"id": "788150808", "price": 842.93, "amount": 0.06, "side": "sell", "timestamp": 1766014879193}, {"id": "788150809", "price": 842.94, "amount": 0.03, "side": "buy", "timestamp": 1766014879254}, {"id": "788150810", "price": 842.93, "amount": 0.06, "side": "sell", "timestamp": 1766014880034}, {"id": "788150811", "price": 842.93, "amount": 0.01, "side": "sell", "timestamp": 1766014880495}, {"id": "788150812", "price": 842.93, "amount": 0.08, "side": "sell", "timestamp": 1766014881109}, {"id": "788150813", "price": 842.93, "amount": 0.03, "side": "sell", "timestamp": 1766014881620}, {"id": "788150814", "price": 842.94, "amount": 0.06, "side": "buy", "timestamp": 1766014881843}, {"id": "788150815", "price": 842.93, "amount": 0.07, "side": "sell", "timestamp": 1766014881997}, {"id": "788150816", "price": 842.93, "amount": 0.06, "side": "sell", "timestamp": 1766014882195}, {"id": "788150817", "price": 842.93, "amount": 0.08, "side": "sell", "timestamp": 1766014883068}, {"id": "788150818", "price": 842.93, "amount": 0.02, "side": "sell", "timestamp": 1766014883412}, {"id": "788150819", "price": 842.94, "amount": 0.01, "side": "buy", "timestamp": 1766014883641}, {"id": "788150820", "price": 842.93, "amount": 0.02, "side": "sell", "timestamp": 1766014884009}, {"id": "788150821", "price": 842.93, "amount": 0.06, "side": "sell", "timestamp": 1766014884110}, {"id": "788150822", "price": 842.93, "amount": 0.03, "side": "sell", "timestamp": 1766014884314}, {"id": "788150823", "price": 842.93, "amount": 0.01, "side": "sell", "timestamp": 1766014884699}, {"id": "788150824", "price": 842.93, "amount": 0.06, "side": "sell", "timestamp": 1766014885090}, {"id": "788150825", "price": 842.94, "amount": 0.08, "side": "buy", "timestamp": 1766014885489}, {"id": "788150826", "price": 842.93, "amount": 0.4, "side": "sell", "timestamp": 1766014885888}, {"id": "788150827", "price": 842.93, "amount": 0.06, "side": "sell", "timestamp": 1766014886127}, {"id": "788150935", "price": 842.87, "amount": 0.19, "side": "sell", "timestamp": 1766014927089}, {"id": "788150936", "price": 842.88, "amount": 0.01, "side": "buy", "timestamp": 1766014927718}, {"id": "788150937", "price": 842.87, "amount": 0.31, "side": "sell", "timestamp": 1766014927728}, {"id": "788150938", "price": 842.87, "amount": 0.06, "side": "sell", "timestamp": 1766014928142}, {"id": "788150939", "price": 842.87, "amount": 0.04, "side": "sell", "timestamp": 1766014928316}, {"id": "788150940", "price": 842.87, "amount": 0.08, "side": "sell", "timestamp": 1766014929012}, {"id": "788150941", "price": 842.88, "amount": 0.01, "side": "buy", "timestamp": 1766014929949}, {"id": "788150942", "price": 842.87, "amount": 0.06, "side": "sell", "timestamp": 1766014930089}, {"id": "788150943", "price": 842.88, "amount": 0.96, "side": "buy", "timestamp": 1766014930740}, {"id": "788150944", "price": 842.88, "amount": 0.06, "side": "buy", "timestamp": 1766014931099}, {"id": "788150945", "price": 842.87, "amount": 0.06, "side": "sell", "timestamp": 1766014931169}, {"id": "788150946", "price": 842.87, "amount": 0.01, "side": "sell", "timestamp": 1766014931348}, {"id": "788150947", "price": 842.87, "amount": 0.02, "side": "sell", "timestamp": 1766014932054}, {"id": "788150948", "price": 842.87, "amount": 0.06, "side": "sell", "timestamp": 1766014932189}, {"id": "788150949", "price": 842.87, "amount": 0.06, "side": "sell", "timestamp": 1766014933203}, {"id": "788150950", "price": 842.87, "amount": 0.02, "side": "sell", "timestamp": 1766014933431}, {"id": "788150951", "price": 842.87, "amount": 0.1, "side": "sell", "timestamp": 1766014933936}, {"id": "788150952", "price": 842.88, "amount": 0.94, "side": "buy", "timestamp": 1766014934156}, {"id": "788150953", "price": 842.87, "amount": 2.13, "side": "sell", "timestamp": 1766014934301}, {"id": "788150954", "price": 842.87, "amount": 0.01, "side": "sell", "timestamp": 1766014934557}, {"id": "788150955", "price": 842.87, "amount": 0.03, "side": "sell", "timestamp": 1766014934703}, {"id": "788150956", "price": 842.87, "amount": 0.08, "side": "sell", "timestamp": 1766014935059}, {"id": "788150957", "price": 842.87, "amount": 0.27, "side": "sell", "timestamp": 1766014935877}, {"id": "788150958", "price": 842.87, "amount": 0.06, "side": "sell", "timestamp": 1766014936089}, {"id": "788150959", "price": 842.87, "amount": 0.06, "side": "sell", "timestamp": 1766014937121}, {"id": "788150960", "price": 842.87, "amount": 0.02, "side": "sell", "timestamp": 1766014937235}, {"id": "788150961", "price": 842.88, "amount": 0.32, "side": "buy", "timestamp": 1766014937336}, {"id": "788150962", "price": 842.87, "amount": 0.08, "side": "sell", "timestamp": 1766014938159}, {"id": "788150963", "price": 842.87, "amount": 0.01, "side": "sell", "timestamp": 1766014938303}, {"id": "788150964", "price": 842.87, "amount": 0.08, "side": "sell", "timestamp": 1766014938789}, {"id": "788150965", "price": 842.87, "amount": 0.06, "side": "sell", "timestamp": 1766014939006}, {"id": "788150966", "price": 842.87, "amount": 0.06, "side": "sell", "timestamp": 1766014940093}, {"id": "788150967", "price": 842.88, "amount": 3.47, "side": "buy", "timestamp": 1766014940355}, {"id": "788150968", "price": 842.9, "amount": 0.02, "side": "buy", "timestamp": 1766014940358}, {"id": "788150969", "price": 842.91, "amount": 0.01, "side": "buy", "timestamp": 1766014940358}, {"id": "788150970", "price": 842.92, "amount": 0.81, "side": "buy", "timestamp": 1766014940358}, {"id": "788150971", "price": 842.93, "amount": 0.08, "side": "sell", "timestamp": 1766014941144}, {"id": "788150972", "price": 842.94, "amount": 0.02, "side": "buy", "timestamp": 1766014941186}, {"id": "788150973", "price": 842.93, "amount": 0.02, "side": "sell", "timestamp": 1766014941277}, {"id": "788150974", "price": 842.93, "amount": 0.6, "side": "sell", "timestamp": 1766014941432}, {"id": "788150975", "price": 842.93, "amount": 0.01, "side": "sell", "timestamp": 1766014941691}, {"id": "788150976", "price": 842.93, "amount": 0.05, "side": "sell", "timestamp": 1766014941910}, {"id": "788150977", "price": 842.93, "amount": 0.06, "side": "sell", "timestamp": 1766014942197}, {"id": "788150978", "price": 842.93, "amount": 0.06, "side": "sell", "timestamp": 1766014943024}, {"id": "788150979", "price": 842.93, "amount": 0.41, "side": "sell", "timestamp": 1766014943554}, {"id": "788150980", "price": 842.93, "amount": 0.13, "side": "sell", "timestamp": 1766014944071}, {"id": "788150981", "price": 842.93, "amount": 0.02, "side": "sell", "timestamp": 1766014944195}, {"id": "788150982", "price": 842.93, "amount": 0.24, "side": "sell", "timestamp": 1766014945094}, {"id": "788150983", "price": 842.94, "amount": 0.01, "side": "buy", "timestamp": 1766014945358}, {"id": "788150984", "price": 842.93, "amount": 0.06, "side": "sell", "timestamp": 1766014946132}, {"id": "788151094", "price": 843.14, "amount": 7.12, "side": "buy", "timestamp": 1766014984957}, {"id": "788151095", "price": 843.15, "amount": 2.51, "side": "buy", "timestamp": 1766014984957}, {"id": "788151096", "price": 843.16, "amount": 0.42, "side": "buy", "timestamp": 1766014984957}, {"id": "788151097", "price": 843.14, "amount": 0.06, "side": "sell", "timestamp": 1766014985077}, {"id": "788151098", "price": 843.15, "amount": 0.04, "side": "buy", "timestamp": 1766014985140}, {"id": "788151099", "price": 843.15, "amount": 0.01, "side": "buy", "timestamp": 1766014985453}, {"id": "788151100", "price": 843.14, "amount": 0.08, "side": "sell", "timestamp": 1766014986079}, {"id": "788151101", "price": 843.15, "amount": 1.11, "side": "buy", "timestamp": 1766014986261}, {"id": "788151102", "price": 843.14, "amount": 0.01, "side": "sell", "timestamp": 1766014986630}, {"id": "788151103", "price": 843.15, "amount": 0.15, "side": "buy", "timestamp": 1766014986860}, {"id": "788151104", "price": 843.14, "amount": 0.06, "side": "sell", "timestamp": 1766014987144}, {"id": "788151105", "price": 843.15, "amount": 0.59, "side": "buy", "timestamp": 1766014987178}, {"id": "788151106", "price": 843.14, "amount": 0.03, "side": "sell", "timestamp": 1766014987325}, {"id": "788151107", "price": 843.14, "amount": 0.06, "side": "sell", "timestamp": 1766014988165}, {"id": "788151108", "price": 843.14, "amount": 0.08, "side": "sell", "timestamp": 1766014989160}, {"id": "788151109", "price": 843.15, "amount": 0.01, "side": "buy", "timestamp": 1766014989902}, {"id": "788151110", "price": 843.14, "amount": 0.06, "side": "sell", "timestamp": 1766014990196}, {"id": "788151111", "price": 843.14, "amount": 0.06, "side": "sell", "timestamp": 1766014991012}, {"id": "788151112", "price": 843.14, "amount": 0.01, "side": "sell", "timestamp": 1766014991438}, {"id": "788151113", "price": 843.15, "amount": 0.01, "side": "buy", "timestamp": 1766014991639}, {"id": "788151114", "price": 843.14, "amount": 0.09, "side": "sell", "timestamp": 1766014991974}, {"id": "788151115", "price": 843.14, "amount": 0.03, "side": "sell", "timestamp": 1766014992141}, {"id": "788151116", "price": 843.14, "amount": 2.98, "side": "sell", "timestamp": 1766014992286}, {"id": "788151117", "price": 843.14, "amount": 0.06, "side": "sell", "timestamp": 1766014993051}, {"id": "788151118", "price": 843.14, "amount": 0.01, "side": "sell", "timestamp": 1766014993855}, {"id": "788151119", "price": 843.14, "amount": 0.06, "side": "sell", "timestamp": 1766014994107}, {"id": "788151120", "price": 843.15, "amount": 0.1, "side": "buy", "timestamp": 1766014994987}, {"id": "788151121", "price": 843.14, "amount": 0.09, "side": "sell", "timestamp": 1766014994989}, {"id": "788151122", "price": 843.14, "amount": 0.06, "side": "sell", "timestamp": 1766014995152}, {"id": "788151123", "price": 843.14, "amount": 0.04, "side": "sell", "timestamp": 1766014995357}, {"id": "788151124", "price": 843.15, "amount": 0.04, "side": "buy", "timestamp": 1766014995468}, {"id": "788151125", "price": 843.14, "amount": 0.06, "side": "sell", "timestamp": 1766014996176}, {"id": "788151126", "price": 843.14, "amount": 0.06, "side": "sell", "timestamp": 1766014997006}, {"id": "788151127", "price": 843.14, "amount": 0.05, "side": "sell", "timestamp": 1766014997457}, {"id": "788151128", "price": 843.14, "amount": 0.08, "side": "sell", "timestamp": 1766014998036}, {"id": "788151129", "price": 843.14, "amount": 0.02, "side": "sell", "timestamp": 1766014998559}, {"id": "788151130", "price": 843.14, "amount": 0.06, "side": "sell", "timestamp": 1766014999065}, {"id": "788151131", "price": 843.14, "amount": 0.01, "side": "sell", "timestamp": 1766014999421}, {"id": "788151132", "price": 843.14, "amount": 0.08, "side": "sell", "timestamp": 1766014999534}, {"id": "788151133", "price": 843.14, "amount": 0.06, "side": "sell", "timestamp": 1766015000093}, {"id": "788151134", "price": 843.15, "amount": 0.01, "side": "buy", "timestamp": 1766015000098}, {"id": "788151135", "price": 843.14, "amount": 0.08, "side": "sell", "timestamp": 1766015000130}, {"id": "788151136", "price": 843.14, "amount": 0.01, "side": "sell", "timestamp": 1766015000564}, {"id": "788151137", "price": 843.14, "amount": 0.08, "side": "sell", "timestamp": 1766015001098}, {"id": "788151138", "price": 843.14, "amount": 0.04, "side": "sell", "timestamp": 1766015001737}, {"id": "788151139", "price": 843.14, "amount": 0.06, "side": "sell", "timestamp": 1766015002152}, {"id": "788151140", "price": 843.14, "amount": 0.02, "side": "sell", "timestamp": 1766015002505}, {"id": "788151141", "price": 843.14, "amount": 0.07, "side": "sell", "timestamp": 1766015003186}, {"id": "788151142", "price": 843.15, "amount": 0.18, "side": "buy", "timestamp": 1766015003576}, {"id": "788151143", "price": 843.14, "amount": 0.08, "side": "sell", "timestamp": 1766015004032}, {"id": "788151261", "price": 843.11, "amount": 0.02, "side": "sell", "timestamp": 1766015041826}, {"id": "788151262", "price": 843.09, "amount": 0.11, "side": "sell", "timestamp": 1766015041830}, {"id": "788151263", "price": 843.09, "amount": 0.02, "side": "sell", "timestamp": 1766015042069}, {"id": "788151264", "price": 843.08, "amount": 0.01, "side": "sell", "timestamp": 1766015042069}, {"id": "788151265", "price": 843.07, "amount": 0.02, "side": "sell", "timestamp": 1766015042069}, {"id": "788151266", "price": 843.06, "amount": 0.06, "side": "sell", "timestamp": 1766015042070}, {"id": "788151267", "price": 843.07, "amount": 5.51, "side": "buy", "timestamp": 1766015042127}, {"id": "788151268", "price": 843.06, "amount": 0.11, "side": "sell", "timestamp": 1766015043050}, {"id": "788151269", "price": 843.06, "amount": 0.06, "side": "sell", "timestamp": 1766015043196}, {"id": "788151270", "price": 843.06, "amount": 0.09, "side": "sell", "timestamp": 1766015044022}, {"id": "788151271", "price": 843.07, "amount": 0.23, "side": "buy", "timestamp": 1766015044071}, {"id": "788151272", "price": 843.06, "amount": 0.06, "side": "sell", "timestamp": 1766015044839}, {"id": "788151273", "price": 843.06, "amount": 0.06, "side": "sell", "timestamp": 1766015045050}, {"id": "788151274", "price": 843.06, "amount": 0.01, "side": "sell", "timestamp": 1766015045170}, {"id": "788151275", "price": 843.06, "amount": 0.77, "side": "sell", "timestamp": 1766015046038}, {"id": "788151276", "price": 843.06, "amount": 0.07, "side": "sell", "timestamp": 1766015047018}, {"id": "788151277", "price": 843.06, "amount": 0.06, "side": "sell", "timestamp": 1766015048150}, {"id": "788151278", "price": 843.06, "amount": 0.04, "side": "sell", "timestamp": 1766015048314}, {"id": "788151279", "price": 843.07, "amount": 1.18, "side": "buy", "timestamp": 1766015048486}, {"id": "788151280", "price": 843.06, "amount": 0.61, "side": "sell", "timestamp": 1766015048490}, {"id": "788151281", "price": 843.06, "amount": 0.04, "side": "sell", "timestamp": 1766015048847}, {"id": "788151282", "price": 843.05, "amount": 0.02, "side": "sell", "timestamp": 1766015048847}, {"id": "788151283", "price": 843.04, "amount": 0.01, "side": "sell", "timestamp": 1766015048847}, {"id": "788151284", "price": 843.03, "amount": 0.14, "side": "sell", "timestamp": 1766015048851}, {"id": "788151285", "price": 843.03, "amount": 0.06, "side": "sell", "timestamp": 1766015049014}, {"id": "788151286", "price": 843.04, "amount": 0.27, "side": "buy", "timestamp": 1766015049133}, {"id": "788151287", "price": 843.03, "amount": 0.02, "side": "sell", "timestamp": 1766015049158}, {"id": "788151288", "price": 843.03, "amount": 0.06, "side": "sell", "timestamp": 1766015050029}, {"id": "788151289", "price": 843.04, "amount": 0.03, "side": "buy", "timestamp": 1766015050304}, {"id": "788151290", "price": 843.03, "amount": 0.05, "side": "sell", "timestamp": 1766015050360}, {"id": "788151291", "price": 843.02, "amount": 0.02, "side": "sell", "timestamp": 1766015050360}, {"id": "788151292", "price": 843.01, "amount": 0.02, "side": "sell", "timestamp": 1766015050360}, {"id": "788151293", "price": 843.0, "amount": 0.06, "side": "sell", "timestamp": 1766015051109}, {"id": "788151294", "price": 843.01, "amount": 0.17, "side": "buy", "timestamp": 1766015051726}, {"id": "788151295", "price": 843.0, "amount": 0.08, "side": "sell", "timestamp": 1766015052179}, {"id": "788151296", "price": 843.01, "amount": 0.03, "side": "buy", "timestamp": 1766015052408}, {"id": "788151297", "price": 843.0, "amount": 0.59, "side": "sell", "timestamp": 1766015052662}, {"id": "788151298", "price": 843.0, "amount": 0.06, "side": "sell", "timestamp": 1766015053071}, {"id": "788151299", "price": 843.0, "amount": 0.06, "side": "sell", "timestamp": 1766015054086}, {"id": "788151300", "price": 843.01, "amount": 0.21, "side": "buy", "timestamp": 1766015054660}, {"id": "788151301", "price": 843.0, "amount": 0.02, "side": "sell", "timestamp": 1766015055016}, {"id": "788151302", "price": 843.0, "amount": 0.06, "side": "sell", "timestamp": 1766015055133}, {"id": "788151303", "price": 843.0, "amount": 0.09, "side": "sell", "timestamp": 1766015055949}, {"id": "788151304", "price": 843.0, "amount": 0.01, "side": "sell", "timestamp": 1766015056064}, {"id": "788151305", "price": 843.0, "amount": 0.06, "side": "sell", "timestamp": 1766015056187}, {"id": "788151306", "price": 843.0, "amount": 0.06, "side": "sell", "timestamp": 1766015057030}, {"id": "788151307", "price": 843.0, "amount": 0.08, "side": "sell", "timestamp": 1766015058080}, {"id": "788151308", "price": 843.01, "amount": 0.05, "side": "buy", "timestamp": 1766015058877}, {"id": "788151309", "price": 843.0, "amount": 0.1, "side": "sell", "timestamp": 1766015059030}, {"id": "788151310", "price": 843.0, "amount": 0.29, "side": "sell", "timestamp": 1766015059477}, {"id": "788151369", "price": 843.0, "amount": 0.06, "side": "sell", "timestamp": 1766015092198}, {"id": "788151370", "price": 843.0, "amount": 0.06, "side": "sell", "timestamp": 1766015092310}, {"id": "788151371", "price": 843.01, "amount": 0.71, "side": "buy", "timestamp": 1766015092737}, {"id": "788151372", "price": 843.0, "amount": 0.06, "side": "sell", "timestamp": 1766015093047}, {"id": "788151373", "price": 843.0, "amount": 0.02, "side": "sell", "timestamp": 1766015093538}, {"id": "788151374", "price": 843.01, "amount": 0.04, "side": "buy", "timestamp": 1766015093920}, {"id": "788151375", "price": 843.0, "amount": 0.08, "side": "sell", "timestamp": 1766015094041}, {"id": "788151376", "price": 843.0, "amount": 0.06, "side": "sell", "timestamp": 1766015095095}, {"id": "788151377", "price": 843.01, "amount": 0.01, "side": "buy", "timestamp": 1766015095724}, {"id": "788151378", "price": 843.0, "amount": 0.06, "side": "sell", "timestamp": 1766015096169}, {"id": "788151379", "price": 843.0, "amount": 0.02, "side": "sell", "timestamp": 1766015097062}, {"id": "788151380", "price": 843.0, "amount": 0.06, "side": "sell", "timestamp": 1766015097186}, {"id": "788151381", "price": 843.0, "amount": 0.06, "side": "sell", "timestamp": 1766015098201}, {"id": "788151382", "price": 843.01, "amount": 0.03, "side": "buy", "timestamp": 1766015098818}, {"id": "788151383", "price": 843.0, "amount": 0.06, "side": "sell", "timestamp": 1766015099033}, {"id": "788151384", "price": 843.01, "amount": 0.01, "side": "buy", "timestamp": 1766015099641}, {"id": "788151385", "price": 843.01, "amount": 0.7, "side": "buy", "timestamp": 1766015100063}, {"id": "788151386", "price": 843.0, "amount": 0.08, "side": "sell", "timestamp": 1766015100063}, {"id": "788151387", "price": 843.01, "amount": 9.96, "side": "buy", "timestamp": 1766015100126}, {"id": "788151388", "price": 843.01, "amount": 7.33, "side": "buy", "timestamp": 1766015100227}, {"id": "788151389", "price": 843.02, "amount": 0.01, "side": "buy", "timestamp": 1766015100239}, {"id": "788151390", "price": 843.03, "amount": 0.11, "side": "buy", "timestamp": 1766015100247}, {"id": "788151391", "price": 843.03, "amount": 0.15, "side": "sell", "timestamp": 1766015101241}, {"id": "788151392", "price": 843.04, "amount": 0.08, "side": "buy", "timestamp": 1766015101851}, {"id": "788151393", "price": 843.04, "amount": 0.95, "side": "buy", "timestamp": 1766015102145}, {"id": "788151394", "price": 843.04, "amount": 0.01, "side": "buy", "timestamp": 1766015102643}, {"id": "788151395", "price": 843.04, "amount": 0.19, "side": "buy", "timestamp": 1766015103877}, {"id": "788151396", "price": 843.03, "amount": 0.01, "side": "sell", "timestamp": 1766015104023}, {"id": "788151397", "price": 843.04, "amount": 4.36, "side": "buy", "timestamp": 1766015104218}, {"id": "788151398", "price": 843.06, "amount": 7.0, "side": "sell", "timestamp": 1766015104641}, {"id": "788151399", "price": 843.06, "amount": 0.02, "side": "sell", "timestamp": 1766015105452}, {"id": "788151400", "price": 843.07, "amount": 0.05, "side": "buy", "timestamp": 1766015105554}, {"id": "788151401", "price": 843.07, "amount": 0.33, "side": "buy", "timestamp": 1766015108320}, {"id": "788151402", "price": 843.07, "amount": 0.03, "side": "buy", "timestamp": 1766015109371}, {"id": "788151403", "price": 843.07, "amount": 0.9, "side": "buy", "timestamp": 1766015109509}, {"id": "788151404", "price": 843.07, "amount": 0.15, "side": "buy", "timestamp": 1766015109858}, {"id": "788151405", "price": 843.07, "amount": 0.01, "side": "buy", "timestamp": 1766015110070}, {"id": "788151406", "price": 843.06, "amount": 2.44, "side": "sell", "timestamp": 1766015111561}, {"id": "788151407", "price": 843.06, "amount": 9.02, "side": "sell", "timestamp": 1766015111994}, {"id": "788151408", "price": 843.05, "amount": 0.02, "side": "sell", "timestamp": 1766015112222}, {"id": "788151409", "price": 843.04, "amount": 0.01, "side": "sell", "timestamp": 1766015112222}, {"id": "788151410", "price": 843.03, "amount": 0.17, "side": "sell", "timestamp": 1766015112580}, {"id": "788151411", "price": 843.02, "amount": 0.02, "side": "sell", "timestamp": 1766015112580}, {"id": "788151412", "price": 843.01, "amount": 0.29, "side": "buy", "timestamp": 1766015113095}, {"id": "788151413", "price": 843.01, "amount": 0.01, "side": "buy", "timestamp": 1766015114696}, {"id": "788151414", "price": 843.01, "amount": 0.02, "side": "buy", "timestamp": 1766015116638}, {"id": "788151415", "price": 843.01, "amount": 0.67, "side": "buy", "timestamp": 1766015118074}, {"id": "788151416", "price": 843.01, "amount": 0.01, "side": "buy", "timestamp": 1766015118797}, {"id": "788151417", "price": 843.0, "amount": 0.09, "side": "sell", "timestamp": 1766015119027}, {"id": "788151418", "price": 843.0, "amount": 0.47, "side": "sell", "timestamp": 1766015119553}, {"id": "788151666", "price": 843.14, "amount": 0.01, "side": "buy", "timestamp": 1766015164383}, {"id": "788151667", "price": 843.13, "amount": 0.09, "side": "sell", "timestamp": 1766015164584}, {"id": "788151668", "price": 843.14, "amount": 0.01, "side": "buy", "timestamp": 1766015164606}, {"id": "788151669", "price": 843.13, "amount": 0.32, "side": "sell", "timestamp": 1766015164845}, {"id": "788151670", "price": 843.13, "amount": 0.15, "side": "sell", "timestamp": 1766015165074}, {"id": "788151671", "price": 843.14, "amount": 0.34, "side": "buy", "timestamp": 1766015165594}, {"id": "788151672", "price": 843.13, "amount": 0.06, "side": "sell", "timestamp": 1766015166155}, {"id": "788151673", "price": 843.13, "amount": 0.17, "side": "sell", "timestamp": 1766015166653}, {"id": "788151674", "price": 843.13, "amount": 1.72, "side": "sell", "timestamp": 1766015166918}, {"id": "788151675", "price": 843.1, "amount": 0.02, "side": "sell", "timestamp": 1766015166927}, {"id": "788151676", "price": 843.07, "amount": 0.05, "side": "sell", "timestamp": 1766015166927}, {"id": "788151677", "price": 843.06, "amount": 0.1, "side": "sell", "timestamp": 1766015166934}, {"id": "788151678", "price": 843.06, "amount": 0.06, "side": "sell", "timestamp": 1766015168095}, {"id": "788151679", "price": 843.06, "amount": 0.02, "side": "sell", "timestamp": 1766015168204}, {"id": "788151680", "price": 843.06, "amount": 0.06, "side": "sell", "timestamp": 1766015169144}, {"id": "788151681", "price": 843.06, "amount": 0.01, "side": "sell", "timestamp": 1766015169927}, {"id": "788151682", "price": 843.06, "amount": 0.06, "side": "sell", "timestamp": 1766015170156}, {"id": "788151683", "price": 843.06, "amount": 0.02, "side": "sell", "timestamp": 1766015171035}, {"id": "788151684", "price": 843.06, "amount": 0.06, "side": "sell", "timestamp": 1766015171172}, {"id": "788151685", "price": 843.07, "amount": 0.01, "side": "buy", "timestamp": 1766015171640}, {"id": "788151686", "price": 843.06, "amount": 0.06, "side": "sell", "timestamp": 1766015172191}, {"id": "788151687", "price": 843.06, "amount": 0.02, "side": "sell", "timestamp": 1766015172945}, {"id": "788151688", "price": 843.07, "amount": 0.11, "side": "buy", "timestamp": 1766015173103}, {"id": "788151689", "price": 843.06, "amount": 0.06, "side": "sell", "timestamp": 1766015173210}, {"id": "788151690", "price": 843.06, "amount": 0.69, "side": "sell", "timestamp": 1766015173811}, {"id": "788151691", "price": 843.05, "amount": 0.02, "side": "sell", "timestamp": 1766015173811}, {"id": "788151692", "price": 843.04, "amount": 0.01, "side": "sell", "timestamp": 1766015173811}, {"id": "788151693", "price": 843.03, "amount": 0.03, "side": "sell", "timestamp": 1766015173811}, {"id": "788151694", "price": 843.01, "amount": 0.02, "side": "sell", "timestamp": 1766015173811}, {"id": "788151695", "price": 843.0, "amount": 4.74, "side": "sell", "timestamp": 1766015173811}, {"id": "788151696", "price": 842.99, "amount": 2.93, "side": "sell", "timestamp": 1766015173811}, {"id": "788151697", "price": 842.98, "amount": 0.03, "side": "sell", "timestamp": 1766015173811}, {"id": "788151698", "price": 842.97, "amount": 31.23, "side": "sell", "timestamp": 1766015173811}, {"id": "788151699", "price": 842.96, "amount": 2.56, "side": "sell", "timestamp": 1766015173811}, {"id": "788151700", "price": 842.95, "amount": 2.93, "side": "sell", "timestamp": 1766015173811}, {"id": "788151701", "price": 842.94, "amount": 0.01, "side": "sell", "timestamp": 1766015173811}, {"id": "788151702", "price": 842.93, "amount": 2.04, "side": "sell", "timestamp": 1766015173811}, {"id": "788151703", "price": 842.92, "amount": 10.44, "side": "sell", "timestamp": 1766015173811}, {"id": "788151704", "price": 842.91, "amount": 21.58, "side": "sell", "timestamp": 1766015173811}, {"id": "788151705", "price": 842.9, "amount": 2.88, "side": "sell", "timestamp": 1766015173811}, {"id": "788151706", "price": 842.89, "amount": 0.93, "side": "sell", "timestamp": 1766015173811}, {"id": "788151707", "price": 842.88, "amount": 10.29, "side": "sell", "timestamp": 1766015173811}, {"id": "788151708", "price": 842.87, "amount": 5.0, "side": "sell", "timestamp": 1766015173811}, {"id": "788151709", "price": 842.86, "amount": 1.65, "side": "sell", "timestamp": 1766015173811}, {"id": "788151710", "price": 842.85, "amount": 1.35, "side": "sell", "timestamp": 1766015173811}, {"id": "788151711", "price": 842.84, "amount": 17.4, "side": "sell", "timestamp": 1766015173811}, {"id": "788151712", "price": 842.85, "amount": 0.22, "side": "buy", "timestamp": 1766015173867}, {"id": "788151713", "price": 842.84, "amount": 0.08, "side": "sell", "timestamp": 1766015174049}, {"id": "788151714", "price": 842.85, "amount": 0.16, "side": "buy", "timestamp": 1766015174373}, {"id": "788151715", "price": 842.84, "amount": 0.06, "side": "sell", "timestamp": 1766015175093}, {"id": "788151877", "price": 843.17, "amount": 0.06, "side": "sell", "timestamp": 1766015214097}, {"id": "788151878", "price": 843.18, "amount": 0.64, "side": "buy", "timestamp": 1766015214207}, {"id": "788151879", "price": 843.17, "amount": 0.06, "side": "sell", "timestamp": 1766015215157}, {"id": "788151880", "price": 843.17, "amount": 0.01, "side": "sell", "timestamp": 1766015215298}, {"id": "788151881", "price": 843.17, "amount": 0.01, "side": "sell", "timestamp": 1766015215517}, {"id": "788151882", "price": 843.17, "amount": 0.02, "side": "sell", "timestamp": 1766015216061}, {"id": "788151883", "price": 843.17, "amount": 0.06, "side": "sell", "timestamp": 1766015216185}, {"id": "788151884", "price": 843.18, "amount": 0.12, "side": "buy", "timestamp": 1766015216553}, {"id": "788151885", "price": 843.18, "amount": 1.8, "side": "buy", "timestamp": 1766015216948}, {"id": "788151886", "price": 843.2, "amount": 0.01, "side": "buy", "timestamp": 1766015216948}, {"id": "788151887", "price": 843.21, "amount": 0.03, "side": "buy", "timestamp": 1766015216956}, {"id": "788151888", "price": 843.22, "amount": 0.01, "side": "buy", "timestamp": 1766015216959}, {"id": "788151889", "price": 843.24, "amount": 0.1, "side": "buy", "timestamp": 1766015216967}, {"id": "788151890", "price": 843.26, "amount": 0.06, "side": "sell", "timestamp": 1766015217038}, {"id": "788151891", "price": 843.27, "amount": 0.01, "side": "buy", "timestamp": 1766015217201}, {"id": "788151892", "price": 843.27, "amount": 0.23, "side": "buy", "timestamp": 1766015217715}, {"id": "788151893", "price": 843.26, "amount": 0.06, "side": "sell", "timestamp": 1766015218074}, {"id": "788151894", "price": 843.27, "amount": 0.01, "side": "buy", "timestamp": 1766015218669}, {"id": "788151895", "price": 843.27, "amount": 0.01, "side": "buy", "timestamp": 1766015218935}, {"id": "788151896", "price": 843.26, "amount": 0.08, "side": "sell", "timestamp": 1766015219105}, {"id": "788151897", "price": 843.26, "amount": 0.12, "side": "sell", "timestamp": 1766015219497}, {"id": "788151898", "price": 843.26, "amount": 0.06, "side": "sell", "timestamp": 1766015220175}, {"id": "788151899", "price": 843.26, "amount": 0.06, "side": "sell", "timestamp": 1766015221087}, {"id": "788151900", "price": 843.26, "amount": 0.09, "side": "sell", "timestamp": 1766015221282}, {"id": "788151901", "price": 843.26, "amount": 0.08, "side": "sell", "timestamp": 1766015222106}, {"id": "788151902", "price": 843.27, "amount": 0.01, "side": "buy", "timestamp": 1766015222352}, {"id": "788151903", "price": 843.26, "amount": 0.01, "side": "sell", "timestamp": 1766015222548}, {"id": "788151904", "price": 843.26, "amount": 0.06, "side": "sell", "timestamp": 1766015223182}, {"id": "788151905", "price": 843.26, "amount": 0.05, "side": "sell", "timestamp": 1766015223637}, {"id": "788151906", "price": 843.26, "amount": 0.03, "side": "sell", "timestamp": 1766015223846}, {"id": "788151907", "price": 843.26, "amount": 0.06, "side": "sell", "timestamp": 1766015224049}, {"id": "788151908", "price": 843.27, "amount": 0.05, "side": "buy", "timestamp": 1766015224145}, {"id": "788151909", "price": 843.27, "amount": 0.02, "side": "buy", "timestamp": 1766015225043}, {"id": "788151910", "price": 843.26, "amount": 0.08, "side": "sell", "timestamp": 1766015225083}, {"id": "788151911", "price": 843.26, "amount": 0.23, "side": "sell", "timestamp": 1766015226064}, {"id": "788151912", "price": 843.26, "amount": 0.06, "side": "sell", "timestamp": 1766015226166}, {"id": "788151913", "price": 843.26, "amount": 0.31, "side": "sell", "timestamp": 1766015226395}, {"id": "788151914", "price": 843.26, "amount": 0.02, "side": "sell", "timestamp": 1766015226687}, {"id": "788151915", "price": 843.26, "amount": 0.06, "side": "sell", "timestamp": 1766015227088}, {"id": "788151916", "price": 843.27, "amount": 0.01, "side": "buy", "timestamp": 1766015227206}, {"id": "788151917", "price": 843.27, "amount": 0.03, "side": "buy", "timestamp": 1766015227517}, {"id": "788151918", "price": 843.26, "amount": 0.08, "side": "sell", "timestamp": 1766015228064}, {"id": "788151919", "price": 843.26, "amount": 0.06, "side": "sell", "timestamp": 1766015229167}, {"id": "788151920", "price": 843.27, "amount": 0.43, "side": "buy", "timestamp": 1766015229302}, {"id": "788151921", "price": 843.27, "amount": 0.01, "side": "buy", "timestamp": 1766015229895}, {"id": "788151922", "price": 843.26, "amount": 0.06, "side": "sell", "timestamp": 1766015230031}, {"id": "788151923", "price": 843.27, "amount": 0.94, "side": "buy", "timestamp": 1766015230329}, {"id": "788151924", "price": 843.26, "amount": 0.08, "side": "sell", "timestamp": 1766015231081}, {"id": "788151925", "price": 843.26, "amount": 0.05, "side": "sell", "timestamp": 1766015231238}, {"id": "788151926", "price": 843.26, "amount": 0.03, "side": "sell", "timestamp": 1766015231761}, {"id": "788152010", "price": 843.23, "amount": 0.06, "side": "sell", "timestamp": 1766015272291}, {"id": "788152011", "price": 843.21, "amount": 0.02, "side": "sell", "timestamp": 1766015272291}, {"id": "788152012", "price": 843.2, "amount": 0.02, "side": "sell", "timestamp": 1766015272295}, {"id": "788152013", "price": 843.18, "amount": 0.02, "side": "sell", "timestamp": 1766015272301}, {"id": "788152014", "price": 843.17, "amount": 0.03, "side": "sell", "timestamp": 1766015272309}, {"id": "788152015", "price": 843.16, "amount": 0.04, "side": "sell", "timestamp": 1766015272309}, {"id": "788152016", "price": 843.15, "amount": 0.01, "side": "sell", "timestamp": 1766015272309}, {"id": "788152017", "price": 843.12, "amount": 0.01, "side": "sell", "timestamp": 1766015272769}, {"id": "788152018", "price": 843.12, "amount": 0.08, "side": "sell", "timestamp": 1766015273030}, {"id": "788152019", "price": 843.13, "amount": 0.36, "side": "buy", "timestamp": 1766015273509}, {"id": "788152020", "price": 843.14, "amount": 0.02, "side": "buy", "timestamp": 1766015273509}, {"id": "788152021", "price": 843.15, "amount": 0.05, "side": "buy", "timestamp": 1766015273512}, {"id": "788152022", "price": 843.16, "amount": 0.02, "side": "buy", "timestamp": 1766015273512}, {"id": "788152023", "price": 843.17, "amount": 0.09, "side": "buy", "timestamp": 1766015273517}, {"id": "788152024", "price": 843.17, "amount": 0.06, "side": "sell", "timestamp": 1766015274180}, {"id": "788152025", "price": 843.18, "amount": 0.06, "side": "buy", "timestamp": 1766015274265}, {"id": "788152026", "price": 843.19, "amount": 0.04, "side": "buy", "timestamp": 1766015274269}, {"id": "788152027", "price": 843.19, "amount": 0.04, "side": "buy", "timestamp": 1766015275044}, {"id": "788152028", "price": 843.18, "amount": 0.06, "side": "sell", "timestamp": 1766015275046}, {"id": "788152029", "price": 843.18, "amount": 0.08, "side": "sell", "timestamp": 1766015276056}, {"id": "788152030", "price": 843.18, "amount": 0.06, "side": "sell", "timestamp": 1766015277139}, {"id": "788152031", "price": 843.18, "amount": 0.06, "side": "sell", "timestamp": 1766015278033}, {"id": "788152032", "price": 843.19, "amount": 0.17, "side": "buy", "timestamp": 1766015278770}, {"id": "788152033", "price": 843.19, "amount": 0.79, "side": "buy", "timestamp": 1766015279046}, {"id": "788152034", "price": 843.18, "amount": 0.08, "side": "sell", "timestamp": 1766015279089}, {"id": "788152035", "price": 843.19, "amount": 0.01, "side": "buy", "timestamp": 1766015279638}, {"id": "788152036", "price": 843.18, "amount": 0.06, "side": "sell", "timestamp": 1766015280174}, {"id": "788152037", "price": 843.18, "amount": 0.06, "side": "sell", "timestamp": 1766015281077}, {"id": "788152038", "price": 843.18, "amount": 0.12, "side": "sell", "timestamp": 1766015281353}, {"id": "788152039", "price": 843.18, "amount": 8.47, "side": "sell", "timestamp": 1766015281467}, {"id": "788152040", "price": 843.18, "amount": 0.08, "side": "sell", "timestamp": 1766015282112}, {"id": "788152041", "price": 843.19, "amount": 0.03, "side": "buy", "timestamp": 1766015282709}, {"id": "788152042", "price": 843.18, "amount": 0.06, "side": "sell", "timestamp": 1766015283070}, {"id": "788152043", "price": 843.19, "amount": 0.15, "side": "buy", "timestamp": 1766015283407}, {"id": "788152044", "price": 843.19, "amount": 0.01, "side": "buy", "timestamp": 1766015283946}, {"id": "788152045", "price": 843.18, "amount": 0.06, "side": "sell", "timestamp": 1766015284187}, {"id": "788152046", "price": 843.19, "amount": 0.04, "side": "buy", "timestamp": 1766015284473}, {"id": "788152047", "price": 843.19, "amount": 0.01, "side": "buy", "timestamp": 1766015284661}, {"id": "788152048", "price": 843.18, "amount": 0.14, "side": "sell", "timestamp": 1766015285009}, {"id": "788152049", "price": 843.18, "amount": 0.02, "side": "sell", "timestamp": 1766015285127}, {"id": "788152050", "price": 843.18, "amount": 0.06, "side": "sell", "timestamp": 1766015286082}, {"id": "788152051", "price": 843.18, "amount": 0.06, "side": "sell", "timestamp": 1766015287118}, {"id": "788152052", "price": 843.18, "amount": 0.01, "side": "sell", "timestamp": 1766015287635}, {"id": "788152053", "price": 843.18, "amount": 0.08, "side": "sell", "timestamp": 1766015288012}, {"id": "788152054", "price": 843.18, "amount": 0.01, "side": "sell", "timestamp": 1766015288524}, {"id": "788152055", "price": 843.18, "amount": 0.07, "side": "sell", "timestamp": 1766015289108}, {"id": "788152056", "price": 843.18, "amount": 0.06, "side": "sell", "timestamp": 1766015290010}, {"id": "788152057", "price": 843.18, "amount": 0.08, "side": "sell", "timestamp": 1766015291064}, {"id": "788152058", "price": 843.19, "amount": 0.02, "side": "buy", "timestamp": 1766015291211}, {"id": "788152059", "price": 843.19, "amount": 0.35, "side": "buy", "timestamp": 1766015291545}, {"id": "788152178", "price": 843.18, "amount": 0.01, "side": "buy", "timestamp": 1766015336963}, {"id": "788152179", "price": 843.2, "amount": 0.06, "side": "sell", "timestamp": 1766015337049}, {"id": "788152180", "price": 843.21, "amount": 0.05, "side": "buy", "timestamp": 1766015337729}, {"id": "788152181", "price": 843.22, "amount": 0.02, "side": "buy", "timestamp": 1766015337729}, {"id": "788152182", "price": 843.24, "amount": 0.02, "side": "buy", "timestamp": 1766015337730}, {"id": "788152183", "price": 843.24, "amount": 0.04, "side": "sell", "timestamp": 1766015337755}, {"id": "788152184", "price": 843.25, "amount": 3.16, "side": "buy", "timestamp": 1766015337961}, {"id": "788152185", "price": 843.26, "amount": 1.66, "side": "buy", "timestamp": 1766015337961}, {"id": "788152186", "price": 843.27, "amount": 3.8, "side": "buy", "timestamp": 1766015337961}, {"id": "788152187", "price": 843.28, "amount": 0.03, "side": "buy", "timestamp": 1766015337961}, {"id": "788152188", "price": 843.29, "amount": 0.02, "side": "buy", "timestamp": 1766015337961}, {"id": "788152189", "price": 843.3, "amount": 0.55, "side": "buy", "timestamp": 1766015337961}, {"id": "788152190", "price": 843.31, "amount": 0.04, "side": "buy", "timestamp": 1766015337961}, {"id": "788152191", "price": 843.32, "amount": 2.65, "side": "buy", "timestamp": 1766015337961}, {"id": "788152192", "price": 843.33, "amount": 4.21, "side": "buy", "timestamp": 1766015337963}, {"id": "788152193", "price": 843.34, "amount": 0.6, "side": "buy", "timestamp": 1766015337967}, {"id": "788152194", "price": 843.35, "amount": 0.02, "side": "buy", "timestamp": 1766015337967}, {"id": "788152195", "price": 843.36, "amount": 0.04, "side": "buy", "timestamp": 1766015337967}, {"id": "788152196", "price": 843.37, "amount": 3.08, "side": "buy", "timestamp": 1766015337970}, {"id": "788152197", "price": 843.38, "amount": 2.3, "side": "buy", "timestamp": 1766015337970}, {"id": "788152198", "price": 843.37, "amount": 0.06, "side": "sell", "timestamp": 1766015338132}, {"id": "788152199", "price": 843.37, "amount": 0.02, "side": "sell", "timestamp": 1766015338361}, {"id": "788152200", "price": 843.37, "amount": 0.02, "side": "sell", "timestamp": 1766015339072}, {"id": "788152201", "price": 843.37, "amount": 0.06, "side": "sell", "timestamp": 1766015339177}, {"id": "788152202", "price": 843.38, "amount": 0.05, "side": "buy", "timestamp": 1766015339440}, {"id": "788152203", "price": 843.37, "amount": 0.03, "side": "sell", "timestamp": 1766015339569}, {"id": "788152204", "price": 843.37, "amount": 0.06, "side": "sell", "timestamp": 1766015340189}, {"id": "788152205", "price": 843.37, "amount": 0.06, "side": "sell", "timestamp": 1766015341021}, {"id": "788152206", "price": 843.37, "amount": 0.08, "side": "sell", "timestamp": 1766015342068}, {"id": "788152207", "price": 843.37, "amount": 0.06, "side": "sell", "timestamp": 1766015343121}, {"id": "788152208", "price": 843.37, "amount": 11.11, "side": "sell", "timestamp": 1766015343387}, {"id": "788152209", "price": 843.36, "amount": 0.07, "side": "sell", "timestamp": 1766015343387}, {"id": "788152210", "price": 843.35, "amount": 0.11, "side": "sell", "timestamp": 1766015343390}, {"id": "788152211", "price": 843.36, "amount": 0.01, "side": "buy", "timestamp": 1766015343551}, {"id": "788152212", "price": 843.35, "amount": 0.08, "side": "sell", "timestamp": 1766015343591}, {"id": "788152213", "price": 843.35, "amount": 0.03, "side": "sell", "timestamp": 1766015343793}, {"id": "788152214", "price": 843.35, "amount": 0.06, "side": "sell", "timestamp": 1766015344136}, {"id": "788152215", "price": 843.36, "amount": 1.4, "side": "buy", "timestamp": 1766015344222}, {"id": "788152216", "price": 843.35, "amount": 0.09, "side": "sell", "timestamp": 1766015344677}, {"id": "788152217", "price": 843.35, "amount": 0.14, "side": "sell", "timestamp": 1766015344857}, {"id": "788152218", "price": 843.35, "amount": 0.2, "side": "sell", "timestamp": 1766015345136}, {"id": "788152219", "price": 843.34, "amount": 0.03, "side": "sell", "timestamp": 1766015345141}, {"id": "788152220", "price": 843.34, "amount": 0.06, "side": "sell", "timestamp": 1766015345243}, {"id": "788152221", "price": 843.35, "amount": 0.12, "side": "buy", "timestamp": 1766015345570}, {"id": "788152222", "price": 843.34, "amount": 0.06, "side": "sell", "timestamp": 1766015346098}, {"id": "788152223", "price": 843.34, "amount": 0.03, "side": "sell", "timestamp": 1766015346825}, {"id": "788152224", "price": 843.34, "amount": 0.14, "side": "sell", "timestamp": 1766015347028}, {"id": "788152225", "price": 843.34, "amount": 0.08, "side": "sell", "timestamp": 1766015348056}, {"id": "788152226", "price": 843.35, "amount": 0.05, "side": "buy", "timestamp": 1766015348532}, {"id": "788152227", "price": 843.35, "amount": 0.03, "side": "buy", "timestamp": 1766015348696}, {"id": "788152310", "price": 843.38, "amount": 0.02, "side": "sell", "timestamp": 1766015384769}, {"id": "788152311", "price": 843.39, "amount": 0.04, "side": "buy", "timestamp": 1766015384961}, {"id": "788152312", "price": 843.39, "amount": 0.06, "side": "sell", "timestamp": 1766015385006}, {"id": "788152313", "price": 843.39, "amount": 0.06, "side": "sell", "timestamp": 1766015385279}, {"id": "788152314", "price": 843.4, "amount": 3.64, "side": "buy", "timestamp": 1766015385805}, {"id": "788152315", "price": 843.41, "amount": 0.06, "side": "sell", "timestamp": 1766015386036}, {"id": "788152316", "price": 843.41, "amount": 0.08, "side": "sell", "timestamp": 1766015387063}, {"id": "788152317", "price": 843.42, "amount": 0.01, "side": "buy", "timestamp": 1766015387645}, {"id": "788152318", "price": 843.41, "amount": 0.04, "side": "sell", "timestamp": 1766015387810}, {"id": "788152319", "price": 843.41, "amount": 0.06, "side": "sell", "timestamp": 1766015388076}, {"id": "788152320", "price": 843.41, "amount": 0.09, "side": "sell", "timestamp": 1766015388656}, {"id": "788152321", "price": 843.41, "amount": 0.06, "side": "sell", "timestamp": 1766015389106}, {"id": "788152322", "price": 843.41, "amount": 0.08, "side": "sell", "timestamp": 1766015390125}, {"id": "788152323", "price": 843.41, "amount": 0.01, "side": "sell", "timestamp": 1766015390970}, {"id": "788152324", "price": 843.41, "amount": 0.06, "side": "sell", "timestamp": 1766015391144}, {"id": "788152325", "price": 843.41, "amount": 0.03, "side": "sell", "timestamp": 1766015391345}, {"id": "788152326", "price": 843.41, "amount": 0.01, "side": "sell", "timestamp": 1766015392055}, {"id": "788152327", "price": 843.42, "amount": 0.22, "side": "buy", "timestamp": 1766015392157}, {"id": "788152328", "price": 843.41, "amount": 0.06, "side": "sell", "timestamp": 1766015392159}, {"id": "788152329", "price": 843.41, "amount": 0.08, "side": "sell", "timestamp": 1766015393159}, {"id": "788152330", "price": 843.42, "amount": 0.01, "side": "buy", "timestamp": 1766015393654}, {"id": "788152331", "price": 843.41, "amount": 0.01, "side": "sell", "timestamp": 1766015393852}, {"id": "788152332", "price": 843.41, "amount": 0.06, "side": "sell", "timestamp": 1766015394032}, {"id": "788152333", "price": 843.42, "amount": 0.11, "side": "buy", "timestamp": 1766015394354}, {"id": "788152334", "price": 843.41, "amount": 0.04, "side": "sell", "timestamp": 1766015394876}, {"id": "788152335", "price": 843.42, "amount": 1.11, "side": "buy", "timestamp": 1766015394952}, {"id": "788152336", "price": 843.41, "amount": 0.06, "side": "sell", "timestamp": 1766015395120}, {"id": "788152337", "price": 843.41, "amount": 0.01, "side": "sell", "timestamp": 1766015395871}, {"id": "788152338", "price": 843.41, "amount": 0.08, "side": "sell", "timestamp": 1766015396158}, {"id": "788152339", "price": 843.41, "amount": 0.06, "side": "sell", "timestamp": 1766015397035}, {"id": "788152340", "price": 843.41, "amount": 0.06, "side": "sell", "timestamp": 1766015398126}, {"id": "788152341", "price": 843.41, "amount": 0.03, "side": "sell", "timestamp": 1766015398437}, {"id": "788152342", "price": 843.41, "amount": 0.08, "side": "sell", "timestamp": 1766015399152}, {"id": "788152343", "price": 843.42, "amount": 0.02, "side": "buy", "timestamp": 1766015399402}, {"id": "788152344", "price": 843.41, "amount": 0.02, "side": "sell", "timestamp": 1766015399412}, {"id": "788152345", "price": 843.41, "amount": 0.09, "side": "sell", "timestamp": 1766015400133}, {"id": "788152346", "price": 843.41, "amount": 0.05, "side": "sell", "timestamp": 1766015400981}, {"id": "788152347", "price": 843.41, "amount": 0.01, "side": "sell", "timestamp": 1766015401086}, {"id": "788152348", "price": 843.41, "amount": 0.06, "side": "sell", "timestamp": 1766015401195}, {"id": "788152349", "price": 843.41, "amount": 0.03, "side": "sell", "timestamp": 1766015401420}, {"id": "788152350", "price": 843.41, "amount": 0.11, "side": "sell", "timestamp": 1766015401974}, {"id": "788152351", "price": 843.42, "amount": 1.09, "side": "buy", "timestamp": 1766015402502}, {"id": "788152352", "price": 843.41, "amount": 0.08, "side": "sell", "timestamp": 1766015402637}, {"id": "788152353", "price": 843.41, "amount": 0.06, "side": "sell", "timestamp": 1766015403144}, {"id": "788152354", "price": 843.41, "amount": 0.04, "side": "sell", "timestamp": 1766015403458}, {"id": "788152355", "price": 843.42, "amount": 4.44, "side": "buy", "timestamp": 1766015403800}, {"id": "788152356", "price": 843.41, "amount": 0.07, "side": "sell", "timestamp": 1766015404047}, {"id": "788152357", "price": 843.41, "amount": 0.06, "side": "sell", "timestamp": 1766015404951}, {"id": "788152358", "price": 843.41, "amount": 0.08, "side": "sell", "timestamp": 1766015405155}, {"id": "788152359", "price": 843.42, "amount": 0.01, "side": "buy", "timestamp": 1766015405259}, {"id": "788152542", "price": 843.52, "amount": 7.62, "side": "sell", "timestamp": 1766015457539}, {"id": "788152543", "price": 843.51, "amount": 8.32, "side": "sell", "timestamp": 1766015457539}, {"id": "788152544", "price": 843.5, "amount": 2.21, "side": "sell", "timestamp": 1766015457539}, {"id": "788152545", "price": 843.49, "amount": 0.03, "side": "sell", "timestamp": 1766015457539}, {"id": "788152546", "price": 843.48, "amount": 0.04, "side": "sell", "timestamp": 1766015457539}, {"id": "788152547", "price": 843.47, "amount": 0.12, "side": "sell", "timestamp": 1766015457539}, {"id": "788152548", "price": 843.46, "amount": 5.04, "side": "sell", "timestamp": 1766015457539}, {"id": "788152549", "price": 843.45, "amount": 2.35, "side": "sell", "timestamp": 1766015457539}, {"id": "788152550", "price": 843.44, "amount": 2.93, "side": "sell", "timestamp": 1766015457539}, {"id": "788152551", "price": 843.43, "amount": 0.35, "side": "sell", "timestamp": 1766015457557}, {"id": "788152552", "price": 843.42, "amount": 3.53, "side": "sell", "timestamp": 1766015457557}, {"id": "788152553", "price": 843.41, "amount": 2.69, "side": "sell", "timestamp": 1766015457565}, {"id": "788152554", "price": 843.4, "amount": 14.15, "side": "sell", "timestamp": 1766015457565}, {"id": "788152555", "price": 843.39, "amount": 5.02, "side": "sell", "timestamp": 1766015457566}, {"id": "788152556", "price": 843.38, "amount": 0.58, "side": "sell", "timestamp": 1766015457579}, {"id": "788152557", "price": 843.37, "amount": 9.95, "side": "sell", "timestamp": 1766015457582}, {"id": "788152558", "price": 843.36, "amount": 0.84, "side": "sell", "timestamp": 1766015457596}, {"id": "788152559", "price": 843.35, "amount": 0.61, "side": "sell", "timestamp": 1766015457596}, {"id": "788152560", "price": 843.34, "amount": 1.54, "side": "sell", "timestamp": 1766015457596}, {"id": "788152561", "price": 843.33, "amount": 2.0, "side": "sell", "timestamp": 1766015457603}, {"id": "788152562", "price": 843.36, "amount": 0.02, "side": "sell", "timestamp": 1766015457613}, {"id": "788152563", "price": 843.34, "amount": 0.62, "side": "sell", "timestamp": 1766015457613}, {"id": "788152564", "price": 843.33, "amount": 3.25, "side": "sell", "timestamp": 1766015457613}, {"id": "788152565", "price": 843.38, "amount": 2.15, "side": "sell", "timestamp": 1766015457663}, {"id": "788152566", "price": 843.38, "amount": 1.74, "side": "sell", "timestamp": 1766015457765}, {"id": "788152567", "price": 843.36, "amount": 1.77, "side": "sell", "timestamp": 1766015457824}, {"id": "788152568", "price": 843.38, "amount": 4.14, "side": "sell", "timestamp": 1766015457886}, {"id": "788152569", "price": 843.37, "amount": 0.06, "side": "sell", "timestamp": 1766015458107}, {"id": "788152570", "price": 843.38, "amount": 0.09, "side": "buy", "timestamp": 1766015458731}, {"id": "788152571", "price": 843.39, "amount": 0.02, "side": "buy", "timestamp": 1766015458731}, {"id": "788152572", "price": 843.4, "amount": 0.07, "side": "buy", "timestamp": 1766015459011}, {"id": "788152573", "price": 843.43, "amount": 1.05, "side": "sell", "timestamp": 1766015459081}, {"id": "788152574", "price": 843.43, "amount": 0.06, "side": "sell", "timestamp": 1766015459190}, {"id": "788152575", "price": 843.43, "amount": 0.3, "side": "sell", "timestamp": 1766015459604}, {"id": "788152576", "price": 843.44, "amount": 0.01, "side": "buy", "timestamp": 1766015459648}, {"id": "788152577", "price": 843.43, "amount": 0.06, "side": "sell", "timestamp": 1766015460106}, {"id": "788152578", "price": 843.44, "amount": 1.23, "side": "buy", "timestamp": 1766015460392}, {"id": "788152579", "price": 843.43, "amount": 9.5, "side": "sell", "timestamp": 1766015460418}, {"id": "788152580", "price": 843.42, "amount": 0.01, "side": "sell", "timestamp": 1766015460418}, {"id": "788152581", "price": 843.39, "amount": 0.02, "side": "sell", "timestamp": 1766015460462}, {"id": "788152582", "price": 843.37, "amount": 0.11, "side": "sell", "timestamp": 1766015460510}, {"id": "788152583", "price": 843.37, "amount": 0.18, "side": "buy", "timestamp": 1766015460548}, {"id": "788152584", "price": 843.36, "amount": 0.02, "side": "sell", "timestamp": 1766015460551}, {"id": "788152585", "price": 843.35, "amount": 0.02, "side": "sell", "timestamp": 1766015460581}, {"id": "788152586", "price": 843.3, "amount": 0.07, "side": "sell", "timestamp": 1766015460603}, {"id": "788152587", "price": 843.3, "amount": 0.23, "side": "sell", "timestamp": 1766015460839}, {"id": "788152588", "price": 843.31, "amount": 0.01, "side": "buy", "timestamp": 1766015461048}, {"id": "788152589", "price": 843.3, "amount": 2.06, "side": "sell", "timestamp": 1766015461132}, {"id": "788152590", "price": 843.31, "amount": 0.03, "side": "buy", "timestamp": 1766015461497}, {"id": "788152591", "price": 843.31, "amount": 1.19, "side": "buy", "timestamp": 1766015461898}, {"id": "788152789", "price": 843.22, "amount": 0.06, "side": "sell", "timestamp": 1766015502226}, {"id": "788152790", "price": 843.22, "amount": 0.01, "side": "sell", "timestamp": 1766015502795}, {"id": "788152791", "price": 843.22, "amount": 0.33, "side": "sell", "timestamp": 1766015503012}, {"id": "788152792", "price": 843.22, "amount": 0.02, "side": "sell", "timestamp": 1766015503403}, {"id": "788152793", "price": 843.22, "amount": 0.01, "side": "sell", "timestamp": 1766015503651}, {"id": "788152794", "price": 843.22, "amount": 0.08, "side": "sell", "timestamp": 1766015504062}, {"id": "788152795", "price": 843.23, "amount": 0.01, "side": "buy", "timestamp": 1766015504346}, {"id": "788152796", "price": 843.22, "amount": 0.06, "side": "sell", "timestamp": 1766015505170}, {"id": "788152797", "price": 843.22, "amount": 0.04, "side": "sell", "timestamp": 1766015505390}, {"id": "788152798", "price": 843.22, "amount": 0.01, "side": "sell", "timestamp": 1766015505663}, {"id": "788152799", "price": 843.22, "amount": 0.08, "side": "sell", "timestamp": 1766015505983}, {"id": "788152800", "price": 843.22, "amount": 0.06, "side": "sell", "timestamp": 1766015506199}, {"id": "788152801", "price": 843.22, "amount": 0.25, "side": "sell", "timestamp": 1766015506307}, {"id": "788152802", "price": 843.22, "amount": 0.02, "side": "sell", "timestamp": 1766015506724}, {"id": "788152803", "price": 843.23, "amount": 36.61, "side": "buy", "timestamp": 1766015507077}, {"id": "788152804", "price": 843.24, "amount": 4.85, "side": "buy", "timestamp": 1766015507078}, {"id": "788152805", "price": 843.25, "amount": 0.02, "side": "buy", "timestamp": 1766015507078}, {"id": "788152806", "price": 843.26, "amount": 0.01, "side": "buy", "timestamp": 1766015507078}, {"id": "788152807", "price": 843.27, "amount": 0.63, "side": "buy", "timestamp": 1766015507078}, {"id": "788152808", "price": 843.28, "amount": 6.11, "side": "buy", "timestamp": 1766015507078}, {"id": "788152809", "price": 843.29, "amount": 7.61, "side": "buy", "timestamp": 1766015507078}, {"id": "788152810", "price": 843.3, "amount": 2.36, "side": "buy", "timestamp": 1766015507078}, {"id": "788152811", "price": 843.31, "amount": 1.8, "side": "buy", "timestamp": 1766015507078}, {"id": "788152812", "price": 843.3, "amount": 0.1, "side": "sell", "timestamp": 1766015507100}, {"id": "788152813", "price": 843.25, "amount": 0.13, "side": "sell", "timestamp": 1766015507228}, {"id": "788152814", "price": 843.25, "amount": 0.06, "side": "sell", "timestamp": 1766015508151}, {"id": "788152815", "price": 843.25, "amount": 0.01, "side": "sell", "timestamp": 1766015508328}, {"id": "788152816", "price": 843.26, "amount": 0.15, "side": "buy", "timestamp": 1766015509144}, {"id": "788152817", "price": 843.27, "amount": 0.06, "side": "sell", "timestamp": 1766015509166}, {"id": "788152818", "price": 843.27, "amount": 0.03, "side": "sell", "timestamp": 1766015510042}, {"id": "788152819", "price": 843.27, "amount": 0.07, "side": "sell", "timestamp": 1766015510193}, {"id": "788152820", "price": 843.28, "amount": 0.01, "side": "buy", "timestamp": 1766015510378}, {"id": "788152821", "price": 843.27, "amount": 0.01, "side": "sell", "timestamp": 1766015510830}, {"id": "788152822", "price": 843.27, "amount": 0.06, "side": "sell", "timestamp": 1766015511018}, {"id": "788152823", "price": 843.27, "amount": 0.01, "side": "sell", "timestamp": 1766015511164}, {"id": "788152824", "price": 843.28, "amount": 1.0, "side": "buy", "timestamp": 1766015511322}, {"id": "788152825", "price": 843.27, "amount": 0.06, "side": "sell", "timestamp": 1766015512045}, {"id": "788152826", "price": 843.27, "amount": 0.08, "side": "sell", "timestamp": 1766015513059}, {"id": "788152827", "price": 843.27, "amount": 0.01, "side": "sell", "timestamp": 1766015513235}, {"id": "788152828", "price": 843.27, "amount": 0.05, "side": "sell", "timestamp": 1766015513569}, {"id": "788152829", "price": 843.27, "amount": 0.06, "side": "sell", "timestamp": 1766015514094}, {"id": "788152830", "price": 843.27, "amount": 0.11, "side": "sell", "timestamp": 1766015514358}, {"id": "788152831", "price": 843.27, "amount": 0.01, "side": "sell", "timestamp": 1766015514592}, {"id": "788152832", "price": 843.27, "amount": 0.06, "side": "sell", "timestamp": 1766015515110}, {"id": "788152833", "price": 843.27, "amount": 2.36, "side": "sell", "timestamp": 1766015515723}, {"id": "788152834", "price": 843.27, "amount": 0.02, "side": "sell", "timestamp": 1766015516078}, {"id": "788152835", "price": 843.27, "amount": 0.06, "side": "sell", "timestamp": 1766015516219}, {"id": "788152836", "price": 843.27, "amount": 0.01, "side": "sell", "timestamp": 1766015516361}, {"id": "788152837", "price": 843.27, "amount": 0.01, "side": "sell", "timestamp": 1766015516906}, {"id": "788152838", "price": 843.27, "amount": 0.06, "side": "sell", "timestamp": 1766015517045}, {"id": "788152959", "price": 843.07, "amount": 0.02, "side": "buy", "timestamp": 1766015559071}, {"id": "788152960", "price": 843.06, "amount": 0.22, "side": "sell", "timestamp": 1766015559540}, {"id": "788152961", "price": 843.06, "amount": 0.06, "side": "sell", "timestamp": 1766015560078}, {"id": "788152962", "price": 843.06, "amount": 0.02, "side": "sell", "timestamp": 1766015560414}, {"id": "788152963", "price": 843.06, "amount": 0.1, "side": "sell", "timestamp": 1766015560655}, {"id": "788152964", "price": 843.06, "amount": 0.03, "side": "sell", "timestamp": 1766015560922}, {"id": "788152965", "price": 843.06, "amount": 0.11, "side": "sell", "timestamp": 1766015561102}, {"id": "788152966", "price": 843.06, "amount": 0.32, "side": "sell", "timestamp": 1766015561386}, {"id": "788152967", "price": 843.06, "amount": 0.06, "side": "sell", "timestamp": 1766015562121}, {"id": "788152968", "price": 843.06, "amount": 0.25, "side": "sell", "timestamp": 1766015562358}, {"id": "788152969", "price": 843.06, "amount": 1.79, "side": "sell", "timestamp": 1766015562709}, {"id": "788152970", "price": 843.06, "amount": 0.06, "side": "sell", "timestamp": 1766015563136}, {"id": "788152971", "price": 843.06, "amount": 2.02, "side": "sell", "timestamp": 1766015563690}, {"id": "788152972", "price": 843.05, "amount": 0.13, "side": "sell", "timestamp": 1766015563690}, {"id": "788152973", "price": 843.04, "amount": 0.01, "side": "sell", "timestamp": 1766015563690}, {"id": "788152974", "price": 843.03, "amount": 0.03, "side": "sell", "timestamp": 1766015563690}, {"id": "788152975", "price": 843.02, "amount": 1.71, "side": "sell", "timestamp": 1766015563690}, {"id": "788152976", "price": 843.02, "amount": 0.04, "side": "sell", "timestamp": 1766015563889}, {"id": "788152977", "price": 843.02, "amount": 0.08, "side": "sell", "timestamp": 1766015564122}, {"id": "788152978", "price": 843.02, "amount": 0.31, "side": "sell", "timestamp": 1766015564712}, {"id": "788152979", "price": 843.02, "amount": 0.02, "side": "sell", "timestamp": 1766015565051}, {"id": "788152980", "price": 843.02, "amount": 0.07, "side": "sell", "timestamp": 1766015565171}, {"id": "788152981", "price": 843.03, "amount": 0.01, "side": "buy", "timestamp": 1766015565495}, {"id": "788152982", "price": 843.03, "amount": 0.13, "side": "buy", "timestamp": 1766015566099}, {"id": "788152983", "price": 843.02, "amount": 0.06, "side": "sell", "timestamp": 1766015566188}, {"id": "788152984", "price": 843.02, "amount": 0.01, "side": "sell", "timestamp": 1766015566383}, {"id": "788152985", "price": 843.02, "amount": 0.06, "side": "sell", "timestamp": 1766015567013}, {"id": "788152986", "price": 843.02, "amount": 0.02, "side": "sell", "timestamp": 1766015567151}, {"id": "788152987", "price": 843.02, "amount": 0.08, "side": "sell", "timestamp": 1766015567277}, {"id": "788152988", "price": 843.02, "amount": 0.13, "side": "sell", "timestamp": 1766015567645}, {"id": "788152989", "price": 843.03, "amount": 0.01, "side": "buy", "timestamp": 1766015567646}, {"id": "788152990", "price": 843.02, "amount": 1.39, "side": "sell", "timestamp": 1766015567983}, {"id": "788152991", "price": 843.03, "amount": 0.07, "side": "buy", "timestamp": 1766015568128}, {"id": "788152992", "price": 843.03, "amount": 0.47, "side": "buy", "timestamp": 1766015568318}, {"id": "788152993", "price": 843.02, "amount": 0.06, "side": "sell", "timestamp": 1766015569094}, {"id": "788152994", "price": 843.02, "amount": 0.09, "side": "sell", "timestamp": 1766015569549}, {"id": "788152995", "price": 843.02, "amount": 0.08, "side": "sell", "timestamp": 1766015570129}, {"id": "788152996", "price": 843.02, "amount": 0.06, "side": "sell", "timestamp": 1766015571142}, {"id": "788152997", "price": 843.03, "amount": 1.83, "side": "buy", "timestamp": 1766015571366}, {"id": "788152998", "price": 843.02, "amount": 0.03, "side": "sell", "timestamp": 1766015571532}, {"id": "788152999", "price": 843.02, "amount": 0.06, "side": "sell", "timestamp": 1766015572155}, {"id": "788153000", "price": 843.02, "amount": 0.21, "side": "sell", "timestamp": 1766015572623}, {"id": "788153001", "price": 843.02, "amount": 0.08, "side": "sell", "timestamp": 1766015573192}, {"id": "788153002", "price": 843.02, "amount": 0.01, "side": "sell", "timestamp": 1766015573770}, {"id": "788153003", "price": 843.02, "amount": 0.07, "side": "sell", "timestamp": 1766015574116}, {"id": "788153004", "price": 843.03, "amount": 1.61, "side": "buy", "timestamp": 1766015574345}, {"id": "788153005", "price": 843.04, "amount": 0.06, "side": "sell", "timestamp": 1766015575197}, {"id": "788153006", "price": 843.05, "amount": 0.45, "side": "buy", "timestamp": 1766015575208}, {"id": "788153007", "price": 843.06, "amount": 0.02, "side": "buy", "timestamp": 1766015575210}, {"id": "788153008", "price": 843.06, "amount": 0.29, "side": "sell", "timestamp": 1766015575307}, {"id": "788153082", "price": 843.18, "amount": 0.12, "side": "buy", "timestamp": 1766015605181}, {"id": "788153083", "price": 843.18, "amount": 0.08, "side": "sell", "timestamp": 1766015606081}, {"id": "788153084", "price": 843.18, "amount": 0.06, "side": "sell", "timestamp": 1766015607183}, {"id": "788153085", "price": 843.19, "amount": 0.04, "side": "buy", "timestamp": 1766015607231}, {"id": "788153086", "price": 843.18, "amount": 0.01, "side": "sell", "timestamp": 1766015607240}, {"id": "788153087", "price": 843.18, "amount": 0.01, "side": "sell", "timestamp": 1766015607688}, {"id": "788153088", "price": 843.19, "amount": 0.03, "side": "buy", "timestamp": 1766015607766}, {"id": "788153089", "price": 843.18, "amount": 0.06, "side": "sell", "timestamp": 1766015608052}, {"id": "788153090", "price": 843.18, "amount": 0.05, "side": "sell", "timestamp": 1766015608435}, {"id": "788153091", "price": 843.18, "amount": 0.5, "side": "sell", "timestamp": 1766015608628}, {"id": "788153092", "price": 843.19, "amount": 0.24, "side": "buy", "timestamp": 1766015608662}, {"id": "788153093", "price": 843.21, "amount": 0.01, "side": "buy", "timestamp": 1766015608668}, {"id": "788153094", "price": 843.22, "amount": 0.03, "side": "buy", "timestamp": 1766015608668}, {"id": "788153095", "price": 843.24, "amount": 0.08, "side": "buy", "timestamp": 1766015608668}, {"id": "788153096", "price": 843.24, "amount": 0.08, "side": "sell", "timestamp": 1766015609096}, {"id": "788153097", "price": 843.24, "amount": 0.06, "side": "sell", "timestamp": 1766015610200}, {"id": "788153098", "price": 843.24, "amount": 0.06, "side": "sell", "timestamp": 1766015611057}, {"id": "788153099", "price": 843.24, "amount": 0.09, "side": "sell", "timestamp": 1766015611923}, {"id": "788153100", "price": 843.24, "amount": 0.09, "side": "sell", "timestamp": 1766015612098}, {"id": "788153101", "price": 843.24, "amount": 0.06, "side": "sell", "timestamp": 1766015613124}, {"id": "788153102", "price": 843.24, "amount": 0.06, "side": "sell", "timestamp": 1766015614137}, {"id": "788153103", "price": 843.24, "amount": 0.08, "side": "sell", "timestamp": 1766015615161}, {"id": "788153104", "price": 843.24, "amount": 0.01, "side": "sell", "timestamp": 1766015615387}, {"id": "788153105", "price": 843.24, "amount": 4.78, "side": "sell", "timestamp": 1766015615691}, {"id": "788153106", "price": 843.25, "amount": 1.0, "side": "buy", "timestamp": 1766015615756}, {"id": "788153107", "price": 843.24, "amount": 0.06, "side": "sell", "timestamp": 1766015616231}, {"id": "788153108", "price": 843.24, "amount": 0.06, "side": "sell", "timestamp": 1766015617057}, {"id": "788153109", "price": 843.24, "amount": 0.08, "side": "sell", "timestamp": 1766015618090}, {"id": "788153110", "price": 843.24, "amount": 0.06, "side": "sell", "timestamp": 1766015619106}, {"id": "788153111", "price": 843.24, "amount": 0.06, "side": "sell", "timestamp": 1766015620186}, {"id": "788153112", "price": 843.24, "amount": 0.02, "side": "sell", "timestamp": 1766015621018}, {"id": "788153113", "price": 843.24, "amount": 0.06, "side": "sell", "timestamp": 1766015621234}, {"id": "788153114", "price": 843.24, "amount": 0.04, "side": "sell", "timestamp": 1766015621726}, {"id": "788153115", "price": 843.24, "amount": 0.06, "side": "sell", "timestamp": 1766015622048}, {"id": "788153116", "price": 843.25, "amount": 0.01, "side": "buy", "timestamp": 1766015622927}, {"id": "788153117", "price": 843.24, "amount": 0.06, "side": "sell", "timestamp": 1766015623095}, {"id": "788153118", "price": 843.24, "amount": 0.02, "side": "sell", "timestamp": 1766015624061}, {"id": "788153119", "price": 843.24, "amount": 0.06, "side": "sell", "timestamp": 1766015624182}, {"id": "788153120", "price": 843.24, "amount": 0.06, "side": "sell", "timestamp": 1766015625030}, {"id": "788153121", "price": 843.24, "amount": 0.2, "side": "sell", "timestamp": 1766015626093}, {"id": "788153122", "price": 843.25, "amount": 0.1, "side": "buy", "timestamp": 1766015626747}, {"id": "788153123", "price": 843.24, "amount": 0.08, "side": "sell", "timestamp": 1766015627006}, {"id": "788153124", "price": 843.24, "amount": 0.09, "side": "sell", "timestamp": 1766015627656}, {"id": "788153125", "price": 843.24, "amount": 0.01, "side": "sell", "timestamp": 1766015627938}, {"id": "788153126", "price": 843.24, "amount": 0.06, "side": "sell", "timestamp": 1766015628087}, {"id": "788153127", "price": 843.24, "amount": 0.31, "side": "sell", "timestamp": 1766015628406}, {"id": "788153128", "price": 843.24, "amount": 0.08, "side": "sell", "timestamp": 1766015629154}, {"id": "788153129", "price": 843.24, "amount": 0.56, "side": "sell", "timestamp": 1766015629357}, {"id": "788153130", "price": 843.24, "amount": 0.08, "side": "sell", "timestamp": 1766015630123}, {"id": "788153131", "price": 843.24, "amount": 0.06, "side": "sell", "timestamp": 1766015631208}, {"id": "788153224", "price": 843.2, "amount": 0.01, "side": "buy", "timestamp": 1766015665162}, {"id": "788153225", "price": 843.21, "amount": 0.05, "side": "buy", "timestamp": 1766015665167}, {"id": "788153226", "price": 843.2, "amount": 0.02, "side": "sell", "timestamp": 1766015666019}, {"id": "788153227", "price": 843.2, "amount": 0.06, "side": "sell", "timestamp": 1766015666215}, {"id": "788153228", "price": 843.21, "amount": 0.05, "side": "buy", "timestamp": 1766015666560}, {"id": "788153229", "price": 843.2, "amount": 0.06, "side": "sell", "timestamp": 1766015667038}, {"id": "788153230", "price": 843.2, "amount": 0.01, "side": "sell", "timestamp": 1766015667556}, {"id": "788153231", "price": 843.2, "amount": 0.06, "side": "sell", "timestamp": 1766015668112}, {"id": "788153232", "price": 843.2, "amount": 0.01, "side": "sell", "timestamp": 1766015668762}, {"id": "788153233", "price": 843.2, "amount": 0.02, "side": "sell", "timestamp": 1766015669056}, {"id": "788153234", "price": 843.21, "amount": 0.17, "side": "buy", "timestamp": 1766015669150}, {"id": "788153235", "price": 843.2, "amount": 0.06, "side": "sell", "timestamp": 1766015669175}, {"id": "788153236", "price": 843.2, "amount": 0.06, "side": "sell", "timestamp": 1766015670193}, {"id": "788153237", "price": 843.2, "amount": 0.06, "side": "sell", "timestamp": 1766015671007}, {"id": "788153238", "price": 843.2, "amount": 0.08, "side": "sell", "timestamp": 1766015672059}, {"id": "788153239", "price": 843.2, "amount": 0.06, "side": "sell", "timestamp": 1766015673078}, {"id": "788153240", "price": 843.2, "amount": 0.1, "side": "sell", "timestamp": 1766015673278}, {"id": "788153241", "price": 843.2, "amount": 2.08, "side": "sell", "timestamp": 1766015674091}, {"id": "788153242", "price": 843.19, "amount": 0.03, "side": "sell", "timestamp": 1766015674091}, {"id": "788153243", "price": 843.17, "amount": 0.02, "side": "sell", "timestamp": 1766015674104}, {"id": "788153244", "price": 843.16, "amount": 0.01, "side": "sell", "timestamp": 1766015674104}, {"id": "788153245", "price": 843.15, "amount": 0.02, "side": "sell", "timestamp": 1766015674104}, {"id": "788153246", "price": 843.12, "amount": 0.06, "side": "sell", "timestamp": 1766015674133}, {"id": "788153247", "price": 843.09, "amount": 0.01, "side": "sell", "timestamp": 1766015674148}, {"id": "788153248", "price": 843.08, "amount": 0.37, "side": "sell", "timestamp": 1766015674148}, {"id": "788153249", "price": 843.07, "amount": 0.06, "side": "sell", "timestamp": 1766015674162}, {"id": "788153250", "price": 843.07, "amount": 0.04, "side": "sell", "timestamp": 1766015675086}, {"id": "788153251", "price": 843.07, "amount": 0.06, "side": "sell", "timestamp": 1766015675194}, {"id": "788153252", "price": 843.08, "amount": 0.42, "side": "buy", "timestamp": 1766015675650}, {"id": "788153253", "price": 843.08, "amount": 0.01, "side": "buy", "timestamp": 1766015675938}, {"id": "788153254", "price": 843.07, "amount": 0.09, "side": "sell", "timestamp": 1766015676008}, {"id": "788153255", "price": 843.08, "amount": 0.01, "side": "buy", "timestamp": 1766015676060}, {"id": "788153256", "price": 843.07, "amount": 0.01, "side": "sell", "timestamp": 1766015676507}, {"id": "788153257", "price": 843.07, "amount": 0.06, "side": "sell", "timestamp": 1766015677043}, {"id": "788153258", "price": 843.08, "amount": 0.01, "side": "buy", "timestamp": 1766015677766}, {"id": "788153259", "price": 843.07, "amount": 0.08, "side": "sell", "timestamp": 1766015678120}, {"id": "788153260", "price": 843.08, "amount": 0.94, "side": "buy", "timestamp": 1766015678745}, {"id": "788153261", "price": 843.07, "amount": 0.06, "side": "sell", "timestamp": 1766015679167}, {"id": "788153262", "price": 843.07, "amount": 0.06, "side": "sell", "timestamp": 1766015680181}, {"id": "788153263", "price": 843.08, "amount": 0.02, "side": "buy", "timestamp": 1766015680475}, {"id": "788153264", "price": 843.07, "amount": 0.01, "side": "sell", "timestamp": 1766015680771}, {"id": "788153265", "price": 843.07, "amount": 0.28, "side": "sell", "timestamp": 1766015681106}, {"id": "788153266", "price": 843.07, "amount": 0.06, "side": "sell", "timestamp": 1766015682011}, {"id": "788153267", "price": 843.07, "amount": 0.06, "side": "sell", "timestamp": 1766015683052}, {"id": "788153268", "price": 843.07, "amount": 0.02, "side": "sell", "timestamp": 1766015684013}, {"id": "788153269", "price": 843.07, "amount": 0.06, "side": "sell", "timestamp": 1766015684140}, {"id": "788153270", "price": 843.07, "amount": 0.06, "side": "sell", "timestamp": 1766015685156}, {"id": "788153271", "price": 843.07, "amount": 0.01, "side": "sell", "timestamp": 1766015685299}, {"id": "788153272", "price": 843.07, "amount": 0.06, "side": "sell", "timestamp": 1766015686191}, {"id": "788153273", "price": 843.07, "amount": 0.08, "side": "sell", "timestamp": 1766015687010}, {"id": "788153385", "price": 843.15, "amount": 0.06, "side": "sell", "timestamp": 1766015725060}, {"id": "788153386", "price": 843.16, "amount": 0.95, "side": "buy", "timestamp": 1766015725227}, {"id": "788153387", "price": 843.15, "amount": 0.04, "side": "sell", "timestamp": 1766015725228}, {"id": "788153388", "price": 843.16, "amount": 0.07, "side": "buy", "timestamp": 1766015725288}, {"id": "788153389", "price": 843.15, "amount": 0.12, "side": "sell", "timestamp": 1766015725398}, {"id": "788153390", "price": 843.15, "amount": 0.47, "side": "sell", "timestamp": 1766015725603}, {"id": "788153391", "price": 843.14, "amount": 0.02, "side": "sell", "timestamp": 1766015725653}, {"id": "788153392", "price": 843.13, "amount": 0.45, "side": "sell", "timestamp": 1766015725657}, {"id": "788153393", "price": 843.14, "amount": 0.12, "side": "buy", "timestamp": 1766015725739}, {"id": "788153394", "price": 843.13, "amount": 0.03, "side": "sell", "timestamp": 1766015725768}, {"id": "788153395", "price": 843.13, "amount": 0.1, "side": "sell", "timestamp": 1766015726056}, {"id": "788153396", "price": 843.12, "amount": 0.02, "side": "sell", "timestamp": 1766015726060}, {"id": "788153397", "price": 843.11, "amount": 0.08, "side": "sell", "timestamp": 1766015726060}, {"id": "788153398", "price": 843.11, "amount": 0.02, "side": "sell", "timestamp": 1766015726209}, {"id": "788153399", "price": 843.11, "amount": 0.01, "side": "sell", "timestamp": 1766015726570}, {"id": "788153400", "price": 843.11, "amount": 0.01, "side": "sell", "timestamp": 1766015726897}, {"id": "788153401", "price": 843.11, "amount": 0.06, "side": "sell", "timestamp": 1766015727113}, {"id": "788153402", "price": 843.12, "amount": 0.69, "side": "buy", "timestamp": 1766015727909}, {"id": "788153403", "price": 843.11, "amount": 0.06, "side": "sell", "timestamp": 1766015728144}, {"id": "788153404", "price": 843.11, "amount": 0.02, "side": "sell", "timestamp": 1766015729055}, {"id": "788153405", "price": 843.11, "amount": 0.06, "side": "sell", "timestamp": 1766015729156}, {"id": "788153406", "price": 843.11, "amount": 0.01, "side": "sell", "timestamp": 1766015729302}, {"id": "788153407", "price": 843.11, "amount": 0.06, "side": "sell", "timestamp": 1766015730012}, {"id": "788153408", "price": 843.12, "amount": 0.08, "side": "buy", "timestamp": 1766015730578}, {"id": "788153409", "price": 843.11, "amount": 0.06, "side": "sell", "timestamp": 1766015731163}, {"id": "788153410", "price": 843.11, "amount": 0.1, "side": "sell", "timestamp": 1766015731949}, {"id": "788153411", "price": 843.11, "amount": 0.08, "side": "sell", "timestamp": 1766015732099}, {"id": "788153412", "price": 843.12, "amount": 1.27, "side": "buy", "timestamp": 1766015732930}, {"id": "788153413", "price": 843.12, "amount": 2.98, "side": "buy", "timestamp": 1766015733116}, {"id": "788153414", "price": 843.11, "amount": 0.06, "side": "sell", "timestamp": 1766015733204}, {"id": "788153415", "price": 843.12, "amount": 0.08, "side": "buy", "timestamp": 1766015733221}, {"id": "788153416", "price": 843.11, "amount": 0.06, "side": "sell", "timestamp": 1766015734048}, {"id": "788153417", "price": 843.11, "amount": 0.08, "side": "sell", "timestamp": 1766015735092}, {"id": "788153418", "price": 843.12, "amount": 0.09, "side": "buy", "timestamp": 1766015735862}, {"id": "788153419", "price": 843.11, "amount": 0.06, "side": "sell", "timestamp": 1766015736124}, {"id": "788153420", "price": 843.11, "amount": 0.07, "side": "sell", "timestamp": 1766015737170}, {"id": "788153421", "price": 843.12, "amount": 2.26, "side": "buy", "timestamp": 1766015737578}, {"id": "788153422", "price": 843.11, "amount": 0.01, "side": "sell", "timestamp": 1766015737987}, {"id": "788153423", "price": 843.11, "amount": 0.02, "side": "sell", "timestamp": 1766015738153}, {"id": "788153424", "price": 843.11, "amount": 0.06, "side": "sell", "timestamp": 1766015738267}, {"id": "788153425", "price": 843.12, "amount": 0.09, "side": "buy", "timestamp": 1766015738504}, {"id": "788153426", "price": 843.11, "amount": 0.06, "side": "sell", "timestamp": 1766015739094}, {"id": "788153427", "price": 843.11, "amount": 0.06, "side": "sell", "timestamp": 1766015740117}, {"id": "788153428", "price": 843.12, "amount": 0.1, "side": "buy", "timestamp": 1766015741146}, {"id": "788153429", "price": 843.11, "amount": 0.08, "side": "sell", "timestamp": 1766015741154}, {"id": "788153430", "price": 843.11, "amount": 0.06, "side": "sell", "timestamp": 1766015742168}, {"id": "788153431", "price": 843.11, "amount": 0.06, "side": "sell", "timestamp": 1766015743045}, {"id": "788153432", "price": 843.11, "amount": 1.43, "side": "sell", "timestamp": 1766015743736}, {"id": "788153433", "price": 843.12, "amount": 0.1, "side": "buy", "timestamp": 1766015743794}, {"id": "788153434", "price": 843.11, "amount": 0.24, "side": "sell", "timestamp": 1766015743799}, {"id": "788153552", "price": 843.32, "amount": 0.06, "side": "sell", "timestamp": 1766015787058}, {"id": "788153553", "price": 843.32, "amount": 0.03, "side": "sell", "timestamp": 1766015787317}, {"id": "788153554", "price": 843.32, "amount": 1.93, "side": "sell", "timestamp": 1766015787513}, {"id": "788153555", "price": 843.31, "amount": 0.1, "side": "sell", "timestamp": 1766015787515}, {"id": "788153556", "price": 843.3, "amount": 0.03, "side": "sell", "timestamp": 1766015787515}, {"id": "788153557", "price": 843.29, "amount": 1.01, "side": "sell", "timestamp": 1766015788005}, {"id": "788153558", "price": 843.29, "amount": 0.7, "side": "sell", "timestamp": 1766015788109}, {"id": "788153559", "price": 843.28, "amount": 0.02, "side": "sell", "timestamp": 1766015788113}, {"id": "788153560", "price": 843.27, "amount": 0.02, "side": "sell", "timestamp": 1766015788113}, {"id": "788153561", "price": 843.25, "amount": 0.02, "side": "sell", "timestamp": 1766015788113}, {"id": "788153562", "price": 843.24, "amount": 0.02, "side": "sell", "timestamp": 1766015788113}, {"id": "788153563", "price": 843.21, "amount": 0.04, "side": "sell", "timestamp": 1766015789084}, {"id": "788153564", "price": 843.21, "amount": 0.06, "side": "sell", "timestamp": 1766015789193}, {"id": "788153565", "price": 843.22, "amount": 4.74, "side": "buy", "timestamp": 1766015789218}, {"id": "788153566", "price": 843.23, "amount": 0.01, "side": "buy", "timestamp": 1766015789218}, {"id": "788153567", "price": 843.24, "amount": 0.31, "side": "buy", "timestamp": 1766015789219}, {"id": "788153568", "price": 843.25, "amount": 0.01, "side": "buy", "timestamp": 1766015789221}, {"id": "788153569", "price": 843.27, "amount": 0.42, "side": "buy", "timestamp": 1766015789221}, {"id": "788153570", "price": 843.28, "amount": 0.03, "side": "buy", "timestamp": 1766015789229}, {"id": "788153571", "price": 843.29, "amount": 5.87, "side": "buy", "timestamp": 1766015789229}, {"id": "788153572", "price": 843.3, "amount": 0.04, "side": "buy", "timestamp": 1766015789261}, {"id": "788153573", "price": 843.29, "amount": 0.06, "side": "sell", "timestamp": 1766015790064}, {"id": "788153574", "price": 843.29, "amount": 0.01, "side": "sell", "timestamp": 1766015790712}, {"id": "788153575", "price": 843.29, "amount": 0.1, "side": "sell", "timestamp": 1766015791102}, {"id": "788153576", "price": 843.3, "amount": 0.64, "side": "buy", "timestamp": 1766015792016}, {"id": "788153577", "price": 843.29, "amount": 0.08, "side": "sell", "timestamp": 1766015792105}, {"id": "788153578", "price": 843.29, "amount": 0.09, "side": "sell", "timestamp": 1766015792555}, {"id": "788153579", "price": 843.3, "amount": 0.03, "side": "buy", "timestamp": 1766015793173}, {"id": "788153580", "price": 843.29, "amount": 0.06, "side": "sell", "timestamp": 1766015793184}, {"id": "788153581", "price": 843.29, "amount": 0.06, "side": "sell", "timestamp": 1766015794043}, {"id": "788153582", "price": 843.29, "amount": 0.47, "side": "sell", "timestamp": 1766015794476}, {"id": "788153583", "price": 843.29, "amount": 0.51, "side": "sell", "timestamp": 1766015795101}, {"id": "788153584", "price": 843.29, "amount": 0.01, "side": "sell", "timestamp": 1766015795422}, {"id": "788153585", "price": 843.3, "amount": 3.44, "side": "buy", "timestamp": 1766015795817}, {"id": "788153586", "price": 843.29, "amount": 0.01, "side": "sell", "timestamp": 1766015796054}, {"id": "788153587", "price": 843.29, "amount": 0.06, "side": "sell", "timestamp": 1766015796191}, {"id": "788153588", "price": 843.29, "amount": 0.06, "side": "sell", "timestamp": 1766015797007}, {"id": "788153589", "price": 843.29, "amount": 7.2, "side": "sell", "timestamp": 1766015797157}, {"id": "788153590", "price": 843.28, "amount": 0.01, "side": "sell", "timestamp": 1766015797157}, {"id": "788153591", "price": 843.27, "amount": 0.04, "side": "sell", "timestamp": 1766015797157}, {"id": "788153592", "price": 843.26, "amount": 0.02, "side": "sell", "timestamp": 1766015797157}, {"id": "788153593", "price": 843.24, "amount": 0.45, "side": "sell", "timestamp": 1766015797157}, {"id": "788153594", "price": 843.24, "amount": 0.08, "side": "sell", "timestamp": 1766015798026}, {"id": "788153595", "price": 843.25, "amount": 0.09, "side": "buy", "timestamp": 1766015798329}, {"id": "788153596", "price": 843.24, "amount": 0.18, "side": "sell", "timestamp": 1766015798464}, {"id": "788153597", "price": 843.24, "amount": 0.24, "side": "sell", "timestamp": 1766015798884}, {"id": "788153598", "price": 843.24, "amount": 0.06, "side": "sell", "timestamp": 1766015799140}, {"id": "788153599", "price": 843.24, "amount": 0.01, "side": "sell", "timestamp": 1766015799647}, {"id": "788153600", "price": 843.24, "amount": 0.06, "side": "sell", "timestamp": 1766015800056}, {"id": "788153601", "price": 843.24, "amount": 0.08, "side": "sell", "timestamp": 1766015801066}, {"id": "788153735", "price": 843.13, "amount": 0.53, "side": "sell", "timestamp": 1766015840910}, {"id": "788153736", "price": 843.12, "amount": 0.02, "side": "sell", "timestamp": 1766015840910}, {"id": "788153737", "price": 843.11, "amount": 1.88, "side": "sell", "timestamp": 1766015840910}, {"id": "788153738", "price": 843.1, "amount": 0.14, "side": "sell", "timestamp": 1766015840910}, {"id": "788153739", "price": 843.09, "amount": 0.26, "side": "sell", "timestamp": 1766015840913}, {"id": "788153740", "price": 843.07, "amount": 0.07, "side": "sell", "timestamp": 1766015841190}, {"id": "788153741", "price": 843.07, "amount": 0.05, "side": "sell", "timestamp": 1766015841548}, {"id": "788153742", "price": 843.07, "amount": 0.45, "side": "sell", "timestamp": 1766015842006}, {"id": "788153743", "price": 843.07, "amount": 1.5, "side": "sell", "timestamp": 1766015842265}, {"id": "788153744", "price": 843.07, "amount": 0.02, "side": "sell", "timestamp": 1766015842604}, {"id": "788153745", "price": 843.07, "amount": 1.68, "side": "sell", "timestamp": 1766015842884}, {"id": "788153746", "price": 843.06, "amount": 1.64, "side": "sell", "timestamp": 1766015842884}, {"id": "788153747", "price": 843.04, "amount": 0.02, "side": "sell", "timestamp": 1766015842884}, {"id": "788153748", "price": 843.03, "amount": 0.04, "side": "sell", "timestamp": 1766015842884}, {"id": "788153749", "price": 843.02, "amount": 0.51, "side": "sell", "timestamp": 1766015842884}, {"id": "788153750", "price": 843.01, "amount": 0.71, "side": "sell", "timestamp": 1766015842884}, {"id": "788153751", "price": 843.0, "amount": 4.39, "side": "sell", "timestamp": 1766015842884}, {"id": "788153752", "price": 843.0, "amount": 0.08, "side": "sell", "timestamp": 1766015843033}, {"id": "788153753", "price": 843.01, "amount": 0.11, "side": "buy", "timestamp": 1766015843710}, {"id": "788153754", "price": 843.01, "amount": 0.01, "side": "buy", "timestamp": 1766015844026}, {"id": "788153755", "price": 843.0, "amount": 0.06, "side": "sell", "timestamp": 1766015844105}, {"id": "788153756", "price": 843.0, "amount": 0.24, "side": "sell", "timestamp": 1766015844769}, {"id": "788153757", "price": 843.0, "amount": 0.06, "side": "sell", "timestamp": 1766015845121}, {"id": "788153758", "price": 843.01, "amount": 0.05, "side": "buy", "timestamp": 1766015845130}, {"id": "788153759", "price": 843.0, "amount": 0.02, "side": "sell", "timestamp": 1766015846078}, {"id": "788153760", "price": 843.0, "amount": 0.06, "side": "sell", "timestamp": 1766015846187}, {"id": "788153761", "price": 843.0, "amount": 0.13, "side": "sell", "timestamp": 1766015847048}, {"id": "788153762", "price": 843.01, "amount": 0.03, "side": "buy", "timestamp": 1766015847456}, {"id": "788153763", "price": 843.0, "amount": 0.09, "side": "sell", "timestamp": 1766015847723}, {"id": "788153764", "price": 843.0, "amount": 0.06, "side": "sell", "timestamp": 1766015848132}, {"id": "788153765", "price": 843.0, "amount": 0.1, "side": "sell", "timestamp": 1766015848560}, {"id": "788153766", "price": 843.0, "amount": 0.04, "side": "sell", "timestamp": 1766015848683}, {"id": "788153767", "price": 843.0, "amount": 0.08, "side": "sell", "timestamp": 1766015849117}, {"id": "788153768", "price": 843.0, "amount": 0.06, "side": "sell", "timestamp": 1766015850011}, {"id": "788153769", "price": 843.01, "amount": 0.06, "side": "buy", "timestamp": 1766015850388}, {"id": "788153770", "price": 843.0, "amount": 0.06, "side": "sell", "timestamp": 1766015851075}, {"id": "788153771", "price": 843.0, "amount": 0.55, "side": "sell", "timestamp": 1766015851324}, {"id": "788153772", "price": 843.0, "amount": 0.09, "side": "sell", "timestamp": 1766015851611}, {"id": "788153773", "price": 843.0, "amount": 0.08, "side": "sell", "timestamp": 1766015852104}, {"id": "788153774", "price": 843.0, "amount": 0.01, "side": "sell", "timestamp": 1766015852489}, {"id": "788153775", "price": 843.0, "amount": 0.32, "side": "sell", "timestamp": 1766015852985}, {"id": "788153776", "price": 843.0, "amount": 0.06, "side": "sell", "timestamp": 1766015853138}, {"id": "788153777", "price": 843.0, "amount": 0.01, "side": "sell", "timestamp": 1766015853565}, {"id": "788153778", "price": 843.0, "amount": 0.06, "side": "sell", "timestamp": 1766015854179}, {"id": "788153779", "price": 843.0, "amount": 4.0, "side": "sell", "timestamp": 1766015854803}, {"id": "788153780", "price": 843.0, "amount": 0.06, "side": "sell", "timestamp": 1766015855035}, {"id": "788153781", "price": 843.0, "amount": 0.02, "side": "sell", "timestamp": 1766015855172}, {"id": "788153782", "price": 843.01, "amount": 0.01, "side": "buy", "timestamp": 1766015855649}, {"id": "788153783", "price": 843.0, "amount": 0.06, "side": "sell", "timestamp": 1766015856139}, {"id": "788153784", "price": 843.0, "amount": 0.06, "side": "sell", "timestamp": 1766015857165}, {"id": "788153894", "price": 843.16, "amount": 1.05, "side": "buy", "timestamp": 1766015901586}, {"id": "788153895", "price": 843.16, "amount": 0.01, "side": "buy", "timestamp": 1766015901820}, {"id": "788153896", "price": 843.15, "amount": 0.06, "side": "sell", "timestamp": 1766015902116}, {"id": "788153897", "price": 843.16, "amount": 0.66, "side": "buy", "timestamp": 1766015902994}, {"id": "788153898", "price": 843.17, "amount": 0.04, "side": "buy", "timestamp": 1766015902994}, {"id": "788153899", "price": 843.18, "amount": 0.03, "side": "buy", "timestamp": 1766015902994}, {"id": "788153900", "price": 843.2, "amount": 0.01, "side": "buy", "timestamp": 1766015902994}, {"id": "788153901", "price": 843.21, "amount": 0.01, "side": "buy", "timestamp": 1766015902994}, {"id": "788153902", "price": 843.21, "amount": 0.02, "side": "sell", "timestamp": 1766015903042}, {"id": "788153903", "price": 843.21, "amount": 0.06, "side": "sell", "timestamp": 1766015903179}, {"id": "788153904", "price": 843.22, "amount": 0.05, "side": "buy", "timestamp": 1766015903984}, {"id": "788153905", "price": 843.21, "amount": 0.06, "side": "sell", "timestamp": 1766015904226}, {"id": "788153906", "price": 843.22, "amount": 0.66, "side": "buy", "timestamp": 1766015904475}, {"id": "788153907", "price": 843.24, "amount": 0.26, "side": "buy", "timestamp": 1766015904475}, {"id": "788153908", "price": 843.25, "amount": 0.21, "side": "buy", "timestamp": 1766015904475}, {"id": "788153909", "price": 843.27, "amount": 0.1, "side": "buy", "timestamp": 1766015904497}, {"id": "788153910", "price": 843.28, "amount": 0.01, "side": "buy", "timestamp": 1766015904557}, {"id": "788153911", "price": 843.29, "amount": 0.02, "side": "buy", "timestamp": 1766015904557}, {"id": "788153912", "price": 843.3, "amount": 0.01, "side": "buy", "timestamp": 1766015904641}, {"id": "788153913", "price": 843.3, "amount": 0.62, "side": "buy", "timestamp": 1766015904771}, {"id": "788153914", "price": 843.32, "amount": 0.05, "side": "buy", "timestamp": 1766015904771}, {"id": "788153915", "price": 843.32, "amount": 0.06, "side": "sell", "timestamp": 1766015905095}, {"id": "788153916", "price": 843.33, "amount": 0.01, "side": "buy", "timestamp": 1766015905313}, {"id": "788153917", "price": 843.32, "amount": 0.08, "side": "sell", "timestamp": 1766015906079}, {"id": "788153918", "price": 843.32, "amount": 0.06, "side": "sell", "timestamp": 1766015907095}, {"id": "788153919", "price": 843.33, "amount": 0.01, "side": "buy", "timestamp": 1766015907946}, {"id": "788153920", "price": 843.32, "amount": 0.06, "side": "sell", "timestamp": 1766015908120}, {"id": "788153921", "price": 843.33, "amount": 6.0, "side": "buy", "timestamp": 1766015908222}, {"id": "788153922", "price": 843.32, "amount": 0.08, "side": "sell", "timestamp": 1766015909136}, {"id": "788153923", "price": 843.32, "amount": 0.08, "side": "sell", "timestamp": 1766015909814}, {"id": "788153924", "price": 843.32, "amount": 0.06, "side": "sell", "timestamp": 1766015910136}, {"id": "788153925", "price": 843.33, "amount": 3.71, "side": "buy", "timestamp": 1766015910545}, {"id": "788153926", "price": 843.34, "amount": 0.01, "side": "buy", "timestamp": 1766015910546}, {"id": "788153927", "price": 843.35, "amount": 0.35, "side": "buy", "timestamp": 1766015910562}, {"id": "788153928", "price": 843.36, "amount": 0.03, "side": "buy", "timestamp": 1766015910562}, {"id": "788153929", "price": 843.36, "amount": 0.01, "side": "sell", "timestamp": 1766015910834}, {"id": "788153930", "price": 843.36, "amount": 0.06, "side": "sell", "timestamp": 1766015911179}, {"id": "788153931", "price": 843.36, "amount": 0.02, "side": "sell", "timestamp": 1766015911338}, {"id": "788153932", "price": 843.36, "amount": 0.01, "side": "sell", "timestamp": 1766015911444}, {"id": "788153933", "price": 843.37, "amount": 0.15, "side": "buy", "timestamp": 1766015911577}, {"id": "788153934", "price": 843.36, "amount": 0.11, "side": "sell", "timestamp": 1766015911782}, {"id": "788153935", "price": 843.36, "amount": 0.06, "side": "sell", "timestamp": 1766015912030}, {"id": "788153936", "price": 843.37, "amount": 8.26, "side": "buy", "timestamp": 1766015912047}, {"id": "788153937", "price": 843.38, "amount": 0.03, "side": "buy", "timestamp": 1766015912047}, {"id": "788153938", "price": 843.39, "amount": 0.01, "side": "buy", "timestamp": 1766015912047}, {"id": "788153939", "price": 843.4, "amount": 0.01, "side": "buy", "timestamp": 1766015912059}, {"id": "788153940", "price": 843.41, "amount": 0.01, "side": "buy", "timestamp": 1766015912059}, {"id": "788153941", "price": 843.41, "amount": 0.02, "side": "sell", "timestamp": 1766015912183}, {"id": "788153942", "price": 843.42, "amount": 0.02, "side": "buy", "timestamp": 1766015912641}, {"id": "788153943", "price": 843.41, "amount": 0.06, "side": "sell", "timestamp": 1766015913013}, {"id": "788154095", "price": 842.93, "amount": 2.04, "side": "sell", "timestamp": 1766015951697}, {"id": "788154096", "price": 842.92, "amount": 4.4, "side": "sell", "timestamp": 1766015951697}, {"id": "788154097", "price": 842.91, "amount": 2.74, "side": "sell", "timestamp": 1766015951697}, {"id": "788154098", "price": 842.9, "amount": 3.8, "side": "sell", "timestamp": 1766015951697}, {"id": "788154099", "price": 842.89, "amount": 0.19, "side": "sell", "timestamp": 1766015951697}, {"id": "788154100", "price": 842.88, "amount": 8.14, "side": "sell", "timestamp": 1766015951697}, {"id": "788154101", "price": 842.87, "amount": 9.28, "side": "sell", "timestamp": 1766015951697}, {"id": "788154102", "price": 842.88, "amount": 1.19, "side": "buy", "timestamp": 1766015951701}, {"id": "788154103", "price": 842.93, "amount": 0.02, "side": "buy", "timestamp": 1766015951720}, {"id": "788154104", "price": 842.99, "amount": 7.81, "side": "sell", "timestamp": 1766015951808}, {"id": "788154105", "price": 842.98, "amount": 0.02, "side": "sell", "timestamp": 1766015952042}, {"id": "788154106", "price": 842.97, "amount": 0.04, "side": "sell", "timestamp": 1766015952042}, {"id": "788154107", "price": 842.97, "amount": 0.03, "side": "sell", "timestamp": 1766015952723}, {"id": "788154108", "price": 842.97, "amount": 0.06, "side": "sell", "timestamp": 1766015953119}, {"id": "788154109", "price": 842.97, "amount": 0.01, "side": "sell", "timestamp": 1766015953502}, {"id": "788154110", "price": 842.97, "amount": 0.02, "side": "sell", "timestamp": 1766015954065}, {"id": "788154111", "price": 842.97, "amount": 0.06, "side": "sell", "timestamp": 1766015954199}, {"id": "788154112", "price": 842.97, "amount": 2.64, "side": "sell", "timestamp": 1766015954577}, {"id": "788154113", "price": 842.97, "amount": 0.06, "side": "sell", "timestamp": 1766015955063}, {"id": "788154114", "price": 842.98, "amount": 0.34, "side": "buy", "timestamp": 1766015956061}, {"id": "788154115", "price": 842.97, "amount": 0.06, "side": "sell", "timestamp": 1766015956126}, {"id": "788154116", "price": 842.98, "amount": 4.41, "side": "buy", "timestamp": 1766015956213}, {"id": "788154117", "price": 842.97, "amount": 0.4, "side": "sell", "timestamp": 1766015956292}, {"id": "788154118", "price": 842.97, "amount": 0.02, "side": "sell", "timestamp": 1766015956967}, {"id": "788154119", "price": 842.97, "amount": 0.08, "side": "sell", "timestamp": 1766015957082}, {"id": "788154120", "price": 842.97, "amount": 0.11, "side": "sell", "timestamp": 1766015958065}, {"id": "788154121", "price": 842.97, "amount": 0.06, "side": "sell", "timestamp": 1766015958183}, {"id": "788154122", "price": 842.97, "amount": 0.06, "side": "sell", "timestamp": 1766015959063}, {"id": "788154123", "price": 842.97, "amount": 0.02, "side": "sell", "timestamp": 1766015959323}, {"id": "788154124", "price": 842.98, "amount": 0.95, "side": "buy", "timestamp": 1766015960020}, {"id": "788154125", "price": 842.97, "amount": 0.08, "side": "sell", "timestamp": 1766015960101}, {"id": "788154126", "price": 842.98, "amount": 0.16, "side": "buy", "timestamp": 1766015960987}, {"id": "788154127", "price": 842.97, "amount": 22.84, "side": "sell", "timestamp": 1766015961164}, {"id": "788154128", "price": 842.96, "amount": 0.09, "side": "sell", "timestamp": 1766015961256}, {"id": "788154129", "price": 842.95, "amount": 1.35, "side": "sell", "timestamp": 1766015961256}, {"id": "788154130", "price": 842.95, "amount": 0.13, "side": "sell", "timestamp": 1766015961619}, {"id": "788154131", "price": 842.95, "amount": 0.06, "side": "sell", "timestamp": 1766015962204}, {"id": "788154132", "price": 842.95, "amount": 0.07, "side": "sell", "timestamp": 1766015962978}, {"id": "788154133", "price": 842.95, "amount": 0.02, "side": "sell", "timestamp": 1766015963122}, {"id": "788154134", "price": 842.96, "amount": 0.01, "side": "buy", "timestamp": 1766015963641}, {"id": "788154135", "price": 842.95, "amount": 0.06, "side": "sell", "timestamp": 1766015964056}, {"id": "788154136", "price": 842.95, "amount": 0.23, "side": "sell", "timestamp": 1766015964402}, {"id": "788154137", "price": 842.95, "amount": 0.06, "side": "sell", "timestamp": 1766015965093}, {"id": "788154138", "price": 842.95, "amount": 0.08, "side": "sell", "timestamp": 1766015966108}, {"id": "788154139", "price": 842.96, "amount": 0.18, "side": "buy", "timestamp": 1766015966433}, {"id": "788154140", "price": 842.96, "amount": 0.22, "side": "buy", "timestamp": 1766015966608}, {"id": "788154141", "price": 842.95, "amount": 0.06, "side": "sell", "timestamp": 1766015967171}, {"id": "788154142", "price": 842.95, "amount": 0.01, "side": "sell", "timestamp": 1766015967818}, {"id": "788154143", "price": 842.95, "amount": 0.06, "side": "sell", "timestamp": 1766015968038}, {"id": "788154144", "price": 842.95, "amount": 0.08, "side": "sell", "timestamp": 1766015969040}]