[{"symbol": "BNBUSDT", "bids": [[889.51, 12.57], [889.5, 1.29], [889.49, 0.73], [889.48, 0.02], [889.47, 3.05], [889.46, 5.14], [889.45, 4.52], [889.44, 13.16], [889.43, 7.73], [889.42, 0.32], [889.41, 11.32], [889.4, 2.68], [889.39, 1.57], [889.38, 2.19], [889.37, 11.24], [889.36, 8.15], [889.35, 5.91], [889.34, 3.46], [889.33, 10.31], [889.32, 18.39]], "asks": [[889.52, 26.54], [889.53, 5.09], [889.54, 0.02], [889.55, 0.05], [889.56, 0.25], [889.57, 3.86], [889.58, 13.42], [889.59, 9.09], [889.6, 10.55], [889.61, 15.94], [889.62, 13.94], [889.64, 5.5], [889.65, 7.13], [889.66, 22.19], [889.67, 7.04], [889.68, 1.88], [889.69, 6.8], [889.7, 4.24], [889.71, 0.02], [889.72, 3.61]], "timestamp": "2025-12-15T08:39:48.025777+00:00"}, {"symbol": "BNBUSDT", "bids": [[889.63, 7.88], [889.62, 0.01], [889.6, 0.03], [889.59, 2.1], [889.58, 0.27], [889.57, 1.62], [889.56, 1.76], [889.55, 12.92], [889.54, 0.67], [889.53, 0.99], [889.52, 2.35], [889.51, 2.75], [889.5, 5.7], [889.49, 10.52], [889.48, 0.42], [889.47, 6.39], [889.46, 10.7], [889.45, 24.63], [889.44, 10.43], [889.43, 8.58]], "asks": [[889.64, 50.56], [889.65, 27.13], [889.66, 9.43], [889.67, 8.37], [889.68, 10.15], [889.69, 7.58], [889.7, 4.27], [889.71, 0.75], [889.72, 0.65], [889.73, 5.27], [889.74, 1.46], [889.75, 4.62], [889.76, 11.67], [889.77, 2.3], [889.78, 11.37], [889.79, 7.4], [889.8, 12.92], [889.81, 8.05], [889.82, 21.76], [889.83, 14.37]], "timestamp": "2025-12-15T08:40:41.888743+00:00"}, {"symbol": "BNBUSDT", "bids": [[889.77, 26.92], [889.76, 0.29], [889.75, 0.46], [889.74, 5.15], [889.73, 0.09], [889.72, 2.12], [889.69, 4.07], [889.68, 2.29], [889.67, 4.45], [889.66, 0.07], [889.65, 2.69], [889.64, 13.2], [889.63, 16.87], [889.62, 0.01], [889.61, 3.37], [889.6, 12.18], [889.59, 32.61], [889.58, 2.11], [889.57, 4.93], [889.56, 25.91]], "asks": [[889.78, 9.42], [889.79, 0.23], [889.8, 0.67], [889.81, 0.53], [889.82, 0.28], [889.83, 4.83], [889.84, 2.0], [889.85, 8.53], [889.86, 3.1], [889.87, 1.13], [889.88, 5.49], [889.89, 18.87], [889.9, 4.83], [889.91, 6.81], [889.92, 5.56], [889.93, 14.25], [889.94, 9.15], [889.95, 8.72], [889.96, 13.96], [889.97, 2.86]], "timestamp": "2025-12-15T08:41:36.468792+00:00"}, {"symbol": "BNBUSDT", "bids": [[889.69, 83.35], [889.68, 27.29], [889.67, 18.31], [889.66, 0.01], [889.65, 0.02], [889.64, 15.2], [889.63, 25.88], [889.62, 8.73], [889.61, 26.37], [889.6, 22.21], [889.59, 3.72], [889.58, 3.18], [889.57, 3.22], [889.56, 1.77], [889.55, 2.66], [889.54, 7.77], [889.53, 10.5], [889.52, 17.27], [889.51, 14.26], [889.5, 14.04]], "asks": [[889.7, 2.92], [889.71, 0.03], [889.72, 0.02], [889.74, 0.08], [889.75, 0.07], [889.76, 0.87], [889.77, 0.27], [889.78, 1.34], [889.79, 7.89], [889.8, 3.9], [889.81, 3.32], [889.82, 0.69], [889.83, 0.48], [889.84, 8.68], [889.85, 27.78], [889.86, 4.63], [889.87, 2.83], [889.88, 10.71], [889.89, 0.05], [889.9, 6.22]], "timestamp": "2025-12-15T08:42:30.331538+00:00"}, {"symbol": "BNBUSDT", "bids": [[889.92, 30.51], [889.91, 0.01], [889.89, 5.09], [889.88, 20.4], [889.87, 8.77], [889.86, 2.63], [889.85, 20.65], [889.84, 8.8], [889.83, 8.04], [889.82, 3.38], [889.81, 27.28], [889.8, 20.46], [889.79, 19.18], [889.78, 5.69], [889.77, 3.85], [889.76, 8.67], [889.75, 16.67], [889.74, 14.79], [889.73, 0.35], [889.72, 0.19]], "asks": [[889.93, 0.96], [889.94, 0.13], [889.95, 0.02], [889.96, 0.06], [889.97, 0.77], [889.98, 5.06], [889.99, 0.75], [890.0, 0.74], [890.01, 2.02], [890.02, 0.08], [890.03, 3.91], [890.04, 4.3], [890.05, 23.3], [890.06, 0.73], [890.07, 0.27], [890.08, 0.41], [890.09, 5.02], [890.1, 5.03], [890.11, 10.88], [890.12, 3.4]], "timestamp": "2025-12-15T08:43:23.990087+00:00"}, {"symbol": "BNBUSDT", "bids": [[889.96, 27.88], [889.95, 0.26], [889.93, 0.43], [889.92, 0.58], [889.91, 0.01], [889.9, 5.06], [889.89, 0.02], [889.88, 0.21], [889.87, 2.59], [889.86, 0.37], [889.84, 2.7], [889.83, 1.36], [889.82, 6.87], [889.81, 0.01], [889.8, 2.14], [889.79, 2.26], [889.78, 10.3], [889.77, 2.15], [889.76, 16.51], [889.75, 8.21]], "asks": [[889.97, 25.9], [889.98, 3.12], [889.99, 10.83], [890.0, 1.04], [890.01, 1.89], [890.02, 12.01], [890.03, 3.16], [890.04, 3.01], [890.05, 0.77], [890.06, 1.47], [890.07, 3.62], [890.08, 11.07], [890.09, 6.86], [890.1, 5.25], [890.11, 14.67], [890.12, 6.76], [890.13, 20.32], [890.14, 5.97], [890.15, 13.55], [890.16, 16.04]], "timestamp": "2025-12-15T08:44:17.443089+00:00"}, {"symbol": "BNBUSDT", "bids": [[889.85, 12.39], [889.84, 0.04], [889.83, 0.8], [889.81, 0.87], [889.8, 2.16], [889.79, 2.42], [889.78, 0.32], [889.77, 0.24], [889.76, 3.41], [889.75, 6.84], [889.74, 6.15], [889.73, 3.26], [889.72, 5.61], [889.71, 0.5], [889.7, 10.71], [889.69, 20.05], [889.68, 1.75], [889.67, 0.51], [889.66, 1.16], [889.65, 8.86]], "asks": [[889.86, 19.33], [889.87, 6.79], [889.88, 5.22], [889.89, 6.47], [889.9, 10.22], [889.91, 0.89], [889.92, 5.9], [889.93, 4.15], [889.94, 6.21], [889.95, 3.49], [889.96, 5.1], [889.97, 5.34], [889.98, 8.04], [889.99, 10.23], [890.0, 10.46], [890.01, 4.85], [890.02, 23.82], [890.03, 0.92], [890.04, 10.26], [890.05, 3.55]], "timestamp": "2025-12-15T08:45:11.306083+00:00"}, {"symbol": "BNBUSDT", "bids": [[890.02, 24.08], [890.01, 0.03], [890.0, 8.78], [889.99, 5.06], [889.98, 0.02], [889.97, 3.33], [889.96, 16.29], [889.95, 17.73], [889.94, 18.18], [889.93, 16.7], [889.92, 7.82], [889.91, 2.08], [889.9, 0.01], [889.89, 3.41], [889.88, 0.57], [889.87, 3.38], [889.86, 2.66], [889.85, 0.11], [889.84, 5.52], [889.83, 0.58]], "asks": [[890.03, 31.63], [890.04, 3.98], [890.05, 9.46], [890.07, 5.25], [890.08, 5.82], [890.09, 2.15], [890.1, 4.0], [890.11, 7.31], [890.12, 4.37], [890.13, 3.66], [890.14, 5.0], [890.15, 4.69], [890.16, 12.53], [890.17, 21.71], [890.18, 4.09], [890.19, 5.15], [890.2, 6.36], [890.21, 17.18], [890.22, 7.92], [890.23, 1.92]], "timestamp": "2025-12-15T08:46:04.964852+00:00"}, {"symbol": "BNBUSDT", "bids": [[890.15, 43.01], [890.14, 0.02], [890.13, 0.12], [890.12, 5.17], [890.11, 20.59], [890.1, 2.34], [890.09, 3.99], [890.08, 20.48], [890.07, 1.68], [890.06, 3.87], [890.05, 3.32], [890.04, 7.36], [890.03, 4.36], [890.02, 0.61], [890.01, 12.28], [890.0, 0.02], [889.99, 0.02], [889.98, 4.51], [889.97, 23.97], [889.96, 7.98]], "asks": [[890.16, 13.73], [890.17, 0.04], [890.18, 0.39], [890.19, 0.02], [890.2, 5.05], [890.21, 1.16], [890.22, 11.58], [890.23, 8.94], [890.24, 15.28], [890.25, 7.63], [890.27, 0.26], [890.28, 0.03], [890.29, 7.04], [890.3, 23.06], [890.31, 0.02], [890.32, 3.37], [890.33, 4.51], [890.34, 0.02], [890.35, 3.46], [890.36, 9.91]], "timestamp": "2025-12-15T08:46:58.827435+00:00"}, {"symbol": "BNBUSDT", "bids": [[889.76, 24.65], [889.75, 0.58], [889.73, 0.07], [889.72, 6.22], [889.71, 2.89], [889.7, 4.95], [889.69, 22.47], [889.68, 5.46], [889.67, 7.27], [889.66, 3.67], [889.65, 26.27], [889.64, 6.32], [889.63, 7.22], [889.62, 10.13], [889.61, 10.01], [889.6, 4.81], [889.59, 4.6], [889.58, 14.35], [889.57, 11.34], [889.56, 3.46]], "asks": [[889.77, 13.24], [889.78, 0.16], [889.79, 0.16], [889.8, 0.02], [889.81, 0.02], [889.82, 1.31], [889.83, 4.0], [889.84, 2.56], [889.85, 2.15], [889.86, 0.37], [889.87, 7.1], [889.88, 21.15], [889.89, 2.58], [889.9, 1.48], [889.91, 2.53], [889.92, 6.39], [889.93, 5.09], [889.94, 3.45], [889.95, 7.73], [889.96, 5.87]], "timestamp": "2025-12-15T08:47:52.590608+00:00"}, {"symbol": "BNBUSDT", "bids": [[889.61, 8.87], [889.6, 0.03], [889.59, 4.08], [889.58, 0.03], [889.57, 0.08], [889.56, 0.04], [889.55, 1.35], [889.54, 3.29], [889.53, 4.12], [889.52, 6.64], [889.51, 2.28], [889.5, 5.22], [889.49, 1.46], [889.48, 6.74], [889.47, 0.27], [889.46, 8.84], [889.45, 0.71], [889.44, 6.08], [889.43, 11.33], [889.42, 3.81]], "asks": [[889.62, 44.54], [889.63, 0.02], [889.64, 7.96], [889.65, 11.47], [889.66, 39.81], [889.67, 27.79], [889.68, 13.52], [889.69, 30.45], [889.7, 32.62], [889.71, 25.04], [889.72, 8.13], [889.73, 0.18], [889.74, 1.17], [889.75, 3.71], [889.76, 6.48], [889.77, 3.41], [889.78, 0.05], [889.79, 4.41], [889.8, 1.47], [889.81, 2.06]], "timestamp": "2025-12-15T08:48:46.143869+00:00"}, {"symbol": "BNBUSDT", "bids": [[889.67, 30.18], [889.66, 9.27], [889.65, 2.11], [889.64, 0.26], [889.63, 0.02], [889.62, 0.02], [889.61, 1.94], [889.6, 0.03], [889.59, 0.02], [889.58, 2.11], [889.57, 1.66], [889.56, 0.24], [889.55, 0.01], [889.54, 1.34], [889.53, 4.35], [889.52, 13.94], [889.51, 0.01], [889.5, 1.71], [889.49, 12.41], [889.48, 11.21]], "asks": [[889.68, 35.33], [889.69, 9.0], [889.7, 16.66], [889.71, 19.07], [889.72, 1.32], [889.73, 0.16], [889.74, 7.5], [889.75, 0.24], [889.76, 6.98], [889.77, 4.18], [889.78, 2.6], [889.79, 5.74], [889.8, 6.42], [889.81, 2.66], [889.82, 1.05], [889.83, 9.94], [889.84, 12.51], [889.85, 0.04], [889.86, 26.7], [889.87, 14.59]], "timestamp": "2025-12-15T08:49:39.596750+00:00"}, {"symbol": "BNBUSDT", "bids": [[889.9, 1.07], [889.89, 0.02], [889.87, 0.12], [889.86, 0.02], [889.85, 0.76], [889.84, 0.02], [889.83, 0.03], [889.82, 1.36], [889.81, 2.46], [889.8, 1.96], [889.79, 2.38], [889.78, 2.31], [889.77, 7.88], [889.76, 9.28], [889.75, 2.33], [889.74, 0.34], [889.73, 1.69], [889.72, 15.32], [889.71, 11.48], [889.7, 2.25]], "asks": [[889.91, 86.58], [889.92, 33.72], [889.93, 37.79], [889.94, 64.73], [889.95, 26.88], [889.96, 49.12], [889.97, 32.26], [889.98, 7.93], [889.99, 8.53], [890.0, 0.07], [890.01, 1.14], [890.02, 4.19], [890.03, 3.43], [890.04, 8.7], [890.05, 3.79], [890.06, 1.76], [890.07, 12.05], [890.08, 9.9], [890.09, 16.87], [890.1, 17.44]], "timestamp": "2025-12-15T08:50:33.562565+00:00"}, {"symbol": "BNBUSDT", "bids": [[889.87, 12.13], [889.86, 0.03], [889.84, 0.01], [889.83, 0.07], [889.82, 0.33], [889.81, 1.92], [889.8, 1.13], [889.79, 0.26], [889.78, 0.27], [889.77, 2.05], [889.76, 4.33], [889.75, 0.59], [889.74, 0.03], [889.73, 5.62], [889.72, 4.12], [889.71, 14.17], [889.7, 2.57], [889.69, 12.47], [889.68, 0.4], [889.67, 9.4]], "asks": [[889.88, 45.17], [889.89, 0.03], [889.9, 0.07], [889.91, 3.74], [889.92, 0.62], [889.93, 3.76], [889.94, 8.17], [889.95, 10.47], [889.96, 5.91], [889.97, 5.89], [889.98, 4.74], [889.99, 14.02], [890.0, 11.55], [890.01, 7.19], [890.02, 27.15], [890.03, 13.66], [890.04, 13.7], [890.05, 4.64], [890.06, 11.41], [890.07, 12.05]], "timestamp": "2025-12-15T08:51:27.322936+00:00"}, {"symbol": "BNBUSDT", "bids": [[889.75, 37.7], [889.73, 0.32], [889.72, 8.38], [889.71, 20.96], [889.7, 0.02], [889.69, 4.66], [889.68, 12.29], [889.67, 3.52], [889.66, 22.29], [889.65, 1.02], [889.64, 8.63], [889.63, 18.05], [889.62, 24.12], [889.61, 14.98], [889.6, 3.03], [889.59, 7.66], [889.58, 16.97], [889.57, 12.68], [889.56, 16.3], [889.55, 13.34]], "asks": [[889.76, 2.0], [889.77, 0.02], [889.78, 0.03], [889.79, 0.01], [889.8, 1.47], [889.81, 1.77], [889.82, 5.16], [889.83, 1.9], [889.84, 0.91], [889.85, 5.0], [889.86, 3.17], [889.87, 3.95], [889.88, 10.99], [889.89, 2.58], [889.9, 0.25], [889.91, 9.23], [889.92, 25.15], [889.93, 1.77], [889.94, 3.9], [889.95, 4.71]], "timestamp": "2025-12-15T08:52:20.981339+00:00"}, {"symbol": "BNBUSDT", "bids": [[889.63, 30.82], [889.62, 0.32], [889.61, 0.15], [889.6, 5.96], [889.59, 16.69], [889.58, 3.36], [889.57, 0.8], [889.56, 22.81], [889.55, 3.92], [889.54, 6.37], [889.53, 4.75], [889.52, 17.87], [889.51, 4.49], [889.5, 25.95], [889.49, 5.17], [889.48, 8.61], [889.47, 22.88], [889.46, 17.31], [889.45, 0.92], [889.44, 17.56]], "asks": [[889.64, 0.43], [889.65, 0.02], [889.67, 0.01], [889.68, 2.31], [889.7, 1.91], [889.72, 17.99], [889.73, 15.39], [889.74, 12.75], [889.75, 23.6], [889.76, 2.12], [889.77, 4.54], [889.78, 8.88], [889.79, 8.72], [889.8, 2.6], [889.81, 2.09], [889.82, 1.0], [889.83, 2.0], [889.84, 8.52], [889.85, 9.51], [889.86, 5.98]], "timestamp": "2025-12-15T08:53:14.948022+00:00"}, {"symbol": "BNBUSDT", "bids": [[889.76, 26.48], [889.75, 0.03], [889.74, 12.18], [889.73, 13.31], [889.72, 18.46], [889.71, 17.22], [889.7, 15.81], [889.69, 17.87], [889.68, 5.89], [889.67, 1.6], [889.66, 2.46], [889.65, 0.12], [889.64, 8.04], [889.63, 6.42], [889.62, 0.31], [889.61, 0.31], [889.6, 3.39], [889.59, 0.04], [889.58, 2.11], [889.57, 0.41]], "asks": [[889.77, 2.97], [889.78, 8.94], [889.79, 1.84], [889.8, 5.78], [889.81, 1.01], [889.82, 0.36], [889.83, 1.91], [889.84, 0.03], [889.85, 2.33], [889.86, 3.39], [889.87, 5.72], [889.88, 12.2], [889.89, 0.49], [889.9, 0.45], [889.91, 19.63], [889.92, 12.25], [889.93, 31.72], [889.94, 2.01], [889.95, 4.64], [889.96, 5.47]], "timestamp": "2025-12-15T08:54:08.502496+00:00"}, {"symbol": "BNBUSDT", "bids": [[889.84, 19.5], [889.83, 0.31], [889.8, 0.01], [889.79, 5.05], [889.78, 2.24], [889.77, 8.98], [889.76, 14.01], [889.75, 0.25], [889.74, 0.72], [889.73, 1.83], [889.72, 4.13], [889.71, 5.61], [889.7, 12.94], [889.69, 5.3], [889.68, 2.74], [889.67, 3.86], [889.66, 12.32], [889.65, 3.86], [889.64, 17.74], [889.63, 5.74]], "asks": [[889.85, 4.2], [889.86, 3.66], [889.87, 1.01], [889.88, 16.34], [889.89, 0.01], [889.9, 2.95], [889.91, 4.7], [889.92, 4.68], [889.93, 3.85], [889.94, 4.01], [889.95, 3.39], [889.96, 2.58], [889.97, 8.13], [889.98, 4.23], [889.99, 30.73], [890.0, 9.14], [890.01, 3.81], [890.02, 12.76], [890.03, 13.86], [890.04, 8.82]], "timestamp": "2025-12-15T08:55:02.366227+00:00"}, {"symbol": "BNBUSDT", "bids": [[889.84, 14.07], [889.83, 0.02], [889.82, 2.12], [889.81, 0.02], [889.8, 0.25], [889.79, 0.02], [889.78, 2.24], [889.77, 0.24], [889.76, 5.99], [889.75, 4.95], [889.74, 0.88], [889.73, 19.44], [889.72, 0.49], [889.71, 13.51], [889.7, 0.51], [889.69, 32.03], [889.68, 7.29], [889.67, 27.77], [889.66, 0.39], [889.65, 0.78]], "asks": [[889.85, 29.1], [889.86, 0.14], [889.87, 0.14], [889.88, 0.23], [889.89, 5.52], [889.9, 7.74], [889.91, 15.65], [889.92, 40.71], [889.93, 19.28], [889.94, 28.79], [889.95, 7.13], [889.96, 25.94], [889.97, 5.1], [889.98, 5.25], [889.99, 8.81], [890.0, 12.11], [890.01, 10.44], [890.02, 11.2], [890.03, 2.1], [890.04, 7.31]], "timestamp": "2025-12-15T08:55:55.716876+00:00"}, {"symbol": "BNBUSDT", "bids": [[890.06, 9.41], [890.05, 0.28], [890.02, 8.72], [890.01, 8.73], [890.0, 5.36], [889.99, 0.52], [889.98, 15.81], [889.97, 6.36], [889.96, 0.95], [889.95, 2.0], [889.93, 7.62], [889.92, 2.58], [889.91, 0.56], [889.9, 1.86], [889.89, 4.45], [889.88, 5.0], [889.87, 5.54], [889.86, 3.4], [889.85, 11.32], [889.84, 6.45]], "asks": [[890.07, 34.83], [890.08, 0.21], [890.09, 0.32], [890.1, 0.08], [890.11, 0.23], [890.12, 4.25], [890.13, 1.58], [890.14, 14.89], [890.15, 5.7], [890.16, 5.5], [890.17, 12.48], [890.18, 4.5], [890.19, 12.04], [890.2, 11.36], [890.21, 19.35], [890.22, 18.29], [890.23, 10.23], [890.24, 11.43], [890.25, 30.3], [890.26, 12.87]], "timestamp": "2025-12-15T08:56:49.682009+00:00"}, {"symbol": "BNBUSDT", "bids": [[889.93, 16.3], [889.92, 0.03], [889.9, 0.01], [889.89, 5.82], [889.88, 6.11], [889.87, 2.07], [889.86, 17.76], [889.85, 0.95], [889.84, 6.88], [889.83, 13.69], [889.82, 2.62], [889.81, 2.63], [889.8, 13.2], [889.79, 4.43], [889.78, 1.0], [889.77, 0.72], [889.76, 12.55], [889.75, 11.1], [889.74, 14.64], [889.73, 9.85]], "asks": [[889.94, 18.9], [889.95, 0.01], [889.96, 4.64], [889.97, 9.11], [889.98, 18.14], [889.99, 5.69], [890.0, 1.82], [890.01, 5.22], [890.02, 18.27], [890.03, 16.32], [890.04, 1.3], [890.05, 2.08], [890.06, 4.2], [890.07, 0.01], [890.08, 6.67], [890.09, 17.56], [890.1, 27.08], [890.11, 3.31], [890.12, 2.3], [890.13, 0.8]], "timestamp": "2025-12-15T08:57:43.340281+00:00"}, {"symbol": "BNBUSDT", "bids": [[889.87, 23.7], [889.86, 8.73], [889.85, 1.34], [889.84, 9.28], [889.83, 18.34], [889.82, 18.73], [889.81, 20.74], [889.8, 21.5], [889.79, 17.52], [889.78, 0.26], [889.77, 1.14], [889.76, 1.41], [889.75, 2.29], [889.74, 5.35], [889.73, 1.58], [889.72, 3.58], [889.71, 4.89], [889.7, 0.57], [889.69, 5.29], [889.68, 19.12]], "asks": [[889.88, 9.78], [889.89, 0.36], [889.9, 0.35], [889.91, 1.1], [889.92, 0.04], [889.93, 0.67], [889.94, 0.03], [889.96, 7.67], [889.97, 3.83], [889.98, 0.03], [889.99, 8.24], [890.0, 8.16], [890.01, 0.87], [890.02, 8.04], [890.03, 5.78], [890.04, 32.93], [890.05, 4.66], [890.06, 4.33], [890.07, 5.61], [890.08, 12.67]], "timestamp": "2025-12-15T08:58:37.100715+00:00"}, {"symbol": "BNBUSDT", "bids": [[889.8, 32.36], [889.79, 6.62], [889.78, 136.88], [889.77, 1.24], [889.76, 0.31], [889.74, 2.09], [889.73, 0.3], [889.72, 2.37], [889.71, 2.59], [889.7, 4.53], [889.69, 5.29], [889.68, 4.84], [889.67, 1.16], [889.66, 1.02], [889.65, 3.38], [889.64, 7.77], [889.63, 13.93], [889.62, 6.64], [889.61, 11.54], [889.6, 7.44]], "asks": [[889.81, 13.1], [889.82, 1.57], [889.83, 0.64], [889.84, 5.04], [889.85, 21.38], [889.86, 113.04], [889.87, 5.07], [889.88, 0.01], [889.89, 7.64], [889.9, 5.59], [889.91, 3.54], [889.92, 30.4], [889.93, 3.39], [889.94, 1.77], [889.95, 0.02], [889.96, 2.22], [889.97, 3.02], [889.98, 0.03], [889.99, 6.72], [890.0, 0.07]], "timestamp": "2025-12-15T08:59:30.759125+00:00"}, {"symbol": "BNBUSDT", "bids": [[889.85, 17.45], [889.84, 9.92], [889.83, 9.15], [889.82, 9.64], [889.81, 16.76], [889.8, 14.52], [889.79, 5.34], [889.78, 135.44], [889.77, 4.01], [889.76, 0.31], [889.75, 1.0], [889.74, 2.09], [889.73, 0.4], [889.71, 1.64], [889.7, 0.57], [889.69, 5.29], [889.68, 2.18], [889.67, 2.54], [889.66, 0.92], [889.65, 1.55]], "asks": [[889.86, 118.27], [889.87, 1.47], [889.88, 0.27], [889.89, 0.75], [889.9, 3.2], [889.91, 2.13], [889.92, 3.8], [889.93, 3.37], [889.94, 7.06], [889.96, 5.94], [889.97, 5.27], [889.98, 0.03], [889.99, 5.72], [890.0, 26.81], [890.01, 2.6], [890.02, 0.67], [890.03, 7.51], [890.04, 4.47], [890.05, 6.13], [890.06, 0.04]], "timestamp": "2025-12-15T09:00:24.339230+00:00"}, {"symbol": "BNBUSDT", "bids": [[889.99, 5.44], [889.98, 0.47], [889.97, 5.05], [889.96, 135.46], [889.95, 4.67], [889.94, 0.02], [889.93, 1.8], [889.92, 0.02], [889.91, 0.58], [889.9, 5.48], [889.89, 3.99], [889.88, 0.27], [889.87, 0.56], [889.86, 2.63], [889.85, 5.68], [889.84, 18.77], [889.83, 14.62], [889.82, 0.29], [889.81, 21.97], [889.8, 9.86]], "asks": [[890.0, 48.02], [890.01, 10.97], [890.02, 3.24], [890.03, 12.6], [890.04, 9.99], [890.05, 22.29], [890.06, 51.07], [890.07, 14.62], [890.08, 6.06], [890.09, 9.54], [890.1, 3.32], [890.12, 1.1], [890.13, 1.02], [890.14, 0.04], [890.15, 2.08], [890.16, 3.37], [890.17, 6.72], [890.18, 0.73], [890.19, 3.97], [890.2, 7.9]], "timestamp": "2025-12-15T09:01:18.178352+00:00"}, {"symbol": "BNBUSDT", "bids": [[890.29, 3.41], [890.28, 0.75], [890.27, 0.85], [890.26, 0.02], [890.24, 0.03], [890.23, 0.42], [890.22, 0.71], [890.21, 1.45], [890.2, 2.56], [890.19, 4.57], [890.18, 0.38], [890.17, 5.35], [890.16, 5.13], [890.15, 6.24], [890.14, 2.98], [890.13, 4.39], [890.12, 15.09], [890.11, 11.27], [890.1, 0.57], [890.09, 2.68]], "asks": [[890.3, 39.07], [890.31, 5.29], [890.32, 13.51], [890.33, 2.3], [890.34, 0.78], [890.35, 4.2], [890.36, 13.15], [890.37, 0.63], [890.38, 1.07], [890.39, 5.36], [890.4, 11.24], [890.41, 11.34], [890.42, 5.28], [890.43, 3.8], [890.44, 15.09], [890.45, 4.36], [890.46, 11.08], [890.47, 8.68], [890.48, 21.6], [890.49, 36.97]], "timestamp": "2025-12-15T09:02:11.734878+00:00"}, {"symbol": "BNBUSDT", "bids": [[890.82, 16.2], [890.81, 5.63], [890.8, 2.86], [890.79, 0.04], [890.78, 0.42], [890.77, 0.27], [890.76, 11.73], [890.75, 5.26], [890.74, 5.31], [890.73, 0.24], [890.72, 18.05], [890.71, 7.45], [890.7, 6.43], [890.69, 1.03], [890.68, 8.93], [890.67, 3.69], [890.66, 12.79], [890.65, 6.36], [890.64, 0.06], [890.63, 4.33]], "asks": [[890.83, 35.11], [890.84, 3.45], [890.85, 9.97], [890.86, 0.67], [890.87, 2.39], [890.88, 4.12], [890.89, 5.91], [890.9, 0.28], [890.91, 1.5], [890.92, 3.66], [890.93, 6.88], [890.94, 15.91], [890.95, 5.48], [890.96, 0.59], [890.97, 24.2], [890.98, 3.62], [890.99, 4.35], [891.0, 38.35], [891.01, 0.05], [891.02, 2.23]], "timestamp": "2025-12-15T09:03:05.596464+00:00"}, {"symbol": "BNBUSDT", "bids": [[890.73, 17.6], [890.72, 0.92], [890.68, 3.9], [890.67, 0.3], [890.66, 0.85], [890.65, 0.02], [890.64, 8.96], [890.63, 19.95], [890.62, 0.59], [890.61, 2.51], [890.6, 6.41], [890.59, 3.13], [890.58, 5.03], [890.57, 16.69], [890.56, 10.51], [890.55, 11.4], [890.54, 4.6], [890.53, 4.51], [890.52, 13.88], [890.51, 16.06]], "asks": [[890.74, 22.16], [890.76, 5.48], [890.77, 1.84], [890.78, 13.31], [890.79, 4.22], [890.8, 9.52], [890.81, 6.12], [890.82, 2.99], [890.83, 10.56], [890.84, 6.8], [890.85, 6.41], [890.86, 5.17], [890.87, 1.83], [890.88, 6.04], [890.89, 4.91], [890.9, 6.82], [890.91, 1.49], [890.92, 14.77], [890.93, 8.98], [890.94, 14.23]], "timestamp": "2025-12-15T09:03:59.050404+00:00"}, {"symbol": "BNBUSDT", "bids": [[890.92, 19.96], [890.91, 0.44], [890.9, 0.22], [890.89, 0.51], [890.88, 7.65], [890.87, 10.65], [890.86, 5.19], [890.85, 1.71], [890.84, 2.14], [890.83, 5.99], [890.82, 1.85], [890.81, 6.59], [890.8, 4.35], [890.79, 5.98], [890.78, 13.52], [890.77, 3.39], [890.76, 15.19], [890.75, 1.3], [890.74, 5.36], [890.73, 11.53]], "asks": [[890.93, 22.77], [890.94, 0.03], [890.95, 5.98], [890.96, 0.69], [890.97, 0.42], [890.98, 4.26], [890.99, 5.91], [891.0, 38.8], [891.01, 1.32], [891.02, 6.77], [891.03, 2.13], [891.04, 0.24], [891.05, 0.25], [891.06, 2.35], [891.07, 4.61], [891.08, 2.72], [891.09, 2.89], [891.1, 2.79], [891.11, 4.54], [891.12, 12.62]], "timestamp": "2025-12-15T09:04:53.220382+00:00"}, {"symbol": "BNBUSDT", "bids": [[891.27, 64.9], [891.26, 3.11], [891.25, 0.39], [891.24, 21.49], [891.23, 5.49], [891.22, 5.34], [891.21, 0.02], [891.2, 8.63], [891.19, 0.06], [891.18, 0.23], [891.17, 2.09], [891.16, 8.22], [891.15, 8.29], [891.14, 4.94], [891.13, 14.38], [891.12, 18.45], [891.11, 8.52], [891.1, 60.81], [891.09, 5.86], [891.08, 34.02]], "asks": [[891.28, 7.78], [891.3, 0.01], [891.32, 4.92], [891.33, 1.62], [891.34, 1.91], [891.35, 12.76], [891.36, 0.05], [891.37, 0.02], [891.38, 0.01], [891.39, 0.07], [891.4, 2.13], [891.41, 0.95], [891.42, 10.53], [891.43, 0.56], [891.44, 5.94], [891.45, 5.43], [891.46, 21.26], [891.47, 8.13], [891.48, 12.27], [891.49, 12.33]], "timestamp": "2025-12-15T09:05:47.390599+00:00"}, {"symbol": "BNBUSDT", "bids": [[891.17, 48.26], [891.16, 2.3], [891.15, 0.72], [891.14, 0.16], [891.13, 0.97], [891.12, 2.41], [891.11, 10.19], [891.1, 54.91], [891.09, 2.7], [891.08, 10.68], [891.07, 2.57], [891.06, 1.67], [891.05, 5.2], [891.04, 8.06], [891.03, 3.46], [891.02, 10.07], [891.01, 7.9], [891.0, 26.2], [890.99, 8.28], [890.98, 12.12]], "asks": [[891.18, 16.5], [891.19, 2.69], [891.2, 0.38], [891.21, 0.05], [891.22, 1.13], [891.24, 0.01], [891.25, 0.01], [891.26, 1.18], [891.27, 5.04], [891.28, 4.2], [891.29, 3.14], [891.3, 2.73], [891.31, 0.29], [891.32, 1.91], [891.34, 0.03], [891.35, 3.42], [891.36, 6.95], [891.37, 7.13], [891.38, 5.89], [891.39, 6.14]], "timestamp": "2025-12-15T09:06:40.947052+00:00"}, {"symbol": "BNBUSDT", "bids": [[891.43, 17.58], [891.42, 1.27], [891.41, 0.02], [891.4, 0.01], [891.38, 0.3], [891.36, 0.04], [891.35, 3.02], [891.34, 3.47], [891.33, 5.68], [891.32, 3.1], [891.31, 4.04], [891.3, 8.99], [891.29, 3.33], [891.28, 7.58], [891.27, 5.66], [891.26, 7.95], [891.25, 14.39], [891.24, 8.74], [891.23, 7.15], [891.22, 2.83]], "asks": [[891.44, 58.49], [891.45, 8.59], [891.46, 9.44], [891.47, 25.09], [891.48, 30.52], [891.49, 0.01], [891.5, 24.95], [891.51, 27.24], [891.52, 9.05], [891.53, 21.89], [891.54, 9.82], [891.55, 10.06], [891.56, 1.18], [891.57, 6.3], [891.58, 6.6], [891.59, 5.47], [891.6, 3.6], [891.61, 8.88], [891.62, 11.5], [891.63, 0.05]], "timestamp": "2025-12-15T09:07:34.502423+00:00"}, {"symbol": "BNBUSDT", "bids": [[891.25, 31.14], [891.24, 0.49], [891.23, 9.85], [891.22, 2.16], [891.21, 11.83], [891.2, 4.7], [891.19, 4.32], [891.18, 17.52], [891.17, 8.01], [891.16, 3.0], [891.15, 10.37], [891.14, 18.88], [891.13, 0.69], [891.12, 5.63], [891.11, 18.56], [891.1, 64.47], [891.09, 2.65], [891.08, 12.38], [891.07, 4.65], [891.06, 5.17]], "asks": [[891.26, 16.0], [891.27, 1.59], [891.28, 6.04], [891.29, 2.65], [891.3, 15.55], [891.31, 6.02], [891.32, 7.18], [891.33, 12.27], [891.34, 10.78], [891.35, 16.99], [891.36, 10.55], [891.37, 12.12], [891.38, 0.21], [891.39, 0.17], [891.4, 8.61], [891.41, 8.42], [891.42, 6.0], [891.43, 7.79], [891.44, 11.75], [891.45, 7.8]], "timestamp": "2025-12-15T09:08:28.058694+00:00"}, {"symbol": "BNBUSDT", "bids": [[891.2, 18.86], [891.19, 9.9], [891.18, 9.01], [891.17, 0.17], [891.16, 0.2], [891.15, 14.48], [891.14, 17.58], [891.13, 7.48], [891.12, 4.59], [891.11, 9.74], [891.1, 1.99], [891.09, 0.29], [891.08, 4.08], [891.07, 5.34], [891.06, 0.04], [891.05, 0.33], [891.04, 6.42], [891.03, 2.28], [891.02, 2.62], [891.01, 3.04]], "asks": [[891.21, 20.19], [891.22, 0.01], [891.23, 5.13], [891.24, 3.3], [891.25, 6.05], [891.26, 2.77], [891.27, 0.34], [891.28, 8.89], [891.29, 4.38], [891.3, 2.5], [891.31, 0.68], [891.32, 25.36], [891.33, 4.46], [891.34, 2.56], [891.35, 10.24], [891.36, 1.69], [891.37, 6.85], [891.38, 3.36], [891.39, 14.88], [891.4, 8.0]], "timestamp": "2025-12-15T09:09:21.921624+00:00"}, {"symbol": "BNBUSDT", "bids": [[891.04, 1.13], [891.02, 0.01], [891.01, 0.38], [891.0, 1.15], [890.99, 0.77], [890.98, 13.54], [890.97, 0.04], [890.96, 0.01], [890.95, 2.86], [890.94, 5.43], [890.93, 2.88], [890.92, 7.06], [890.91, 0.01], [890.9, 2.96], [890.89, 2.71], [890.88, 3.3], [890.87, 9.25], [890.86, 5.41], [890.85, 3.71], [890.84, 8.14]], "asks": [[891.05, 67.26], [891.06, 36.74], [891.07, 29.67], [891.08, 21.34], [891.09, 19.68], [891.1, 7.11], [891.11, 16.85], [891.12, 42.73], [891.13, 47.54], [891.14, 16.06], [891.15, 0.01], [891.16, 12.06], [891.17, 2.07], [891.18, 10.51], [891.19, 0.52], [891.2, 5.75], [891.21, 14.87], [891.22, 8.54], [891.23, 11.28], [891.24, 7.75]], "timestamp": "2025-12-15T09:10:15.374685+00:00"}, {"symbol": "BNBUSDT", "bids": [[890.39, 17.5], [890.38, 0.33], [890.37, 9.39], [890.36, 1.04], [890.35, 1.0], [890.34, 2.09], [890.33, 6.15], [890.32, 0.28], [890.31, 0.27], [890.3, 8.02], [890.29, 4.61], [890.28, 3.68], [890.27, 3.54], [890.26, 11.44], [890.25, 6.43], [890.24, 2.17], [890.23, 7.05], [890.22, 3.82], [890.21, 13.23], [890.2, 9.6]], "asks": [[890.4, 14.32], [890.41, 0.03], [890.42, 1.34], [890.43, 7.45], [890.44, 0.15], [890.45, 0.12], [890.47, 0.8], [890.48, 7.6], [890.49, 12.32], [890.5, 6.74], [890.51, 0.59], [890.52, 2.94], [890.53, 3.19], [890.54, 0.87], [890.55, 0.56], [890.56, 5.99], [890.57, 8.93], [890.58, 12.81], [890.59, 0.06], [890.6, 10.51]], "timestamp": "2025-12-15T09:11:09.442384+00:00"}, {"symbol": "BNBUSDT", "bids": [[890.37, 3.37], [890.36, 0.3], [890.33, 0.02], [890.32, 0.04], [890.31, 5.27], [890.3, 1.48], [890.29, 2.55], [890.28, 4.08], [890.27, 8.48], [890.26, 9.19], [890.25, 7.38], [890.24, 0.03], [890.23, 0.12], [890.22, 2.16], [890.21, 1.18], [890.2, 4.19], [890.19, 7.48], [890.18, 19.49], [890.17, 2.22], [890.16, 6.83]], "asks": [[890.38, 66.0], [890.39, 1.43], [890.4, 2.07], [890.41, 14.1], [890.42, 27.82], [890.43, 39.24], [890.44, 39.86], [890.45, 20.06], [890.46, 0.02], [890.47, 8.35], [890.48, 0.61], [890.49, 0.01], [890.5, 0.04], [890.51, 1.0], [890.52, 1.68], [890.53, 2.39], [890.54, 3.63], [890.55, 5.34], [890.56, 18.6], [890.57, 5.8]], "timestamp": "2025-12-15T09:12:03.203880+00:00"}, {"symbol": "BNBUSDT", "bids": [[890.29, 40.97], [890.28, 0.34], [890.27, 21.11], [890.26, 10.2], [890.25, 6.8], [890.24, 2.87], [890.23, 36.23], [890.22, 20.8], [890.21, 33.71], [890.2, 41.63], [890.19, 9.53], [890.18, 2.6], [890.17, 3.66], [890.16, 3.29], [890.15, 5.88], [890.14, 5.12], [890.13, 3.95], [890.12, 0.58], [890.11, 0.01], [890.1, 2.98]], "asks": [[890.3, 7.24], [890.31, 1.35], [890.32, 3.97], [890.34, 1.95], [890.35, 1.7], [890.36, 6.2], [890.37, 6.09], [890.38, 1.54], [890.39, 3.25], [890.4, 26.12], [890.41, 4.9], [890.42, 3.07], [890.43, 0.33], [890.44, 12.06], [890.45, 0.28], [890.46, 2.29], [890.47, 2.58], [890.48, 7.61], [890.49, 2.48], [890.5, 11.25]], "timestamp": "2025-12-15T09:12:56.963583+00:00"}, {"symbol": "BNBUSDT", "bids": [[890.26, 28.7], [890.25, 0.25], [890.24, 9.4], [890.23, 1.29], [890.22, 9.87], [890.21, 9.97], [890.2, 19.47], [890.19, 5.17], [890.18, 3.59], [890.17, 7.58], [890.16, 16.58], [890.15, 5.4], [890.14, 2.62], [890.13, 0.55], [890.12, 11.85], [890.11, 6.66], [890.1, 0.25], [890.09, 2.11], [890.08, 30.39], [890.07, 25.48]], "asks": [[890.27, 3.38], [890.28, 1.84], [890.29, 7.99], [890.3, 0.02], [890.32, 4.14], [890.33, 0.69], [890.34, 0.55], [890.35, 0.4], [890.36, 2.5], [890.37, 4.26], [890.38, 23.0], [890.39, 5.56], [890.4, 2.86], [890.41, 2.86], [890.42, 3.01], [890.43, 11.48], [890.44, 10.25], [890.45, 6.94], [890.46, 14.94], [890.47, 9.86]], "timestamp": "2025-12-15T09:13:50.622137+00:00"}, {"symbol": "BNBUSDT", "bids": [[890.67, 12.29], [890.66, 0.3], [890.65, 0.2], [890.64, 0.63], [890.63, 1.77], [890.62, 2.4], [890.61, 0.5], [890.6, 6.59], [890.59, 1.35], [890.58, 3.74], [890.57, 5.02], [890.56, 0.34], [890.55, 0.66], [890.54, 0.26], [890.53, 0.84], [890.52, 10.78], [890.51, 10.79], [890.5, 0.02], [890.49, 5.71], [890.48, 11.81]], "asks": [[890.68, 40.74], [890.69, 0.15], [890.7, 0.01], [890.71, 5.09], [890.72, 16.94], [890.73, 5.77], [890.74, 7.84], [890.75, 12.92], [890.76, 5.52], [890.77, 4.26], [890.78, 4.35], [890.79, 20.88], [890.8, 9.34], [890.81, 4.36], [890.82, 11.84], [890.83, 6.94], [890.84, 16.07], [890.85, 12.24], [890.86, 23.56], [890.87, 5.09]], "timestamp": "2025-12-15T09:14:43.973103+00:00"}, {"symbol": "BNBUSDT", "bids": [[890.84, 15.67], [890.83, 2.2], [890.81, 0.05], [890.8, 0.04], [890.79, 3.35], [890.78, 0.33], [890.77, 0.02], [890.76, 0.31], [890.75, 0.03], [890.73, 0.21], [890.72, 4.13], [890.71, 3.37], [890.7, 5.99], [890.68, 0.32], [890.67, 6.36], [890.66, 10.01], [890.65, 10.52], [890.64, 12.96], [890.63, 8.81], [890.62, 6.16]], "asks": [[890.85, 36.31], [890.86, 0.33], [890.87, 1.6], [890.88, 0.06], [890.89, 3.72], [890.9, 19.38], [890.91, 0.02], [890.92, 0.57], [890.93, 1.12], [890.94, 6.43], [890.95, 0.44], [890.96, 13.06], [890.97, 5.12], [890.98, 0.03], [890.99, 0.68], [891.0, 12.41], [891.01, 2.3], [891.02, 4.57], [891.03, 15.79], [891.04, 15.81]], "timestamp": "2025-12-15T09:15:37.349981+00:00"}, {"symbol": "BNBUSDT", "bids": [[890.7, 18.74], [890.69, 0.38], [890.68, 0.25], [890.66, 0.01], [890.65, 0.7], [890.64, 9.49], [890.63, 4.5], [890.62, 4.51], [890.61, 0.58], [890.6, 3.39], [890.59, 4.6], [890.58, 0.87], [890.57, 3.13], [890.56, 10.77], [890.55, 7.33], [890.54, 0.35], [890.53, 11.51], [890.52, 21.23], [890.51, 11.13], [890.5, 5.54]], "asks": [[890.71, 47.02], [890.72, 10.7], [890.73, 7.98], [890.74, 0.29], [890.75, 0.36], [890.76, 2.94], [890.77, 0.23], [890.78, 6.78], [890.79, 8.97], [890.8, 1.34], [890.81, 1.8], [890.82, 0.76], [890.83, 2.43], [890.84, 7.58], [890.85, 5.3], [890.86, 2.99], [890.87, 3.9], [890.88, 9.45], [890.89, 11.69], [890.9, 6.46]], "timestamp": "2025-12-15T09:16:31.392118+00:00"}, {"symbol": "BNBUSDT", "bids": [[890.61, 23.12], [890.6, 3.13], [890.59, 3.47], [890.58, 0.09], [890.57, 18.21], [890.56, 0.75], [890.55, 8.43], [890.54, 14.03], [890.53, 8.33], [890.52, 16.46], [890.51, 11.31], [890.5, 3.65], [890.49, 20.46], [890.48, 22.63], [890.47, 13.14], [890.46, 8.59], [890.45, 16.54], [890.44, 24.75], [890.43, 7.36], [890.42, 14.58]], "asks": [[890.62, 3.55], [890.63, 0.03], [890.64, 0.01], [890.66, 0.11], [890.67, 0.58], [890.68, 4.34], [890.69, 8.94], [890.7, 9.64], [890.71, 13.19], [890.72, 0.02], [890.73, 0.65], [890.74, 0.44], [890.75, 0.57], [890.76, 4.72], [890.77, 0.03], [890.78, 3.13], [890.79, 19.37], [890.8, 3.6], [890.81, 2.14], [890.82, 2.67]], "timestamp": "2025-12-15T09:17:25.153091+00:00"}, {"symbol": "BNBUSDT", "bids": [[890.86, 17.96], [890.85, 0.51], [890.84, 0.02], [890.83, 1.51], [890.82, 0.06], [890.81, 0.27], [890.8, 8.41], [890.79, 0.02], [890.78, 4.88], [890.77, 1.36], [890.76, 5.14], [890.75, 7.48], [890.74, 2.26], [890.73, 16.35], [890.72, 10.13], [890.71, 18.05], [890.7, 22.36], [890.69, 17.27], [890.68, 3.06], [890.67, 5.34]], "asks": [[890.87, 17.71], [890.88, 1.75], [890.9, 0.11], [890.91, 0.62], [890.92, 2.09], [890.93, 1.47], [890.94, 0.38], [890.95, 7.8], [890.96, 3.98], [890.97, 4.04], [890.98, 10.45], [890.99, 0.02], [891.0, 7.69], [891.01, 14.16], [891.02, 22.16], [891.03, 0.02], [891.04, 2.1], [891.05, 3.71], [891.06, 6.64], [891.07, 15.27]], "timestamp": "2025-12-15T09:18:18.931359+00:00"}, {"symbol": "BNBUSDT", "bids": [[890.61, 29.32], [890.6, 1.25], [890.59, 0.75], [890.58, 2.28], [890.57, 10.58], [890.56, 5.11], [890.55, 4.0], [890.54, 12.53], [890.53, 0.05], [890.52, 0.87], [890.51, 4.05], [890.5, 13.55], [890.49, 4.64], [890.48, 14.92], [890.47, 3.4], [890.46, 2.9], [890.45, 3.76], [890.44, 33.48], [890.43, 26.03], [890.42, 8.16]], "asks": [[890.62, 17.06], [890.63, 2.38], [890.64, 0.01], [890.65, 1.27], [890.68, 11.88], [890.69, 10.59], [890.7, 15.82], [890.71, 0.79], [890.72, 5.58], [890.73, 3.63], [890.74, 3.99], [890.75, 0.3], [890.76, 0.04], [890.77, 4.14], [890.78, 15.4], [890.79, 2.43], [890.8, 6.62], [890.81, 5.81], [890.82, 0.02], [890.83, 1.3]], "timestamp": "2025-12-15T09:19:12.573824+00:00"}, {"symbol": "BNBUSDT", "bids": [[890.86, 76.49], [890.85, 66.43], [890.84, 33.53], [890.83, 21.81], [890.82, 30.43], [890.81, 9.28], [890.8, 42.99], [890.79, 38.42], [890.78, 9.81], [890.77, 12.44], [890.76, 14.87], [890.75, 5.92], [890.74, 1.97], [890.73, 21.17], [890.72, 16.2], [890.71, 33.74], [890.7, 1.02], [890.69, 2.29], [890.68, 0.46], [890.67, 0.06]], "asks": [[890.87, 2.39], [890.88, 0.03], [890.9, 0.03], [890.91, 0.26], [890.92, 0.01], [890.93, 0.48], [890.94, 0.02], [890.95, 0.02], [890.96, 4.62], [890.97, 4.34], [890.98, 0.78], [890.99, 19.99], [891.0, 0.59], [891.01, 1.82], [891.02, 6.45], [891.03, 2.54], [891.04, 0.31], [891.05, 4.51], [891.06, 10.05], [891.07, 7.09]], "timestamp": "2025-12-15T09:20:06.435334+00:00"}, {"symbol": "BNBUSDT", "bids": [[890.81, 6.96], [890.8, 0.1], [890.79, 0.23], [890.78, 0.01], [890.77, 2.13], [890.76, 1.37], [890.75, 5.36], [890.74, 7.0], [890.73, 0.03], [890.72, 2.89], [890.71, 7.16], [890.7, 11.8], [890.69, 0.21], [890.68, 6.84], [890.67, 23.49], [890.66, 6.79], [890.65, 2.54], [890.64, 7.92], [890.63, 12.55], [890.62, 4.95]], "asks": [[890.82, 29.58], [890.83, 0.52], [890.84, 0.01], [890.86, 4.79], [890.87, 2.09], [890.88, 33.75], [890.89, 23.0], [890.9, 1.18], [890.91, 12.26], [890.92, 4.17], [890.93, 14.22], [890.94, 2.8], [890.95, 1.78], [890.96, 5.53], [890.97, 1.05], [890.98, 6.06], [890.99, 3.77], [891.0, 7.04], [891.01, 3.24], [891.02, 6.72]], "timestamp": "2025-12-15T09:21:00.093372+00:00"}, {"symbol": "BNBUSDT", "bids": [[891.01, 14.23], [891.0, 0.1], [890.98, 0.01], [890.97, 13.87], [890.96, 2.1], [890.94, 13.9], [890.93, 0.1], [890.92, 2.74], [890.91, 5.72], [890.9, 11.59], [890.89, 0.42], [890.88, 5.36], [890.87, 9.19], [890.86, 2.56], [890.85, 2.49], [890.84, 13.82], [890.83, 25.04], [890.82, 17.06], [890.81, 0.99], [890.8, 27.28]], "asks": [[891.02, 47.55], [891.03, 16.17], [891.04, 8.96], [891.05, 17.9], [891.06, 6.31], [891.07, 0.83], [891.08, 2.43], [891.09, 7.32], [891.1, 2.19], [891.11, 3.69], [891.12, 4.01], [891.13, 0.7], [891.14, 6.72], [891.16, 5.17], [891.17, 2.6], [891.18, 10.78], [891.19, 13.45], [891.2, 3.13], [891.21, 4.33], [891.22, 0.27]], "timestamp": "2025-12-15T09:21:53.751584+00:00"}, {"symbol": "BNBUSDT", "bids": [[890.94, 31.25], [890.93, 0.38], [890.92, 0.27], [890.91, 8.95], [890.9, 9.65], [890.89, 13.01], [890.88, 8.55], [890.87, 15.86], [890.86, 17.05], [890.85, 6.92], [890.84, 6.56], [890.83, 4.87], [890.82, 1.17], [890.81, 5.86], [890.8, 0.69], [890.79, 10.8], [890.78, 0.66], [890.77, 21.36], [890.76, 18.32], [890.75, 11.78]], "asks": [[890.95, 4.62], [890.96, 0.04], [890.97, 0.01], [890.99, 6.27], [891.0, 0.36], [891.02, 0.13], [891.03, 0.56], [891.04, 2.64], [891.05, 2.61], [891.06, 2.29], [891.07, 0.69], [891.08, 0.11], [891.09, 5.11], [891.1, 5.96], [891.11, 9.01], [891.12, 12.63], [891.13, 13.25], [891.14, 3.0], [891.15, 21.42], [891.16, 8.26]], "timestamp": "2025-12-15T09:22:47.512259+00:00"}, {"symbol": "BNBUSDT", "bids": [[890.69, 9.42], [890.68, 5.23], [890.67, 0.24], [890.66, 0.68], [890.64, 2.42], [890.63, 3.31], [890.62, 15.03], [890.61, 0.37], [890.6, 0.63], [890.59, 3.49], [890.58, 12.11], [890.57, 4.63], [890.56, 8.12], [890.55, 9.37], [890.54, 9.91], [890.53, 11.23], [890.52, 19.01], [890.51, 2.61], [890.5, 6.35], [890.49, 8.74]], "asks": [[890.7, 15.1], [890.71, 7.17], [890.72, 9.42], [890.73, 0.15], [890.74, 12.32], [890.75, 7.9], [890.76, 18.5], [890.77, 11.5], [890.78, 2.2], [890.8, 2.31], [890.81, 3.5], [890.82, 12.05], [890.83, 0.51], [890.84, 7.01], [890.85, 6.63], [890.86, 6.05], [890.87, 5.88], [890.88, 8.81], [890.89, 0.05], [890.9, 2.37]], "timestamp": "2025-12-15T09:23:41.068319+00:00"}, {"symbol": "BNBUSDT", "bids": [[890.98, 30.18], [890.97, 20.99], [890.96, 18.87], [890.95, 7.19], [890.94, 19.06], [890.93, 5.06], [890.92, 29.79], [890.91, 20.49], [890.9, 25.77], [890.89, 3.03], [890.88, 2.62], [890.87, 2.02], [890.86, 0.33], [890.85, 2.39], [890.84, 5.66], [890.83, 15.61], [890.82, 11.55], [890.81, 1.27], [890.8, 3.49], [890.79, 6.1]], "asks": [[890.99, 15.17], [891.0, 5.11], [891.01, 0.01], [891.02, 0.03], [891.04, 0.19], [891.05, 0.3], [891.07, 0.75], [891.08, 2.46], [891.09, 2.33], [891.1, 2.42], [891.11, 4.54], [891.12, 0.02], [891.13, 1.0], [891.14, 0.4], [891.15, 2.3], [891.16, 7.67], [891.17, 7.78], [891.18, 4.69], [891.19, 18.35], [891.2, 5.72]], "timestamp": "2025-12-15T09:24:34.726713+00:00"}, {"symbol": "BNBUSDT", "bids": [[891.69, 20.98], [891.68, 0.15], [891.67, 0.01], [891.65, 0.02], [891.64, 3.36], [891.63, 2.33], [891.62, 2.0], [891.61, 0.31], [891.6, 0.5], [891.59, 1.96], [891.58, 5.11], [891.57, 4.63], [891.56, 8.04], [891.55, 5.58], [891.54, 14.63], [891.53, 13.81], [891.52, 8.88], [891.51, 5.34], [891.5, 2.26], [891.49, 8.96]], "asks": [[891.7, 28.21], [891.71, 2.4], [891.72, 10.53], [891.73, 2.37], [891.74, 0.07], [891.75, 0.46], [891.76, 3.32], [891.77, 11.52], [891.78, 12.13], [891.79, 0.03], [891.8, 11.49], [891.81, 9.16], [891.82, 4.5], [891.83, 3.4], [891.84, 6.98], [891.85, 3.54], [891.86, 4.85], [891.87, 0.42], [891.88, 25.25], [891.89, 11.76]], "timestamp": "2025-12-15T09:25:28.794456+00:00"}, {"symbol": "BNBUSDT", "bids": [[891.83, 9.56], [891.82, 0.52], [891.81, 0.01], [891.8, 0.01], [891.78, 0.05], [891.76, 13.04], [891.75, 3.95], [891.73, 1.15], [891.72, 6.04], [891.71, 6.86], [891.7, 4.61], [891.69, 6.91], [891.68, 0.01], [891.67, 1.02], [891.66, 10.98], [891.65, 19.22], [891.64, 20.22], [891.63, 32.27], [891.62, 8.03], [891.61, 8.65]], "asks": [[891.84, 35.24], [891.85, 14.64], [891.86, 19.51], [891.87, 19.6], [891.88, 0.02], [891.89, 11.33], [891.9, 24.03], [891.91, 24.31], [891.92, 30.82], [891.93, 2.06], [891.94, 7.93], [891.95, 1.22], [891.96, 26.57], [891.97, 1.45], [891.98, 2.17], [891.99, 3.39], [892.0, 145.6], [892.01, 0.75], [892.02, 0.55], [892.03, 0.06]], "timestamp": "2025-12-15T09:26:22.657682+00:00"}, {"symbol": "BNBUSDT", "bids": [[891.58, 38.32], [891.57, 0.03], [891.56, 0.02], [891.55, 0.02], [891.54, 10.07], [891.53, 2.48], [891.52, 20.76], [891.51, 10.12], [891.5, 3.98], [891.49, 8.5], [891.48, 14.85], [891.47, 8.48], [891.46, 4.43], [891.45, 4.21], [891.44, 3.08], [891.43, 4.12], [891.42, 7.15], [891.41, 7.11], [891.4, 10.04], [891.39, 5.97]], "asks": [[891.59, 8.65], [891.6, 0.05], [891.61, 0.29], [891.62, 1.66], [891.63, 10.98], [891.64, 2.95], [891.65, 0.01], [891.66, 2.07], [891.67, 11.72], [891.68, 9.07], [891.69, 0.67], [891.7, 8.11], [891.71, 0.26], [891.72, 1.77], [891.73, 2.51], [891.74, 7.93], [891.75, 1.25], [891.76, 0.05], [891.77, 0.06], [891.78, 1.04]], "timestamp": "2025-12-15T09:27:16.827945+00:00"}, {"symbol": "BNBUSDT", "bids": [[891.41, 2.88], [891.4, 0.28], [891.38, 0.09], [891.37, 2.12], [891.36, 6.02], [891.34, 2.28], [891.33, 2.95], [891.32, 2.42], [891.31, 3.6], [891.3, 15.74], [891.29, 0.02], [891.28, 11.91], [891.27, 6.85], [891.26, 4.79], [891.25, 14.21], [891.24, 19.76], [891.23, 6.5], [891.22, 2.88], [891.21, 15.97], [891.2, 7.22]], "asks": [[891.42, 23.2], [891.43, 4.11], [891.44, 8.92], [891.45, 1.39], [891.46, 4.09], [891.47, 3.44], [891.48, 11.15], [891.49, 8.38], [891.5, 20.17], [891.51, 9.88], [891.52, 6.96], [891.53, 0.45], [891.54, 4.75], [891.55, 8.35], [891.56, 0.24], [891.57, 6.21], [891.58, 2.68], [891.59, 11.06], [891.6, 8.62], [891.61, 0.88]], "timestamp": "2025-12-15T09:28:10.691626+00:00"}, {"symbol": "BNBUSDT", "bids": [[891.07, 31.69], [891.06, 0.39], [891.05, 0.14], [891.04, 10.62], [891.03, 17.33], [891.02, 3.3], [891.01, 2.71], [891.0, 0.7], [890.99, 7.79], [890.98, 13.77], [890.97, 29.56], [890.96, 8.78], [890.95, 2.05], [890.94, 2.99], [890.93, 2.31], [890.92, 9.04], [890.91, 17.2], [890.9, 1.08], [890.89, 3.59], [890.88, 16.08]], "asks": [[891.08, 5.97], [891.09, 0.02], [891.11, 5.16], [891.12, 0.47], [891.13, 1.99], [891.14, 1.47], [891.15, 3.49], [891.16, 3.52], [891.17, 1.0], [891.18, 3.04], [891.19, 0.01], [891.2, 1.72], [891.21, 6.7], [891.22, 0.96], [891.23, 5.07], [891.24, 0.04], [891.25, 6.66], [891.26, 10.67], [891.27, 4.29], [891.28, 10.15]], "timestamp": "2025-12-15T09:29:04.349408+00:00"}, {"symbol": "BNBUSDT", "bids": [[891.14, 4.81], [891.13, 0.34], [891.12, 0.26], [891.08, 9.92], [891.07, 9.0], [891.06, 0.3], [891.05, 0.04], [891.04, 7.31], [891.03, 9.03], [891.02, 3.79], [891.01, 0.74], [891.0, 12.13], [890.99, 4.69], [890.98, 17.28], [890.97, 7.32], [890.96, 12.7], [890.95, 17.2], [890.94, 16.41], [890.93, 5.1], [890.92, 7.56]], "asks": [[891.15, 36.96], [891.16, 2.4], [891.17, 8.91], [891.18, 1.0], [891.19, 0.23], [891.2, 2.5], [891.21, 1.83], [891.22, 1.58], [891.23, 5.11], [891.24, 6.14], [891.25, 4.03], [891.26, 0.08], [891.27, 2.8], [891.28, 7.88], [891.29, 6.35], [891.3, 3.87], [891.31, 5.63], [891.32, 16.62], [891.33, 2.42], [891.34, 2.89]], "timestamp": "2025-12-15T09:29:57.905161+00:00"}, {"symbol": "BNBUSDT", "bids": [[890.66, 1.56], [890.64, 0.04], [890.63, 0.03], [890.62, 0.58], [890.61, 2.17], [890.6, 2.78], [890.59, 3.62], [890.58, 0.07], [890.57, 1.01], [890.56, 2.78], [890.55, 17.0], [890.54, 2.62], [890.53, 0.6], [890.52, 15.72], [890.51, 1.46], [890.5, 14.19], [890.49, 13.03], [890.48, 4.89], [890.47, 0.02], [890.46, 11.91]], "asks": [[890.67, 93.05], [890.68, 36.13], [890.69, 17.15], [890.7, 0.13], [890.71, 23.19], [890.72, 38.68], [890.73, 23.68], [890.74, 27.6], [890.75, 27.0], [890.76, 29.65], [890.77, 4.2], [890.78, 3.21], [890.79, 0.6], [890.8, 6.88], [890.81, 3.61], [890.82, 10.65], [890.83, 0.32], [890.84, 1.48], [890.85, 4.19], [890.86, 0.64]], "timestamp": "2025-12-15T09:30:51.870764+00:00"}, {"symbol": "BNBUSDT", "bids": [[890.84, 76.51], [890.83, 29.79], [890.82, 26.67], [890.81, 20.36], [890.8, 11.62], [890.79, 7.14], [890.78, 18.86], [890.77, 15.77], [890.76, 12.69], [890.75, 9.99], [890.74, 15.37], [890.73, 5.04], [890.72, 15.24], [890.71, 18.01], [890.7, 0.13], [890.69, 16.91], [890.68, 15.71], [890.67, 18.73], [890.66, 0.08], [890.65, 0.09]], "asks": [[890.85, 1.22], [890.86, 0.45], [890.87, 0.01], [890.88, 0.02], [890.89, 0.02], [890.9, 0.04], [890.91, 0.03], [890.92, 1.28], [890.93, 8.37], [890.94, 0.6], [890.95, 0.1], [890.96, 5.11], [890.97, 0.59], [890.98, 1.17], [890.99, 6.18], [891.0, 1.58], [891.01, 4.04], [891.02, 3.1], [891.03, 6.3], [891.04, 4.19]], "timestamp": "2025-12-15T09:31:45.322460+00:00"}, {"symbol": "BNBUSDT", "bids": [[891.0, 16.03], [890.99, 0.02], [890.98, 0.01], [890.97, 0.87], [890.96, 0.05], [890.95, 2.49], [890.94, 2.62], [890.93, 12.79], [890.92, 7.27], [890.91, 0.26], [890.9, 13.18], [890.89, 16.91], [890.88, 5.55], [890.87, 16.35], [890.86, 6.17], [890.85, 7.06], [890.84, 11.62], [890.83, 31.24], [890.82, 5.45], [890.81, 20.01]], "asks": [[891.01, 16.77], [891.02, 0.16], [891.03, 16.7], [891.04, 93.32], [891.05, 7.03], [891.06, 0.01], [891.08, 0.02], [891.09, 2.32], [891.1, 15.2], [891.11, 0.87], [891.12, 0.01], [891.13, 1.56], [891.14, 1.6], [891.15, 2.12], [891.16, 0.58], [891.17, 0.02], [891.18, 4.37], [891.19, 0.02], [891.2, 14.42], [891.21, 4.39]], "timestamp": "2025-12-15T09:32:38.880446+00:00"}, {"symbol": "BNBUSDT", "bids": [[890.77, 0.61], [890.76, 0.81], [890.75, 0.75], [890.73, 5.05], [890.72, 0.01], [890.71, 0.11], [890.69, 2.64], [890.68, 6.44], [890.67, 2.02], [890.66, 2.37], [890.65, 1.6], [890.64, 2.56], [890.63, 10.6], [890.62, 3.23], [890.61, 11.24], [890.6, 7.86], [890.59, 13.57], [890.58, 5.78], [890.57, 5.44], [890.56, 5.85]], "asks": [[890.78, 72.72], [890.79, 29.51], [890.8, 8.33], [890.81, 8.21], [890.82, 5.21], [890.83, 9.26], [890.84, 20.41], [890.85, 28.99], [890.86, 30.31], [890.87, 0.12], [890.88, 0.61], [890.89, 1.88], [890.9, 10.41], [890.91, 0.01], [890.92, 0.01], [890.93, 2.25], [890.94, 1.77], [890.95, 11.79], [890.96, 1.35], [890.97, 2.31]], "timestamp": "2025-12-15T09:33:32.538264+00:00"}, {"symbol": "BNBUSDT", "bids": [[890.77, 38.56], [890.76, 0.44], [890.75, 9.73], [890.74, 0.02], [890.72, 19.63], [890.71, 41.99], [890.7, 9.34], [890.69, 30.72], [890.68, 10.27], [890.67, 9.68], [890.66, 12.22], [890.65, 0.67], [890.64, 11.81], [890.63, 5.56], [890.62, 9.84], [890.61, 14.81], [890.6, 19.8], [890.59, 8.08], [890.58, 3.65], [890.57, 0.02]], "asks": [[890.78, 8.45], [890.79, 0.28], [890.8, 0.02], [890.82, 0.31], [890.84, 2.59], [890.85, 0.45], [890.86, 4.43], [890.87, 2.07], [890.88, 5.14], [890.89, 14.63], [890.9, 2.83], [890.91, 1.51], [890.92, 13.83], [890.93, 2.34], [890.94, 9.44], [890.95, 7.52], [890.96, 23.54], [890.97, 5.9], [890.98, 18.85], [890.99, 22.16]], "timestamp": "2025-12-15T09:34:26.455054+00:00"}, {"symbol": "BNBUSDT", "bids": [[890.74, 17.05], [890.73, 6.34], [890.72, 0.01], [890.71, 0.37], [890.7, 3.83], [890.69, 0.28], [890.68, 4.01], [890.67, 12.51], [890.66, 14.19], [890.65, 0.22], [890.64, 3.36], [890.63, 4.61], [890.62, 0.6], [890.61, 13.8], [890.6, 2.8], [890.59, 7.9], [890.58, 10.46], [890.57, 11.29], [890.56, 18.89], [890.55, 5.38]], "asks": [[890.75, 8.9], [890.76, 0.04], [890.78, 0.26], [890.8, 7.25], [890.81, 1.44], [890.82, 2.51], [890.84, 4.57], [890.85, 13.89], [890.86, 3.1], [890.87, 1.41], [890.88, 6.18], [890.89, 0.68], [890.9, 6.67], [890.91, 3.76], [890.92, 9.02], [890.93, 5.14], [890.94, 3.08], [890.95, 8.24], [890.96, 19.05], [890.97, 11.58]], "timestamp": "2025-12-15T09:35:20.203382+00:00"}, {"symbol": "BNBUSDT", "bids": [[890.88, 13.38], [890.87, 0.18], [890.86, 0.29], [890.85, 0.01], [890.84, 3.44], [890.83, 0.1], [890.82, 8.37], [890.81, 8.0], [890.8, 8.95], [890.79, 9.74], [890.78, 0.27], [890.77, 5.55], [890.76, 2.43], [890.75, 3.75], [890.74, 8.15], [890.73, 0.03], [890.72, 2.87], [890.71, 7.96], [890.7, 3.95], [890.69, 8.75]], "asks": [[890.89, 19.54], [890.9, 0.3], [890.91, 0.72], [890.92, 0.02], [890.94, 4.75], [890.95, 2.48], [890.96, 13.92], [890.97, 3.41], [890.98, 3.99], [890.99, 4.24], [891.0, 14.98], [891.01, 3.24], [891.02, 7.29], [891.03, 0.24], [891.04, 11.81], [891.05, 6.01], [891.06, 2.07], [891.07, 11.37], [891.08, 15.76], [891.09, 8.84]], "timestamp": "2025-12-15T09:36:13.718171+00:00"}, {"symbol": "BNBUSDT", "bids": [[890.92, 1.26], [890.9, 0.09], [890.89, 0.02], [890.88, 3.32], [890.87, 0.92], [890.86, 4.37], [890.85, 0.02], [890.84, 0.02], [890.83, 0.02], [890.82, 0.04], [890.81, 5.01], [890.8, 6.92], [890.79, 1.74], [890.78, 0.25], [890.77, 6.18], [890.76, 19.32], [890.75, 0.64], [890.74, 32.85], [890.73, 13.33], [890.72, 13.08]], "asks": [[890.93, 95.22], [890.94, 37.03], [890.95, 0.01], [890.96, 7.27], [890.97, 15.61], [890.98, 8.67], [890.99, 28.77], [891.0, 19.27], [891.01, 1.11], [891.03, 0.78], [891.04, 1.21], [891.05, 2.41], [891.06, 0.61], [891.07, 0.93], [891.08, 3.07], [891.09, 5.76], [891.1, 15.71], [891.11, 0.34], [891.12, 5.32], [891.13, 2.45]], "timestamp": "2025-12-15T09:37:07.376248+00:00"}, {"symbol": "BNBUSDT", "bids": [[890.73, 47.8], [890.72, 8.84], [890.71, 8.93], [890.7, 22.37], [890.69, 0.2], [890.68, 23.77], [890.67, 24.18], [890.66, 0.51], [890.65, 0.1], [890.64, 2.97], [890.62, 13.93], [890.61, 3.96], [890.6, 11.73], [890.59, 21.9], [890.58, 4.62], [890.57, 30.69], [890.56, 8.63], [890.55, 17.86], [890.54, 21.21], [890.53, 8.49]], "asks": [[890.74, 2.67], [890.75, 0.02], [890.76, 1.02], [890.77, 0.44], [890.78, 0.02], [890.8, 6.61], [890.81, 3.02], [890.82, 0.14], [890.83, 4.42], [890.84, 11.78], [890.85, 2.88], [890.86, 0.04], [890.87, 1.37], [890.88, 4.16], [890.89, 2.97], [890.9, 5.66], [890.91, 3.45], [890.92, 5.82], [890.93, 5.86], [890.94, 6.45]], "timestamp": "2025-12-15T09:38:01.239846+00:00"}, {"symbol": "BNBUSDT", "bids": [[890.67, 21.38], [890.66, 0.26], [890.65, 0.34], [890.64, 0.04], [890.63, 0.22], [890.62, 8.22], [890.61, 2.08], [890.6, 2.35], [890.59, 4.08], [890.58, 4.59], [890.57, 2.25], [890.56, 18.61], [890.55, 13.54], [890.54, 11.13], [890.53, 11.49], [890.52, 31.42], [890.51, 17.97], [890.5, 12.6], [890.49, 11.59], [890.48, 20.61]], "asks": [[890.68, 8.62], [890.69, 0.02], [890.7, 0.02], [890.72, 0.02], [890.73, 1.31], [890.74, 2.24], [890.75, 1.01], [890.76, 0.7], [890.77, 4.97], [890.78, 6.79], [890.79, 11.88], [890.8, 16.31], [890.81, 4.31], [890.82, 0.03], [890.83, 6.3], [890.84, 7.45], [890.85, 2.15], [890.86, 12.01], [890.87, 4.28], [890.88, 11.84]], "timestamp": "2025-12-15T09:38:54.796327+00:00"}, {"symbol": "BNBUSDT", "bids": [[890.67, 17.22], [890.66, 11.09], [890.65, 9.1], [890.64, 9.28], [890.63, 12.6], [890.62, 8.72], [890.61, 4.61], [890.6, 11.55], [890.59, 10.65], [890.58, 18.13], [890.57, 2.24], [890.56, 2.44], [890.55, 3.42], [890.54, 1.21], [890.53, 15.7], [890.52, 3.39], [890.51, 1.17], [890.5, 2.21], [890.49, 9.14], [890.48, 3.96]], "asks": [[890.68, 2.1], [890.69, 0.22], [890.7, 0.01], [890.72, 0.26], [890.73, 0.04], [890.74, 3.85], [890.75, 0.01], [890.76, 6.12], [890.77, 0.45], [890.78, 2.56], [890.79, 12.73], [890.8, 15.73], [890.81, 1.58], [890.82, 0.04], [890.83, 12.3], [890.84, 1.02], [890.85, 1.51], [890.86, 0.35], [890.87, 3.66], [890.88, 9.76]], "timestamp": "2025-12-15T09:39:48.863045+00:00"}, {"symbol": "BNBUSDT", "bids": [[890.94, 27.09], [890.93, 3.15], [890.92, 2.6], [890.91, 7.37], [890.9, 9.18], [890.89, 3.49], [890.88, 17.27], [890.87, 18.5], [890.86, 11.35], [890.85, 16.36], [890.84, 8.49], [890.83, 7.69], [890.82, 0.14], [890.81, 3.3], [890.8, 6.28], [890.79, 16.81], [890.78, 12.34], [890.77, 0.01], [890.76, 19.22], [890.75, 28.99]], "asks": [[890.95, 23.02], [890.96, 2.11], [890.97, 8.86], [890.98, 0.09], [890.99, 1.02], [891.0, 2.65], [891.01, 3.69], [891.02, 0.35], [891.03, 0.06], [891.04, 2.94], [891.05, 4.48], [891.06, 13.25], [891.07, 0.37], [891.08, 3.97], [891.09, 14.34], [891.1, 0.04], [891.11, 7.54], [891.12, 5.57], [891.13, 9.8], [891.14, 0.44]], "timestamp": "2025-12-15T09:40:42.726109+00:00"}, {"symbol": "BNBUSDT", "bids": [[891.03, 25.64], [891.02, 0.86], [891.0, 12.27], [890.99, 0.02], [890.96, 9.71], [890.95, 7.94], [890.94, 11.36], [890.93, 0.58], [890.92, 4.62], [890.91, 2.26], [890.9, 3.96], [890.89, 2.19], [890.88, 0.02], [890.87, 7.86], [890.86, 11.65], [890.85, 14.65], [890.84, 7.16], [890.83, 4.51], [890.82, 7.46], [890.81, 17.86]], "asks": [[891.04, 19.6], [891.05, 0.32], [891.06, 0.33], [891.07, 5.8], [891.08, 1.47], [891.09, 1.4], [891.1, 4.5], [891.11, 0.14], [891.12, 4.25], [891.13, 2.42], [891.14, 0.91], [891.15, 3.69], [891.16, 5.04], [891.17, 12.79], [891.18, 15.7], [891.19, 5.37], [891.2, 18.28], [891.21, 4.53], [891.22, 5.81], [891.23, 2.59]], "timestamp": "2025-12-15T09:41:36.388520+00:00"}, {"symbol": "BNBUSDT", "bids": [[890.83, 34.97], [890.82, 18.0], [890.81, 23.51], [890.8, 9.29], [890.79, 13.41], [890.78, 0.02], [890.77, 9.36], [890.76, 0.02], [890.75, 30.79], [890.74, 22.3], [890.73, 1.35], [890.72, 1.69], [890.71, 4.83], [890.7, 0.23], [890.69, 0.99], [890.68, 32.31], [890.67, 2.39], [890.66, 0.03], [890.65, 3.82], [890.64, 0.6]], "asks": [[890.84, 11.7], [890.86, 0.02], [890.87, 0.25], [890.88, 0.01], [890.89, 1.71], [890.9, 3.98], [890.91, 2.48], [890.92, 4.52], [890.93, 3.63], [890.94, 14.2], [890.95, 3.63], [890.96, 6.3], [890.97, 3.1], [890.98, 0.24], [890.99, 6.98], [891.0, 5.77], [891.01, 12.11], [891.02, 16.43], [891.03, 0.97], [891.04, 19.66]], "timestamp": "2025-12-15T09:42:30.247654+00:00"}, {"symbol": "BNBUSDT", "bids": [[890.92, 36.65], [890.91, 8.75], [890.9, 0.22], [890.88, 8.73], [890.87, 11.09], [890.86, 10.63], [890.85, 8.97], [890.84, 17.73], [890.83, 8.67], [890.82, 0.32], [890.81, 17.4], [890.8, 3.86], [890.79, 3.96], [890.78, 1.2], [890.77, 13.58], [890.76, 4.89], [890.75, 2.87], [890.74, 5.81], [890.73, 8.89], [890.72, 11.46]], "asks": [[890.93, 6.84], [890.94, 5.08], [890.95, 0.13], [890.96, 0.01], [890.97, 0.01], [890.99, 0.59], [891.0, 0.06], [891.01, 7.5], [891.02, 3.05], [891.03, 4.08], [891.04, 4.18], [891.05, 3.08], [891.06, 7.2], [891.07, 4.84], [891.08, 7.23], [891.09, 2.2], [891.1, 6.54], [891.11, 17.5], [891.12, 4.58], [891.13, 3.77]], "timestamp": "2025-12-15T09:43:24.008349+00:00"}, {"symbol": "BNBUSDT", "bids": [[890.96, 25.49], [890.95, 0.02], [890.92, 2.9], [890.91, 2.71], [890.9, 0.21], [890.89, 6.43], [890.88, 8.74], [890.87, 8.88], [890.86, 7.36], [890.85, 1.96], [890.84, 0.78], [890.83, 3.85], [890.82, 7.35], [890.81, 2.07], [890.8, 3.87], [890.79, 4.98], [890.78, 7.64], [890.77, 0.01], [890.76, 22.64], [890.75, 13.94]], "asks": [[890.97, 22.93], [890.98, 0.04], [890.99, 0.14], [891.0, 0.05], [891.01, 0.02], [891.02, 5.09], [891.03, 0.98], [891.04, 1.65], [891.05, 8.58], [891.06, 0.73], [891.07, 4.66], [891.08, 6.67], [891.09, 4.9], [891.1, 1.24], [891.11, 14.87], [891.12, 12.81], [891.13, 5.96], [891.14, 16.55], [891.15, 5.44], [891.16, 9.47]], "timestamp": "2025-12-15T09:44:17.462285+00:00"}, {"symbol": "BNBUSDT", "bids": [[891.08, 29.93], [891.07, 1.73], [891.06, 0.02], [891.04, 8.95], [891.03, 8.74], [891.02, 25.1], [891.01, 19.6], [891.0, 21.18], [890.99, 18.48], [890.98, 0.75], [890.97, 2.33], [890.96, 12.8], [890.95, 1.19], [890.94, 0.18], [890.93, 0.01], [890.92, 4.4], [890.91, 3.12], [890.9, 1.45], [890.89, 9.43], [890.88, 3.47]], "asks": [[891.09, 31.98], [891.1, 0.3], [891.11, 1.5], [891.12, 1.95], [891.13, 0.04], [891.14, 0.01], [891.15, 2.55], [891.16, 4.32], [891.17, 3.01], [891.18, 5.98], [891.19, 1.13], [891.2, 8.5], [891.21, 15.18], [891.22, 1.09], [891.23, 2.26], [891.24, 10.94], [891.25, 3.38], [891.26, 2.28], [891.27, 19.17], [891.28, 12.0]], "timestamp": "2025-12-15T09:45:11.324738+00:00"}, {"symbol": "BNBUSDT", "bids": [[890.89, 44.0], [890.88, 9.03], [890.87, 20.19], [890.86, 19.14], [890.85, 18.32], [890.84, 22.15], [890.83, 4.4], [890.82, 0.87], [890.81, 0.36], [890.8, 6.32], [890.79, 4.92], [890.78, 3.29], [890.77, 0.33], [890.76, 7.35], [890.75, 5.15], [890.74, 1.16], [890.73, 23.6], [890.72, 18.65], [890.71, 14.74], [890.7, 17.87]], "asks": [[890.9, 3.72], [890.91, 0.02], [890.92, 0.02], [890.93, 0.04], [890.96, 0.01], [890.97, 0.57], [890.98, 1.7], [890.99, 8.63], [891.0, 4.16], [891.01, 2.21], [891.02, 9.64], [891.03, 2.25], [891.04, 0.03], [891.05, 1.06], [891.06, 1.95], [891.07, 2.25], [891.08, 8.67], [891.09, 5.23], [891.1, 9.03], [891.11, 6.49]], "timestamp": "2025-12-15T09:46:05.188486+00:00"}, {"symbol": "BNBUSDT", "bids": [[890.85, 28.05], [890.84, 0.12], [890.83, 0.24], [890.82, 1.02], [890.81, 15.56], [890.8, 2.58], [890.79, 2.11], [890.78, 17.55], [890.77, 1.28], [890.76, 0.02], [890.75, 8.31], [890.74, 23.96], [890.73, 1.6], [890.72, 19.27], [890.71, 0.84], [890.7, 18.78], [890.69, 5.68], [890.68, 7.06], [890.67, 0.39], [890.66, 0.01]], "asks": [[890.86, 10.1], [890.87, 13.94], [890.88, 13.8], [890.89, 10.54], [890.9, 10.15], [890.91, 0.03], [890.92, 0.39], [890.94, 0.02], [890.95, 2.52], [890.96, 2.19], [890.97, 0.82], [890.98, 3.38], [890.99, 0.03], [891.0, 3.58], [891.01, 1.66], [891.02, 2.97], [891.03, 3.02], [891.04, 3.07], [891.05, 4.01], [891.07, 2.25]], "timestamp": "2025-12-15T09:46:58.744594+00:00"}, {"symbol": "BNBUSDT", "bids": [[890.96, 22.23], [890.95, 16.49], [890.94, 0.12], [890.93, 0.57], [890.92, 13.13], [890.91, 13.1], [890.9, 18.65], [890.89, 1.36], [890.88, 0.02], [890.87, 2.42], [890.86, 0.74], [890.85, 9.77], [890.84, 10.64], [890.83, 16.22], [890.82, 6.17], [890.81, 1.35], [890.8, 5.75], [890.79, 0.24], [890.78, 1.1], [890.77, 3.85]], "asks": [[890.97, 7.66], [890.98, 0.01], [890.99, 0.1], [891.0, 0.03], [891.01, 3.22], [891.02, 3.05], [891.03, 2.81], [891.04, 10.39], [891.05, 0.01], [891.06, 0.24], [891.07, 12.86], [891.08, 7.91], [891.09, 0.47], [891.1, 0.82], [891.11, 1.73], [891.12, 7.55], [891.13, 7.96], [891.14, 9.31], [891.15, 15.87], [891.16, 0.02]], "timestamp": "2025-12-15T09:47:52.299417+00:00"}, {"symbol": "BNBUSDT", "bids": [[890.69, 43.08], [890.68, 0.6], [890.67, 0.12], [890.66, 3.07], [890.65, 2.77], [890.64, 0.28], [890.63, 4.69], [890.62, 14.89], [890.61, 2.08], [890.6, 13.4], [890.59, 13.14], [890.58, 15.79], [890.57, 0.56], [890.56, 13.56], [890.55, 13.77], [890.54, 9.07], [890.53, 2.1], [890.52, 6.43], [890.51, 17.94], [890.5, 7.78]], "asks": [[890.7, 13.13], [890.71, 5.83], [890.72, 2.55], [890.73, 0.02], [890.74, 8.74], [890.75, 18.11], [890.76, 0.03], [890.77, 6.01], [890.78, 7.32], [890.79, 15.04], [890.8, 5.71], [890.81, 6.9], [890.82, 1.0], [890.83, 2.53], [890.84, 6.58], [890.85, 0.61], [890.86, 1.65], [890.87, 0.67], [890.88, 3.38], [890.89, 0.19]], "timestamp": "2025-12-15T09:48:45.976279+00:00"}, {"symbol": "BNBUSDT", "bids": [[890.88, 54.12], [890.87, 32.82], [890.86, 0.23], [890.85, 9.58], [890.84, 20.93], [890.83, 30.73], [890.82, 23.16], [890.81, 4.19], [890.8, 0.12], [890.79, 8.4], [890.78, 10.11], [890.77, 15.25], [890.76, 3.88], [890.75, 0.31], [890.74, 17.09], [890.73, 13.23], [890.72, 2.32], [890.71, 5.22], [890.7, 4.4], [890.69, 10.75]], "asks": [[890.89, 1.24], [890.9, 0.04], [890.91, 0.47], [890.92, 0.21], [890.93, 0.02], [890.94, 2.68], [890.95, 0.01], [890.96, 1.63], [890.97, 1.59], [890.98, 1.61], [890.99, 0.98], [891.0, 2.5], [891.01, 2.28], [891.02, 0.51], [891.03, 3.14], [891.04, 7.57], [891.05, 4.27], [891.06, 3.62], [891.07, 6.99], [891.08, 9.22]], "timestamp": "2025-12-15T09:49:41.156278+00:00"}, {"symbol": "BNBUSDT", "bids": [[891.14, 33.61], [891.13, 14.96], [891.12, 12.21], [891.11, 21.54], [891.1, 9.59], [891.09, 16.79], [891.08, 9.06], [891.07, 6.17], [891.06, 0.21], [891.05, 3.6], [891.04, 5.03], [891.03, 0.11], [891.02, 16.83], [891.01, 5.79], [891.0, 10.34], [890.99, 2.04], [890.98, 18.0], [890.97, 3.6], [890.96, 10.31], [890.95, 2.12]], "asks": [[891.15, 1.2], [891.16, 0.01], [891.17, 0.06], [891.18, 1.69], [891.19, 0.01], [891.2, 3.86], [891.21, 3.08], [891.22, 0.45], [891.23, 0.29], [891.24, 1.86], [891.25, 2.37], [891.26, 0.88], [891.27, 4.16], [891.28, 8.15], [891.29, 6.51], [891.3, 0.03], [891.31, 2.25], [891.32, 5.06], [891.33, 8.86], [891.34, 4.34]], "timestamp": "2025-12-15T09:50:35.631322+00:00"}, {"symbol": "BNBUSDT", "bids": [[892.19, 13.03], [892.18, 0.02], [892.17, 0.14], [892.16, 0.01], [892.15, 0.12], [892.14, 0.04], [892.13, 0.45], [892.12, 2.24], [892.11, 4.08], [892.1, 5.18], [892.09, 3.35], [892.08, 1.46], [892.07, 0.02], [892.06, 8.92], [892.05, 22.97], [892.04, 10.44], [892.03, 16.05], [892.02, 2.31], [892.01, 27.54], [892.0, 21.01]], "asks": [[892.2, 52.11], [892.21, 13.39], [892.22, 1.38], [892.23, 9.25], [892.24, 0.02], [892.25, 8.23], [892.26, 6.8], [892.27, 4.33], [892.28, 5.94], [892.29, 0.21], [892.3, 3.01], [892.31, 4.4], [892.32, 7.19], [892.33, 8.7], [892.34, 1.92], [892.35, 0.28], [892.36, 10.59], [892.37, 3.15], [892.38, 9.54], [892.39, 0.01]], "timestamp": "2025-12-15T09:51:28.980749+00:00"}, {"symbol": "BNBUSDT", "bids": [[891.65, 2.57], [891.61, 0.02], [891.6, 0.66], [891.59, 0.95], [891.58, 0.03], [891.57, 0.55], [891.56, 2.41], [891.55, 7.76], [891.54, 0.01], [891.53, 6.33], [891.52, 3.03], [891.51, 4.75], [891.5, 0.63], [891.49, 5.16], [891.48, 11.95], [891.47, 11.52], [891.46, 18.38], [891.45, 0.34], [891.44, 5.18], [891.43, 17.87]], "asks": [[891.66, 67.38], [891.67, 0.28], [891.68, 20.91], [891.69, 15.01], [891.7, 20.87], [891.71, 24.58], [891.72, 24.9], [891.73, 28.25], [891.74, 21.49], [891.75, 0.12], [891.76, 0.03], [891.77, 3.3], [891.78, 1.67], [891.79, 0.04], [891.8, 4.6], [891.81, 3.88], [891.82, 0.64], [891.83, 13.8], [891.84, 2.31], [891.86, 0.12]], "timestamp": "2025-12-15T09:52:22.843655+00:00"}, {"symbol": "BNBUSDT", "bids": [[892.4, 5.75], [892.37, 0.21], [892.36, 0.02], [892.34, 1.1], [892.33, 3.52], [892.32, 1.6], [892.31, 6.33], [892.3, 2.31], [892.29, 2.13], [892.28, 5.43], [892.27, 3.49], [892.26, 14.36], [892.25, 1.14], [892.24, 14.22], [892.23, 4.0], [892.22, 25.74], [892.21, 0.32], [892.2, 19.68], [892.19, 20.32], [892.18, 4.68]], "asks": [[892.41, 71.08], [892.42, 0.01], [892.43, 24.33], [892.44, 20.45], [892.45, 22.62], [892.46, 21.09], [892.47, 20.72], [892.48, 9.0], [892.49, 19.77], [892.5, 17.13], [892.51, 9.32], [892.52, 14.12], [892.53, 1.4], [892.54, 0.11], [892.55, 0.01], [892.56, 2.73], [892.57, 1.14], [892.58, 1.54], [892.59, 2.81], [892.6, 3.65]], "timestamp": "2025-12-15T09:53:16.399542+00:00"}, {"symbol": "BNBUSDT", "bids": [[891.8, 23.33], [891.79, 0.02], [891.77, 0.43], [891.76, 0.02], [891.75, 2.36], [891.74, 1.82], [891.73, 12.44], [891.72, 0.11], [891.71, 10.44], [891.7, 5.57], [891.69, 15.9], [891.68, 10.06], [891.67, 8.56], [891.66, 18.01], [891.65, 3.04], [891.64, 16.74], [891.63, 7.61], [891.62, 6.77], [891.61, 9.83], [891.6, 20.44]], "asks": [[891.81, 23.77], [891.82, 0.08], [891.84, 0.22], [891.85, 0.82], [891.86, 0.3], [891.87, 1.73], [891.88, 0.01], [891.89, 0.79], [891.9, 1.55], [891.91, 5.04], [891.92, 8.14], [891.93, 4.39], [891.94, 3.77], [891.95, 2.91], [891.96, 9.8], [891.97, 5.31], [891.98, 16.82], [891.99, 0.91], [892.0, 3.49], [892.01, 8.27]], "timestamp": "2025-12-15T09:54:10.057394+00:00"}, {"symbol": "BNBUSDT", "bids": [[892.08, 18.95], [892.07, 0.01], [892.06, 0.18], [892.04, 3.37], [892.02, 2.41], [892.01, 14.01], [892.0, 1.06], [891.99, 0.01], [891.98, 10.1], [891.97, 33.4], [891.96, 11.72], [891.95, 17.16], [891.94, 14.47], [891.93, 2.05], [891.92, 20.17], [891.91, 6.78], [891.9, 26.11], [891.89, 13.52], [891.88, 11.48], [891.87, 5.07]], "asks": [[892.09, 22.53], [892.1, 8.0], [892.11, 0.01], [892.12, 4.52], [892.13, 9.08], [892.14, 3.49], [892.15, 10.56], [892.16, 9.9], [892.17, 8.79], [892.18, 11.82], [892.19, 14.35], [892.2, 1.79], [892.21, 2.87], [892.22, 6.57], [892.23, 3.15], [892.24, 0.04], [892.25, 2.35], [892.26, 2.55], [892.27, 5.41], [892.28, 3.82]], "timestamp": "2025-12-15T09:55:04.885506+00:00"}, {"symbol": "BNBUSDT", "bids": [[891.98, 25.7], [891.97, 2.73], [891.96, 0.03], [891.95, 0.01], [891.94, 0.41], [891.93, 17.64], [891.92, 1.34], [891.91, 2.2], [891.9, 8.25], [891.89, 4.81], [891.88, 6.2], [891.87, 10.27], [891.86, 19.52], [891.85, 6.14], [891.84, 8.32], [891.83, 8.27], [891.82, 16.68], [891.81, 13.74], [891.8, 9.96], [891.79, 2.54]], "asks": [[891.99, 8.06], [892.0, 1.16], [892.01, 0.52], [892.02, 0.88], [892.03, 0.69], [892.04, 2.51], [892.05, 1.82], [892.06, 3.0], [892.07, 2.49], [892.08, 6.74], [892.09, 2.09], [892.1, 3.88], [892.11, 10.66], [892.12, 7.71], [892.13, 2.28], [892.14, 7.95], [892.15, 0.01], [892.16, 5.7], [892.17, 2.92], [892.18, 13.71]], "timestamp": "2025-12-15T09:55:59.012712+00:00"}, {"symbol": "BNBUSDT", "bids": [[891.64, 37.06], [891.63, 15.57], [891.62, 13.12], [891.61, 0.03], [891.6, 0.08], [891.59, 2.34], [891.58, 1.9], [891.57, 14.18], [891.56, 0.16], [891.55, 2.99], [891.54, 0.2], [891.53, 2.1], [891.52, 7.35], [891.51, 16.38], [891.5, 7.09], [891.49, 3.35], [891.48, 12.77], [891.47, 6.63], [891.46, 9.51], [891.45, 22.96]], "asks": [[891.65, 5.73], [891.66, 0.02], [891.67, 3.81], [891.68, 7.87], [891.69, 12.97], [891.7, 0.24], [891.71, 3.36], [891.72, 1.21], [891.74, 3.27], [891.75, 1.31], [891.76, 0.09], [891.77, 3.51], [891.79, 4.33], [891.8, 13.05], [891.81, 7.21], [891.82, 1.34], [891.83, 13.79], [891.84, 3.17], [891.85, 3.45], [891.86, 2.95]], "timestamp": "2025-12-15T09:56:53.005730+00:00"}, {"symbol": "BNBUSDT", "bids": [[891.52, 12.54], [891.51, 0.01], [891.49, 1.18], [891.48, 7.77], [891.47, 8.29], [891.46, 0.01], [891.45, 0.9], [891.44, 10.04], [891.43, 16.73], [891.42, 0.31], [891.41, 0.46], [891.4, 7.0], [891.39, 3.65], [891.38, 1.4], [891.37, 1.91], [891.36, 8.82], [891.35, 4.63], [891.34, 16.85], [891.33, 3.92], [891.32, 10.43]], "asks": [[891.53, 18.42], [891.54, 0.24], [891.55, 0.5], [891.56, 0.01], [891.57, 0.86], [891.58, 3.56], [891.59, 0.86], [891.6, 4.36], [891.61, 3.19], [891.62, 3.92], [891.63, 8.0], [891.64, 2.44], [891.65, 6.87], [891.66, 1.54], [891.67, 6.98], [891.68, 9.98], [891.69, 12.11], [891.7, 2.55], [891.71, 9.59], [891.72, 24.0]], "timestamp": "2025-12-15T09:57:46.533580+00:00"}, {"symbol": "BNBUSDT", "bids": [[891.43, 53.8], [891.42, 36.15], [891.41, 22.26], [891.4, 18.89], [891.39, 16.14], [891.38, 8.65], [891.37, 29.36], [891.36, 21.81], [891.35, 4.48], [891.34, 0.26], [891.33, 1.85], [891.32, 3.38], [891.31, 4.0], [891.3, 6.41], [891.29, 2.87], [891.28, 2.93], [891.27, 4.24], [891.26, 0.38], [891.25, 15.86], [891.24, 3.77]], "asks": [[891.44, 93.2], [891.45, 0.01], [891.46, 0.01], [891.47, 0.58], [891.48, 0.01], [891.49, 0.02], [891.5, 0.1], [891.51, 0.02], [891.52, 0.04], [891.53, 2.06], [891.54, 0.18], [891.56, 0.95], [891.57, 1.43], [891.58, 2.69], [891.59, 2.3], [891.6, 5.22], [891.61, 0.29], [891.62, 6.44], [891.63, 5.52], [891.64, 11.49]], "timestamp": "2025-12-15T09:58:40.498407+00:00"}, {"symbol": "BNBUSDT", "bids": [[891.67, 75.41], [891.66, 24.83], [891.65, 0.14], [891.64, 9.79], [891.63, 31.89], [891.62, 35.95], [891.61, 12.0], [891.6, 16.04], [891.59, 12.71], [891.58, 12.5], [891.57, 0.59], [891.56, 4.39], [891.55, 2.34], [891.54, 12.27], [891.53, 0.14], [891.52, 17.44], [891.51, 3.06], [891.5, 13.2], [891.49, 0.02], [891.48, 13.02]], "asks": [[891.68, 0.47], [891.69, 0.04], [891.72, 0.01], [891.73, 0.51], [891.74, 1.12], [891.76, 5.22], [891.77, 2.28], [891.78, 0.23], [891.79, 0.39], [891.8, 4.57], [891.81, 0.04], [891.82, 2.05], [891.83, 2.48], [891.84, 0.39], [891.85, 4.85], [891.86, 14.16], [891.87, 3.52], [891.88, 7.98], [891.89, 8.1], [891.9, 4.9]], "timestamp": "2025-12-15T09:59:34.585981+00:00"}, {"symbol": "BNBUSDT", "bids": [[891.71, 25.07], [891.7, 0.02], [891.69, 10.63], [891.68, 11.29], [891.67, 17.88], [891.66, 6.7], [891.65, 5.99], [891.64, 2.26], [891.63, 0.6], [891.62, 4.07], [891.6, 0.27], [891.59, 0.02], [891.58, 0.1], [891.57, 3.01], [891.56, 3.01], [891.55, 11.24], [891.54, 0.29], [891.53, 10.39], [891.52, 7.2], [891.51, 11.91]], "asks": [[891.72, 23.04], [891.73, 0.01], [891.74, 5.82], [891.75, 0.22], [891.76, 1.32], [891.77, 3.83], [891.78, 0.56], [891.79, 0.98], [891.8, 5.33], [891.81, 3.74], [891.82, 4.49], [891.83, 2.51], [891.84, 7.77], [891.85, 2.53], [891.86, 2.49], [891.87, 7.83], [891.88, 1.26], [891.89, 2.47], [891.9, 8.27], [891.91, 2.49]], "timestamp": "2025-12-15T10:00:28.429231+00:00"}, {"symbol": "BNBUSDT", "bids": [[891.4, 57.92], [891.39, 1.83], [891.38, 33.44], [891.37, 22.6], [891.36, 25.09], [891.35, 41.85], [891.34, 24.73], [891.33, 11.39], [891.32, 34.37], [891.31, 31.89], [891.3, 17.39], [891.29, 0.7], [891.28, 23.9], [891.27, 18.11], [891.26, 12.02], [891.25, 18.34], [891.24, 8.17], [891.23, 6.6], [891.22, 19.44], [891.21, 2.61]], "asks": [[891.41, 2.18], [891.42, 0.02], [891.44, 0.01], [891.45, 0.56], [891.46, 0.57], [891.47, 0.45], [891.48, 6.67], [891.49, 0.96], [891.5, 0.4], [891.51, 0.02], [891.52, 6.19], [891.53, 4.46], [891.54, 0.08], [891.55, 2.1], [891.56, 9.29], [891.57, 6.79], [891.58, 2.09], [891.59, 10.14], [891.6, 12.19], [891.61, 17.36]], "timestamp": "2025-12-15T10:01:22.394982+00:00"}, {"symbol": "BNBUSDT", "bids": [[891.35, 41.75], [891.34, 28.74], [891.33, 18.8], [891.32, 22.08], [891.31, 27.52], [891.3, 16.3], [891.29, 28.74], [891.28, 24.27], [891.27, 2.12], [891.26, 12.44], [891.25, 0.62], [891.24, 4.85], [891.23, 8.79], [891.22, 4.99], [891.21, 6.08], [891.2, 6.4], [891.19, 13.5], [891.18, 7.61], [891.17, 0.41], [891.16, 11.6]], "asks": [[891.36, 2.48], [891.37, 0.02], [891.4, 1.46], [891.41, 0.24], [891.42, 0.43], [891.43, 1.31], [891.44, 7.53], [891.45, 3.22], [891.46, 2.15], [891.47, 1.07], [891.48, 12.03], [891.49, 0.04], [891.5, 4.9], [891.51, 3.31], [891.52, 4.0], [891.53, 5.89], [891.54, 10.63], [891.55, 1.7], [891.56, 13.35], [891.57, 12.94]], "timestamp": "2025-12-15T10:02:16.360314+00:00"}, {"symbol": "BNBUSDT", "bids": [[891.47, 31.0], [891.46, 0.21], [891.45, 10.41], [891.44, 17.6], [891.43, 25.76], [891.42, 9.84], [891.41, 9.46], [891.4, 28.9], [891.39, 32.51], [891.38, 20.73], [891.37, 9.9], [891.36, 6.02], [891.35, 12.87], [891.34, 0.56], [891.33, 6.87], [891.32, 14.32], [891.31, 5.81], [891.3, 2.14], [891.29, 0.7], [891.28, 13.16]], "asks": [[891.48, 11.64], [891.49, 0.03], [891.5, 0.18], [891.52, 0.01], [891.53, 2.72], [891.54, 5.22], [891.55, 12.95], [891.56, 4.54], [891.57, 3.12], [891.58, 0.71], [891.59, 10.74], [891.6, 3.06], [891.61, 4.13], [891.62, 14.98], [891.63, 8.15], [891.64, 9.96], [891.65, 8.46], [891.66, 20.39], [891.67, 6.61], [891.68, 20.5]], "timestamp": "2025-12-15T10:03:09.916341+00:00"}, {"symbol": "BNBUSDT", "bids": [[891.49, 0.59], [891.48, 0.51], [891.47, 0.32], [891.46, 1.86], [891.45, 0.02], [891.44, 0.66], [891.43, 0.18], [891.42, 0.39], [891.41, 0.38], [891.4, 7.54], [891.39, 2.12], [891.38, 0.39], [891.37, 0.13], [891.36, 7.67], [891.35, 12.74], [891.34, 4.26], [891.33, 6.38], [891.32, 5.33], [891.31, 10.31], [891.3, 5.68]], "asks": [[891.5, 37.29], [891.51, 6.98], [891.52, 2.65], [891.53, 3.0], [891.54, 0.03], [891.55, 0.02], [891.56, 0.01], [891.57, 1.38], [891.58, 2.74], [891.59, 0.96], [891.6, 4.97], [891.61, 3.69], [891.62, 5.46], [891.63, 10.96], [891.64, 19.79], [891.65, 14.81], [891.66, 7.2], [891.67, 1.92], [891.68, 14.99], [891.69, 2.47]], "timestamp": "2025-12-15T10:04:03.899026+00:00"}, {"symbol": "BNBUSDT", "bids": [[891.84, 20.38], [891.83, 10.0], [891.82, 10.3], [891.81, 0.31], [891.8, 26.24], [891.79, 20.48], [891.78, 34.18], [891.77, 17.07], [891.76, 13.61], [891.75, 32.25], [891.74, 16.57], [891.73, 0.05], [891.72, 5.12], [891.71, 6.34], [891.7, 25.11], [891.69, 0.02], [891.68, 15.44], [891.67, 0.07], [891.66, 1.36], [891.65, 13.28]], "asks": [[891.85, 16.82], [891.86, 0.68], [891.87, 1.08], [891.88, 2.18], [891.89, 1.75], [891.9, 0.87], [891.91, 0.04], [891.92, 2.28], [891.93, 9.26], [891.94, 0.26], [891.95, 3.37], [891.96, 4.9], [891.97, 6.64], [891.98, 1.3], [891.99, 2.61], [892.0, 29.71], [892.01, 1.82], [892.02, 4.15], [892.03, 0.57], [892.04, 7.81]], "timestamp": "2025-12-15T10:04:57.437175+00:00"}, {"symbol": "BNBUSDT", "bids": [[891.69, 7.17], [891.68, 0.12], [891.66, 1.0], [891.65, 0.69], [891.64, 7.55], [891.63, 0.01], [891.62, 0.08], [891.61, 0.58], [891.6, 3.42], [891.59, 4.52], [891.58, 2.21], [891.57, 7.08], [891.56, 11.08], [891.55, 8.14], [891.54, 2.3], [891.53, 13.03], [891.52, 5.06], [891.51, 0.29], [891.5, 6.22], [891.49, 9.89]], "asks": [[891.7, 95.31], [891.71, 41.9], [891.72, 17.99], [891.73, 24.82], [891.74, 24.97], [891.75, 29.06], [891.76, 20.27], [891.77, 1.69], [891.78, 8.57], [891.79, 0.59], [891.8, 1.59], [891.81, 0.38], [891.82, 2.62], [891.83, 0.71], [891.84, 4.08], [891.85, 2.32], [891.86, 0.59], [891.87, 5.28], [891.88, 5.87], [891.89, 0.22]], "timestamp": "2025-12-15T10:05:51.178378+00:00"}, {"symbol": "BNBUSDT", "bids": [[891.14, 36.0], [891.13, 19.21], [891.12, 9.38], [891.11, 0.13], [891.1, 26.06], [891.09, 32.99], [891.08, 15.69], [891.07, 7.9], [891.06, 0.64], [891.05, 3.62], [891.04, 0.05], [891.03, 3.43], [891.02, 2.12], [891.01, 0.02], [891.0, 16.2], [890.99, 3.37], [890.98, 4.27], [890.97, 2.75], [890.96, 2.75], [890.95, 2.14]], "asks": [[891.15, 18.11], [891.16, 7.86], [891.17, 7.09], [891.18, 0.54], [891.19, 0.04], [891.2, 3.23], [891.22, 0.31], [891.23, 5.08], [891.24, 0.58], [891.25, 0.57], [891.26, 1.74], [891.27, 5.29], [891.28, 2.19], [891.29, 0.04], [891.3, 6.08], [891.31, 10.87], [891.32, 18.52], [891.33, 5.07], [891.34, 30.11], [891.35, 20.73]], "timestamp": "2025-12-15T10:06:44.856460+00:00"}, {"symbol": "BNBUSDT", "bids": [[890.63, 15.65], [890.62, 2.32], [890.6, 0.17], [890.58, 3.02], [890.57, 0.19], [890.56, 1.11], [890.55, 1.66], [890.54, 5.15], [890.53, 2.85], [890.52, 4.56], [890.51, 3.84], [890.5, 19.33], [890.49, 3.25], [890.48, 14.88], [890.47, 5.34], [890.46, 0.41], [890.45, 16.28], [890.44, 8.66], [890.43, 5.58], [890.42, 10.93]], "asks": [[890.64, 14.45], [890.65, 2.03], [890.66, 5.4], [890.67, 0.02], [890.68, 11.4], [890.69, 8.42], [890.7, 6.33], [890.71, 2.71], [890.72, 5.76], [890.73, 6.01], [890.74, 4.77], [890.75, 0.82], [890.76, 6.67], [890.77, 6.44], [890.78, 3.75], [890.79, 3.18], [890.8, 12.31], [890.81, 4.91], [890.82, 5.36], [890.83, 6.38]], "timestamp": "2025-12-15T10:07:38.924038+00:00"}, {"symbol": "BNBUSDT", "bids": [[891.1, 6.25], [891.09, 0.83], [891.08, 1.58], [891.07, 1.41], [891.06, 5.87], [891.05, 0.01], [891.04, 12.95], [891.03, 11.02], [891.02, 12.64], [891.01, 10.41], [891.0, 0.5], [890.99, 2.24], [890.98, 7.73], [890.97, 2.39], [890.96, 0.62], [890.95, 0.55], [890.94, 0.02], [890.93, 0.01], [890.92, 5.84], [890.91, 2.05]], "asks": [[891.11, 17.65], [891.12, 1.86], [891.13, 8.34], [891.14, 7.72], [891.15, 0.59], [891.16, 4.04], [891.17, 2.29], [891.18, 2.32], [891.19, 2.09], [891.2, 5.82], [891.21, 4.96], [891.22, 2.59], [891.23, 0.92], [891.24, 11.24], [891.25, 6.43], [891.26, 13.54], [891.27, 20.68], [891.28, 6.34], [891.29, 3.23], [891.3, 2.36]], "timestamp": "2025-12-15T10:08:32.685899+00:00"}, {"symbol": "BNBUSDT", "bids": [[891.07, 4.5], [891.06, 0.35], [891.04, 0.02], [891.03, 0.91], [891.02, 0.59], [891.0, 3.05], [890.99, 7.52], [890.98, 0.81], [890.97, 8.27], [890.96, 0.26], [890.95, 1.85], [890.94, 7.7], [890.93, 5.64], [890.92, 3.56], [890.91, 5.6], [890.9, 2.8], [890.89, 8.25], [890.88, 5.47], [890.87, 13.46], [890.86, 13.05]], "asks": [[891.08, 32.77], [891.09, 0.01], [891.12, 1.32], [891.13, 7.4], [891.14, 13.01], [891.15, 19.47], [891.16, 23.14], [891.17, 28.66], [891.18, 10.89], [891.19, 0.85], [891.2, 10.87], [891.21, 0.01], [891.22, 0.01], [891.23, 0.15], [891.24, 3.01], [891.25, 3.11], [891.26, 11.32], [891.27, 3.22], [891.28, 4.12], [891.29, 0.05]], "timestamp": "2025-12-15T10:09:26.342753+00:00"}, {"symbol": "BNBUSDT", "bids": [[891.28, 0.97], [891.27, 1.88], [891.26, 1.22], [891.24, 4.5], [891.2, 2.26], [891.19, 14.99], [891.18, 1.89], [891.17, 0.12], [891.16, 1.41], [891.15, 0.55], [891.14, 0.09], [891.12, 3.93], [891.11, 3.32], [891.1, 4.48], [891.09, 0.04], [891.08, 8.08], [891.07, 7.39], [891.06, 18.89], [891.05, 2.78], [891.04, 8.01]], "asks": [[891.29, 40.97], [891.3, 0.08], [891.32, 3.85], [891.33, 5.31], [891.35, 5.99], [891.36, 15.98], [891.37, 5.06], [891.38, 8.33], [891.39, 5.47], [891.4, 14.57], [891.41, 6.76], [891.42, 2.14], [891.43, 15.92], [891.44, 16.21], [891.45, 11.19], [891.46, 2.36], [891.47, 16.84], [891.48, 6.35], [891.49, 2.39], [891.5, 7.43]], "timestamp": "2025-12-15T10:10:20.103640+00:00"}, {"symbol": "BNBUSDT", "bids": [[891.54, 13.57], [891.53, 0.02], [891.52, 0.01], [891.5, 11.98], [891.49, 11.99], [891.48, 17.29], [891.47, 61.95], [891.46, 11.22], [891.45, 8.37], [891.44, 3.31], [891.43, 10.06], [891.42, 13.61], [891.41, 4.1], [891.4, 4.45], [891.39, 3.37], [891.38, 5.32], [891.37, 5.72], [891.36, 21.01], [891.35, 14.44], [891.34, 16.09]], "asks": [[891.55, 18.45], [891.56, 0.86], [891.57, 0.01], [891.58, 2.93], [891.59, 16.3], [891.6, 2.85], [891.61, 0.06], [891.62, 6.04], [891.63, 0.05], [891.64, 4.34], [891.65, 2.39], [891.66, 29.13], [891.67, 3.08], [891.68, 6.79], [891.69, 28.36], [891.7, 1.01], [891.71, 3.73], [891.72, 7.03], [891.73, 17.9], [891.74, 5.56]], "timestamp": "2025-12-15T10:11:13.761847+00:00"}, {"symbol": "BNBUSDT", "bids": [[891.61, 40.63], [891.6, 0.48], [891.59, 0.1], [891.58, 0.14], [891.57, 7.48], [891.56, 1.62], [891.55, 8.67], [891.54, 11.48], [891.53, 0.34], [891.52, 6.85], [891.51, 6.47], [891.5, 26.78], [891.49, 0.54], [891.48, 11.12], [891.47, 63.84], [891.46, 7.77], [891.45, 2.28], [891.44, 10.3], [891.43, 7.91], [891.42, 2.3]], "asks": [[891.62, 10.13], [891.63, 0.02], [891.64, 0.11], [891.68, 0.57], [891.69, 0.04], [891.7, 0.02], [891.71, 0.54], [891.72, 2.05], [891.73, 8.36], [891.74, 2.3], [891.75, 0.03], [891.76, 0.31], [891.77, 1.73], [891.78, 2.69], [891.79, 4.0], [891.8, 2.89], [891.81, 1.92], [891.82, 2.49], [891.83, 4.01], [891.84, 5.12]], "timestamp": "2025-12-15T10:12:07.317828+00:00"}, {"symbol": "BNBUSDT", "bids": [[891.71, 26.13], [891.7, 8.82], [891.69, 1.05], [891.68, 0.01], [891.67, 3.36], [891.65, 0.02], [891.64, 1.79], [891.63, 4.29], [891.62, 2.08], [891.61, 4.15], [891.6, 4.52], [891.59, 12.43], [891.58, 3.93], [891.57, 4.39], [891.56, 4.14], [891.55, 5.45], [891.54, 8.33], [891.53, 7.37], [891.52, 8.84], [891.51, 14.12]], "asks": [[891.72, 20.22], [891.74, 0.01], [891.76, 3.75], [891.77, 11.4], [891.78, 9.56], [891.79, 0.03], [891.8, 0.02], [891.82, 1.65], [891.83, 2.78], [891.84, 0.02], [891.86, 0.3], [891.87, 1.0], [891.88, 5.77], [891.89, 6.53], [891.9, 7.64], [891.91, 6.15], [891.92, 12.49], [891.93, 17.13], [891.94, 7.83], [891.95, 5.63]], "timestamp": "2025-12-15T10:13:01.283072+00:00"}, {"symbol": "BNBUSDT", "bids": [[891.81, 2.3], [891.8, 0.01], [891.79, 0.09], [891.78, 5.77], [891.77, 0.02], [891.76, 0.01], [891.75, 1.04], [891.73, 0.77], [891.71, 1.42], [891.7, 0.33], [891.69, 0.02], [891.68, 2.89], [891.67, 0.27], [891.65, 1.14], [891.64, 3.93], [891.63, 4.02], [891.62, 3.52], [891.61, 3.82], [891.6, 9.21], [891.59, 7.65]], "asks": [[891.82, 70.4], [891.83, 25.24], [891.84, 13.09], [891.85, 26.32], [891.86, 29.79], [891.87, 31.7], [891.88, 34.2], [891.89, 30.35], [891.9, 29.41], [891.91, 5.9], [891.92, 0.01], [891.93, 3.42], [891.94, 0.02], [891.95, 0.08], [891.96, 2.31], [891.97, 5.89], [891.98, 12.08], [891.99, 0.74], [892.0, 32.87], [892.01, 5.98]], "timestamp": "2025-12-15T10:13:55.043815+00:00"}, {"symbol": "BNBUSDT", "bids": [[891.6, 7.44], [891.58, 0.01], [891.57, 0.03], [891.56, 0.55], [891.55, 0.02], [891.54, 0.02], [891.53, 1.48], [891.52, 7.52], [891.51, 3.62], [891.5, 7.5], [891.49, 0.02], [891.48, 0.14], [891.47, 0.3], [891.46, 3.15], [891.45, 5.61], [891.44, 7.7], [891.43, 12.91], [891.42, 0.05], [891.4, 6.55], [891.39, 4.03]], "asks": [[891.61, 29.42], [891.62, 4.91], [891.63, 9.55], [891.64, 9.94], [891.65, 12.72], [891.66, 2.15], [891.67, 0.37], [891.68, 2.06], [891.69, 7.0], [891.7, 2.51], [891.71, 2.69], [891.72, 4.39], [891.73, 3.14], [891.74, 2.53], [891.75, 3.42], [891.76, 13.26], [891.77, 9.07], [891.78, 17.41], [891.79, 5.74], [891.8, 12.76]], "timestamp": "2025-12-15T10:14:48.496976+00:00"}, {"symbol": "BNBUSDT", "bids": [[891.48, 20.54], [891.47, 0.02], [891.46, 0.6], [891.45, 5.13], [891.44, 4.43], [891.43, 5.51], [891.42, 0.03], [891.41, 0.56], [891.4, 0.03], [891.39, 4.16], [891.38, 9.21], [891.37, 2.22], [891.36, 0.02], [891.35, 0.04], [891.34, 2.41], [891.33, 0.02], [891.32, 2.24], [891.31, 7.54], [891.3, 0.64], [891.29, 3.79]], "asks": [[891.49, 30.3], [891.5, 0.32], [891.51, 11.14], [891.52, 1.47], [891.53, 5.04], [891.54, 18.64], [891.55, 10.24], [891.56, 0.03], [891.57, 0.61], [891.59, 0.83], [891.6, 1.56], [891.61, 7.43], [891.62, 3.93], [891.63, 0.02], [891.64, 5.58], [891.65, 5.36], [891.66, 7.39], [891.67, 3.81], [891.68, 17.31], [891.69, 7.04]], "timestamp": "2025-12-15T10:15:43.607979+00:00"}, {"symbol": "BNBUSDT", "bids": [[891.17, 8.79], [891.14, 0.69], [891.12, 2.09], [891.11, 0.02], [891.1, 0.82], [891.08, 7.88], [891.07, 1.35], [891.06, 5.27], [891.05, 0.01], [891.04, 3.39], [891.03, 4.44], [891.02, 4.74], [891.01, 3.46], [891.0, 5.97], [890.99, 1.21], [890.98, 5.77], [890.97, 1.16], [890.96, 6.21], [890.95, 8.24], [890.94, 3.94]], "asks": [[891.18, 38.61], [891.19, 7.16], [891.2, 1.44], [891.21, 0.02], [891.22, 7.64], [891.23, 3.51], [891.24, 5.27], [891.25, 0.03], [891.26, 0.64], [891.27, 3.22], [891.28, 6.75], [891.29, 4.19], [891.3, 19.82], [891.31, 0.03], [891.32, 11.05], [891.33, 0.55], [891.34, 11.82], [891.35, 2.23], [891.36, 16.41], [891.37, 0.31]], "timestamp": "2025-12-15T10:16:37.439663+00:00"}, {"symbol": "BNBUSDT", "bids": [[891.18, 2.49], [891.17, 0.06], [891.16, 0.29], [891.14, 0.02], [891.13, 0.48], [891.12, 0.02], [891.1, 1.24], [891.09, 0.1], [891.08, 12.9], [891.07, 0.02], [891.06, 1.48], [891.04, 2.88], [891.03, 4.2], [891.02, 1.62], [891.01, 3.46], [891.0, 9.9], [890.99, 1.68], [890.98, 2.36], [890.97, 2.13], [890.96, 10.94]], "asks": [[891.19, 43.42], [891.2, 18.67], [891.21, 15.7], [891.22, 14.21], [891.23, 0.02], [891.24, 0.29], [891.25, 2.31], [891.26, 7.72], [891.27, 6.08], [891.28, 1.41], [891.29, 2.91], [891.3, 0.7], [891.31, 6.97], [891.32, 2.36], [891.33, 5.87], [891.34, 13.89], [891.35, 1.26], [891.36, 18.61], [891.37, 2.33], [891.38, 3.61]], "timestamp": "2025-12-15T10:17:31.315124+00:00"}, {"symbol": "BNBUSDT", "bids": [[891.19, 61.59], [891.18, 0.01], [891.17, 0.01], [891.15, 0.61], [891.14, 5.04], [891.13, 1.2], [891.12, 0.13], [891.11, 0.28], [891.1, 4.19], [891.09, 2.22], [891.08, 2.1], [891.07, 9.8], [891.06, 0.79], [891.05, 2.12], [891.04, 2.46], [891.03, 4.86], [891.02, 1.44], [891.01, 0.04], [891.0, 8.07], [890.99, 3.11]], "asks": [[891.2, 34.25], [891.21, 0.39], [891.22, 0.03], [891.24, 0.33], [891.25, 0.01], [891.26, 2.61], [891.27, 1.81], [891.28, 2.55], [891.29, 3.48], [891.3, 3.09], [891.31, 3.88], [891.32, 7.68], [891.33, 19.16], [891.34, 0.04], [891.35, 1.61], [891.36, 13.94], [891.37, 2.29], [891.38, 26.6], [891.39, 23.51], [891.4, 4.03]], "timestamp": "2025-12-15T10:18:24.666026+00:00"}, {"symbol": "BNBUSDT", "bids": [[890.82, 25.93], [890.81, 0.01], [890.8, 1.47], [890.79, 0.02], [890.78, 0.09], [890.77, 2.1], [890.76, 0.49], [890.75, 0.01], [890.74, 1.16], [890.73, 1.72], [890.72, 0.03], [890.71, 5.36], [890.7, 2.35], [890.69, 5.49], [890.68, 16.21], [890.67, 6.77], [890.66, 2.76], [890.65, 10.22], [890.64, 8.29], [890.63, 0.05]], "asks": [[890.83, 20.07], [890.84, 0.08], [890.85, 0.15], [890.86, 0.02], [890.88, 1.9], [890.89, 1.33], [890.9, 14.63], [890.91, 8.69], [890.92, 2.53], [890.93, 5.07], [890.94, 5.93], [890.95, 0.02], [890.96, 4.8], [890.97, 10.48], [890.98, 4.8], [890.99, 2.84], [891.0, 11.73], [891.01, 14.62], [891.02, 4.0], [891.03, 7.16]], "timestamp": "2025-12-15T10:19:18.324350+00:00"}, {"symbol": "BNBUSDT", "bids": [[890.87, 2.12], [890.86, 0.03], [890.85, 1.55], [890.84, 0.02], [890.83, 1.71], [890.82, 0.02], [890.81, 0.01], [890.8, 0.02], [890.79, 0.03], [890.78, 1.72], [890.77, 0.01], [890.76, 5.2], [890.75, 4.5], [890.74, 3.82], [890.73, 0.02], [890.72, 2.24], [890.71, 6.21], [890.7, 9.04], [890.69, 0.01], [890.68, 0.2]], "asks": [[890.88, 106.76], [890.89, 0.03], [890.91, 6.7], [890.92, 49.35], [890.93, 33.11], [890.94, 2.3], [890.96, 5.72], [890.97, 10.78], [890.98, 13.46], [890.99, 6.62], [891.0, 9.4], [891.01, 18.16], [891.02, 3.86], [891.03, 14.62], [891.04, 2.67], [891.05, 0.02], [891.06, 4.37], [891.07, 9.51], [891.08, 7.41], [891.09, 4.81]], "timestamp": "2025-12-15T10:20:12.126503+00:00"}, {"symbol": "BNBUSDT", "bids": [[891.41, 27.22], [891.4, 10.4], [891.39, 5.33], [891.38, 6.65], [891.37, 5.12], [891.36, 17.16], [891.35, 14.24], [891.34, 8.49], [891.33, 33.41], [891.32, 4.4], [891.3, 0.67], [891.29, 12.36], [891.28, 2.25], [891.27, 2.27], [891.26, 13.47], [891.25, 0.29], [891.24, 10.45], [891.23, 29.35], [891.22, 10.56], [891.21, 19.8]], "asks": [[891.42, 10.61], [891.43, 5.22], [891.44, 2.76], [891.45, 0.03], [891.47, 0.01], [891.48, 1.73], [891.49, 2.47], [891.5, 2.33], [891.51, 0.71], [891.52, 1.53], [891.54, 11.04], [891.55, 43.48], [891.56, 1.46], [891.57, 4.5], [891.58, 0.01], [891.59, 4.0], [891.6, 7.85], [891.61, 4.76], [891.62, 14.24], [891.63, 9.0]], "timestamp": "2025-12-15T10:21:05.231142+00:00"}, {"symbol": "BNBUSDT", "bids": [[891.35, 1.37], [891.34, 0.16], [891.33, 0.07], [891.32, 0.01], [891.3, 0.02], [891.29, 1.83], [891.28, 1.96], [891.27, 36.86], [891.26, 1.7], [891.25, 0.02], [891.24, 1.87], [891.23, 0.71], [891.22, 0.56], [891.21, 3.96], [891.2, 0.04], [891.19, 0.04], [891.18, 3.63], [891.17, 17.61], [891.16, 9.04], [891.15, 0.93]], "asks": [[891.36, 29.55], [891.37, 0.01], [891.4, 3.08], [891.41, 6.79], [891.42, 0.78], [891.43, 10.83], [891.44, 2.32], [891.45, 5.37], [891.46, 4.25], [891.47, 19.06], [891.48, 7.2], [891.49, 2.78], [891.5, 12.22], [891.51, 0.86], [891.52, 18.95], [891.53, 2.62], [891.54, 15.83], [891.55, 43.13], [891.56, 3.81], [891.57, 0.03]], "timestamp": "2025-12-15T10:21:58.787308+00:00"}, {"symbol": "BNBUSDT", "bids": [[891.62, 12.88], [891.61, 0.02], [891.6, 0.08], [891.58, 0.02], [891.57, 5.93], [891.56, 0.21], [891.55, 11.38], [891.54, 3.96], [891.53, 0.48], [891.52, 34.68], [891.51, 2.34], [891.5, 2.11], [891.49, 2.81], [891.48, 4.44], [891.47, 3.14], [891.46, 7.96], [891.45, 6.2], [891.44, 9.48], [891.43, 0.32], [891.42, 0.64]], "asks": [[891.63, 22.59], [891.64, 0.26], [891.65, 0.16], [891.66, 0.06], [891.67, 0.03], [891.68, 0.12], [891.69, 2.12], [891.7, 0.31], [891.71, 2.63], [891.72, 0.03], [891.74, 3.47], [891.75, 2.26], [891.76, 6.9], [891.77, 2.72], [891.78, 4.43], [891.79, 9.24], [891.8, 12.72], [891.81, 11.39], [891.82, 0.63], [891.83, 5.34]], "timestamp": "2025-12-15T10:22:52.547829+00:00"}, {"symbol": "BNBUSDT", "bids": [[891.17, 30.92], [891.16, 0.27], [891.15, 12.52], [891.14, 0.12], [891.13, 27.0], [891.12, 3.31], [891.11, 5.65], [891.1, 18.54], [891.09, 11.28], [891.08, 7.19], [891.07, 34.13], [891.06, 2.33], [891.05, 0.48], [891.04, 16.56], [891.03, 2.69], [891.02, 1.03], [891.01, 11.37], [891.0, 22.51], [890.99, 0.02], [890.98, 15.81]], "asks": [[891.18, 9.86], [891.19, 0.03], [891.2, 0.02], [891.21, 0.01], [891.22, 2.39], [891.24, 3.32], [891.25, 0.05], [891.26, 0.01], [891.27, 3.38], [891.28, 3.72], [891.29, 0.49], [891.3, 0.32], [891.31, 5.53], [891.32, 1.67], [891.33, 3.57], [891.34, 0.28], [891.35, 6.41], [891.36, 3.31], [891.37, 5.54], [891.38, 2.14]], "timestamp": "2025-12-15T10:23:46.718399+00:00"}, {"symbol": "BNBUSDT", "bids": [[891.48, 32.47], [891.47, 0.03], [891.46, 1.72], [891.45, 0.28], [891.44, 0.01], [891.43, 0.47], [891.42, 5.69], [891.41, 5.21], [891.4, 33.24], [891.39, 0.07], [891.38, 2.08], [891.37, 0.33], [891.36, 6.07], [891.35, 7.24], [891.34, 2.93], [891.33, 3.37], [891.32, 10.34], [891.31, 3.01], [891.3, 8.78], [891.29, 7.23]], "asks": [[891.49, 6.23], [891.5, 4.26], [891.51, 0.01], [891.52, 0.01], [891.55, 12.03], [891.56, 0.03], [891.57, 0.05], [891.58, 0.3], [891.59, 0.02], [891.6, 1.04], [891.61, 0.03], [891.62, 0.19], [891.63, 0.04], [891.64, 2.83], [891.65, 12.02], [891.66, 3.15], [891.67, 17.49], [891.68, 14.77], [891.69, 14.61], [891.7, 0.13]], "timestamp": "2025-12-15T10:24:40.888678+00:00"}, {"symbol": "BNBUSDT", "bids": [[891.53, 36.66], [891.52, 1.58], [891.5, 8.26], [891.49, 19.4], [891.48, 17.18], [891.47, 2.49], [891.46, 18.02], [891.45, 0.03], [891.44, 16.31], [891.43, 12.72], [891.42, 52.98], [891.41, 0.02], [891.4, 1.42], [891.39, 15.77], [891.38, 4.24], [891.37, 2.15], [891.36, 21.55], [891.35, 17.6], [891.34, 0.57], [891.33, 0.01]], "asks": [[891.54, 11.23], [891.55, 2.26], [891.56, 6.78], [891.57, 0.93], [891.59, 2.73], [891.6, 2.4], [891.61, 6.11], [891.62, 1.21], [891.63, 0.77], [891.64, 7.31], [891.65, 5.83], [891.66, 0.05], [891.67, 7.16], [891.68, 8.47], [891.69, 0.04], [891.7, 1.44], [891.71, 5.07], [891.72, 7.61], [891.73, 0.02], [891.74, 7.44]], "timestamp": "2025-12-15T10:25:34.341521+00:00"}, {"symbol": "BNBUSDT", "bids": [[891.49, 16.77], [891.48, 0.03], [891.47, 0.43], [891.46, 0.02], [891.45, 0.62], [891.44, 4.7], [891.43, 0.33], [891.42, 7.73], [891.41, 6.62], [891.4, 41.4], [891.39, 8.51], [891.38, 14.26], [891.37, 6.08], [891.36, 30.56], [891.35, 1.88], [891.33, 0.01], [891.32, 7.71], [891.31, 12.13], [891.3, 11.87], [891.29, 11.02]], "asks": [[891.5, 15.08], [891.51, 0.11], [891.52, 0.76], [891.53, 3.41], [891.54, 8.27], [891.55, 9.73], [891.56, 6.21], [891.57, 3.52], [891.58, 6.22], [891.59, 0.03], [891.6, 4.0], [891.61, 0.62], [891.63, 6.64], [891.64, 3.55], [891.65, 6.19], [891.66, 0.59], [891.67, 9.85], [891.68, 16.23], [891.69, 0.69], [891.7, 2.56]], "timestamp": "2025-12-15T10:26:27.590605+00:00"}, {"symbol": "BNBUSDT", "bids": [[891.55, 63.82], [891.54, 18.3], [891.53, 16.7], [891.52, 22.19], [891.51, 7.95], [891.5, 19.21], [891.49, 30.1], [891.48, 0.04], [891.47, 9.36], [891.46, 13.57], [891.45, 39.42], [891.44, 6.6], [891.43, 0.11], [891.42, 2.1], [891.41, 9.94], [891.4, 30.49], [891.39, 8.67], [891.38, 1.33], [891.37, 8.93], [891.36, 18.95]], "asks": [[891.56, 1.03], [891.57, 0.01], [891.59, 0.87], [891.6, 0.18], [891.61, 0.33], [891.62, 0.34], [891.63, 0.03], [891.64, 0.22], [891.65, 0.28], [891.66, 0.89], [891.67, 2.5], [891.68, 4.34], [891.69, 6.52], [891.7, 2.25], [891.71, 0.29], [891.72, 4.42], [891.73, 5.51], [891.74, 6.99], [891.75, 0.35], [891.76, 7.84]], "timestamp": "2025-12-15T10:27:21.965574+00:00"}, {"symbol": "BNBUSDT", "bids": [[892.28, 22.93], [892.27, 2.62], [892.26, 0.14], [892.25, 6.39], [892.24, 2.41], [892.23, 6.35], [892.22, 6.37], [892.21, 0.51], [892.2, 64.17], [892.19, 20.67], [892.18, 9.82], [892.17, 7.89], [892.16, 5.49], [892.15, 2.1], [892.14, 17.53], [892.13, 2.13], [892.12, 8.87], [892.11, 1.11], [892.1, 4.91], [892.09, 5.3]], "asks": [[892.29, 27.23], [892.3, 0.06], [892.32, 4.41], [892.33, 1.74], [892.35, 0.03], [892.36, 0.02], [892.37, 0.29], [892.38, 4.95], [892.39, 1.6], [892.4, 14.82], [892.41, 5.34], [892.42, 5.1], [892.43, 11.45], [892.44, 6.61], [892.45, 2.3], [892.46, 7.74], [892.47, 19.76], [892.48, 7.85], [892.49, 14.91], [892.5, 18.88]], "timestamp": "2025-12-15T10:28:15.828902+00:00"}, {"symbol": "BNBUSDT", "bids": [[893.53, 1.86], [893.52, 3.76], [893.5, 0.1], [893.49, 5.89], [893.48, 7.99], [893.47, 36.14], [893.46, 2.31], [893.45, 0.96], [893.44, 0.05], [893.43, 2.5], [893.42, 0.01], [893.4, 7.59], [893.39, 5.72], [893.38, 0.27], [893.37, 2.0], [893.36, 7.67], [893.35, 2.3], [893.34, 6.25], [893.33, 7.1], [893.32, 13.61]], "asks": [[893.54, 88.49], [893.55, 0.01], [893.56, 28.76], [893.57, 17.13], [893.58, 30.98], [893.59, 21.55], [893.6, 2.09], [893.61, 8.63], [893.62, 0.03], [893.63, 5.07], [893.64, 1.73], [893.65, 1.38], [893.66, 2.71], [893.67, 2.25], [893.68, 7.21], [893.69, 12.25], [893.7, 8.09], [893.71, 5.77], [893.72, 8.63], [893.73, 18.43]], "timestamp": "2025-12-15T10:29:09.794521+00:00"}, {"symbol": "BNBUSDT", "bids": [[893.11, 56.67], [893.1, 8.18], [893.09, 8.13], [893.08, 16.52], [893.07, 24.91], [893.06, 21.77], [893.05, 0.02], [893.04, 18.72], [893.03, 3.19], [893.02, 8.79], [893.01, 8.06], [893.0, 34.37], [892.99, 2.15], [892.98, 0.62], [892.97, 6.38], [892.96, 4.84], [892.95, 4.71], [892.94, 8.88], [892.93, 9.0], [892.92, 13.75]], "asks": [[893.12, 5.64], [893.13, 0.03], [893.16, 0.93], [893.17, 4.35], [893.18, 3.13], [893.19, 18.8], [893.2, 50.06], [893.21, 0.04], [893.22, 3.38], [893.23, 0.01], [893.24, 1.86], [893.25, 6.23], [893.26, 0.04], [893.28, 7.03], [893.29, 0.03], [893.3, 8.01], [893.31, 11.84], [893.32, 21.26], [893.33, 5.3], [893.34, 11.26]], "timestamp": "2025-12-15T10:30:04.476755+00:00"}, {"symbol": "BNBUSDT", "bids": [[893.39, 13.01], [893.38, 0.02], [893.37, 0.01], [893.36, 0.03], [893.35, 29.68], [893.34, 0.01], [893.33, 4.29], [893.32, 14.58], [893.31, 8.68], [893.3, 5.98], [893.29, 3.01], [893.28, 14.16], [893.27, 2.73], [893.26, 5.68], [893.25, 10.18], [893.24, 26.12], [893.23, 0.89], [893.22, 12.31], [893.21, 32.93], [893.2, 126.65]], "asks": [[893.4, 38.37], [893.41, 16.91], [893.42, 18.22], [893.43, 15.95], [893.44, 28.01], [893.45, 16.81], [893.46, 2.32], [893.47, 15.07], [893.48, 9.43], [893.49, 7.95], [893.5, 0.03], [893.51, 1.01], [893.52, 3.51], [893.53, 4.81], [893.54, 14.68], [893.55, 0.52], [893.56, 8.75], [893.57, 15.62], [893.58, 6.89], [893.59, 9.73]], "timestamp": "2025-12-15T10:30:58.099721+00:00"}, {"symbol": "BNBUSDT", "bids": [[893.5, 294.22], [893.49, 0.14], [893.48, 5.06], [893.47, 0.03], [893.46, 0.01], [893.45, 2.11], [893.44, 5.51], [893.43, 15.41], [893.42, 10.72], [893.41, 62.85], [893.4, 302.16], [893.39, 14.54], [893.38, 57.91], [893.37, 2.65], [893.36, 7.08], [893.35, 15.5], [893.34, 14.34], [893.33, 25.01], [893.32, 1.53], [893.31, 3.94]], "asks": [[893.51, 1.82], [893.52, 0.03], [893.54, 1.8], [893.55, 10.35], [893.56, 6.48], [893.57, 1.22], [893.58, 2.12], [893.6, 5.08], [893.61, 0.05], [893.62, 0.55], [893.64, 2.11], [893.65, 2.4], [893.66, 0.03], [893.67, 4.52], [893.68, 6.81], [893.69, 4.54], [893.7, 1.04], [893.71, 1.38], [893.72, 7.19], [893.73, 9.58]], "timestamp": "2025-12-15T10:31:51.895728+00:00"}, {"symbol": "BNBUSDT", "bids": [[893.4, 288.46], [893.39, 1.91], [893.37, 2.52], [893.36, 0.02], [893.35, 0.77], [893.34, 6.77], [893.33, 0.37], [893.32, 0.51], [893.31, 0.05], [893.29, 2.27], [893.28, 0.02], [893.27, 5.71], [893.26, 30.46], [893.25, 2.11], [893.24, 4.85], [893.23, 6.35], [893.22, 6.77], [893.21, 0.58], [893.2, 13.97], [893.19, 11.54]], "asks": [[893.41, 81.94], [893.42, 9.5], [893.43, 11.56], [893.44, 7.97], [893.45, 7.35], [893.46, 0.01], [893.47, 1.78], [893.48, 9.74], [893.49, 9.46], [893.5, 5.52], [893.51, 1.07], [893.52, 0.03], [893.53, 4.61], [893.54, 5.58], [893.55, 7.95], [893.56, 20.59], [893.57, 4.65], [893.58, 5.6], [893.59, 0.85], [893.6, 18.07]], "timestamp": "2025-12-15T10:32:45.450990+00:00"}, {"symbol": "BNBUSDT", "bids": [[893.4, 84.3], [893.39, 5.23], [893.38, 0.39], [893.37, 3.24], [893.36, 0.02], [893.35, 2.17], [893.34, 0.25], [893.32, 1.06], [893.31, 2.14], [893.3, 4.57], [893.29, 1.5], [893.28, 7.65], [893.27, 0.66], [893.26, 2.04], [893.25, 10.32], [893.24, 3.6], [893.23, 13.67], [893.22, 14.41], [893.21, 13.38], [893.2, 13.74]], "asks": [[893.41, 3.76], [893.42, 3.12], [893.44, 5.13], [893.45, 1.84], [893.46, 0.23], [893.47, 2.3], [893.48, 15.21], [893.49, 10.48], [893.5, 15.81], [893.51, 2.06], [893.52, 2.58], [893.54, 6.85], [893.55, 4.76], [893.56, 8.04], [893.57, 4.69], [893.58, 0.99], [893.59, 15.56], [893.6, 13.36], [893.61, 1.52], [893.62, 10.76]], "timestamp": "2025-12-15T10:33:40.133575+00:00"}, {"symbol": "BNBUSDT", "bids": [[892.94, 30.26], [892.93, 0.03], [892.92, 8.07], [892.91, 1.34], [892.9, 10.3], [892.89, 3.11], [892.88, 2.47], [892.87, 13.3], [892.86, 0.13], [892.85, 0.08], [892.84, 12.54], [892.83, 16.02], [892.82, 4.5], [892.81, 5.33], [892.8, 7.39], [892.79, 2.88], [892.78, 5.34], [892.77, 1.92], [892.76, 19.63], [892.75, 7.01]], "asks": [[892.95, 5.34], [892.96, 0.05], [892.97, 0.02], [892.98, 0.01], [892.99, 0.13], [893.0, 4.1], [893.01, 0.25], [893.03, 11.45], [893.04, 1.28], [893.05, 3.84], [893.06, 0.01], [893.07, 0.23], [893.08, 5.42], [893.09, 1.67], [893.1, 1.41], [893.11, 2.31], [893.12, 9.21], [893.13, 12.68], [893.14, 4.07], [893.15, 5.89]], "timestamp": "2025-12-15T10:34:34.508484+00:00"}, {"symbol": "BNBUSDT", "bids": [[892.31, 1.48], [892.3, 1.11], [892.29, 0.01], [892.28, 0.93], [892.27, 0.01], [892.26, 0.01], [892.25, 1.68], [892.24, 0.2], [892.23, 1.56], [892.22, 4.93], [892.21, 1.48], [892.2, 0.11], [892.19, 8.17], [892.18, 5.24], [892.17, 0.06], [892.16, 0.84], [892.15, 5.08], [892.14, 4.02], [892.13, 4.8], [892.12, 21.92]], "asks": [[892.32, 65.23], [892.33, 15.51], [892.34, 21.79], [892.35, 22.93], [892.36, 39.14], [892.37, 10.56], [892.38, 24.97], [892.39, 22.41], [892.4, 37.81], [892.41, 31.33], [892.42, 15.71], [892.43, 7.78], [892.44, 11.1], [892.45, 2.26], [892.46, 0.6], [892.47, 11.65], [892.48, 3.64], [892.49, 0.78], [892.5, 0.89], [892.51, 12.06]], "timestamp": "2025-12-15T10:35:29.190683+00:00"}, {"symbol": "BNBUSDT", "bids": [[891.84, 23.85], [891.83, 0.5], [891.82, 1.45], [891.81, 0.96], [891.8, 0.01], [891.79, 1.83], [891.78, 2.89], [891.77, 4.9], [891.76, 1.83], [891.75, 4.01], [891.74, 0.8], [891.73, 3.43], [891.72, 6.66], [891.71, 4.2], [891.7, 4.16], [891.69, 2.43], [891.68, 4.42], [891.67, 6.59], [891.66, 5.56], [891.65, 7.45]], "asks": [[891.85, 10.97], [891.86, 0.04], [891.87, 3.07], [891.88, 0.03], [891.89, 0.91], [891.9, 0.02], [891.91, 2.37], [891.92, 5.07], [891.93, 7.56], [891.94, 10.63], [891.95, 17.52], [891.96, 4.36], [891.97, 1.0], [891.98, 9.8], [891.99, 19.73], [892.0, 9.62], [892.01, 4.81], [892.02, 2.64], [892.03, 11.8], [892.04, 14.3]], "timestamp": "2025-12-15T10:36:23.156154+00:00"}, {"symbol": "BNBUSDT", "bids": [[891.72, 13.63], [891.71, 1.21], [891.69, 2.06], [891.68, 0.12], [891.66, 3.33], [891.65, 3.01], [891.64, 5.29], [891.63, 5.14], [891.62, 0.05], [891.61, 14.53], [891.6, 10.77], [891.59, 13.31], [891.58, 17.95], [891.57, 0.31], [891.56, 3.84], [891.55, 8.65], [891.54, 28.76], [891.53, 10.49], [891.52, 9.92], [891.51, 11.56]], "asks": [[891.73, 21.58], [891.74, 3.15], [891.75, 5.67], [891.76, 3.51], [891.77, 0.57], [891.78, 12.35], [891.79, 3.79], [891.8, 6.06], [891.81, 10.32], [891.82, 17.4], [891.83, 6.91], [891.84, 0.12], [891.85, 4.35], [891.86, 7.24], [891.87, 6.74], [891.88, 0.03], [891.89, 4.79], [891.9, 5.52], [891.91, 10.28], [891.92, 3.67]], "timestamp": "2025-12-15T10:37:16.917024+00:00"}, {"symbol": "BNBUSDT", "bids": [[891.62, 19.57], [891.61, 7.95], [891.6, 8.11], [891.59, 8.14], [891.58, 9.36], [891.57, 6.8], [891.56, 0.23], [891.55, 0.23], [891.54, 5.06], [891.53, 1.69], [891.52, 2.13], [891.51, 0.21], [891.5, 7.74], [891.49, 2.24], [891.48, 1.49], [891.47, 2.11], [891.46, 2.49], [891.45, 3.34], [891.44, 15.66], [891.43, 7.48]], "asks": [[891.63, 21.16], [891.64, 0.05], [891.65, 2.45], [891.66, 3.2], [891.67, 8.7], [891.68, 4.32], [891.69, 7.28], [891.7, 1.12], [891.71, 2.12], [891.72, 3.69], [891.73, 0.58], [891.74, 3.61], [891.75, 3.7], [891.76, 15.97], [891.77, 1.55], [891.78, 3.54], [891.79, 11.87], [891.8, 18.62], [891.81, 4.58], [891.82, 3.26]], "timestamp": "2025-12-15T10:38:11.394525+00:00"}, {"symbol": "BNBUSDT", "bids": [[891.3, 42.9], [891.28, 0.11], [891.27, 0.03], [891.26, 1.76], [891.25, 8.9], [891.24, 3.14], [891.23, 2.11], [891.22, 0.45], [891.21, 3.85], [891.2, 0.81], [891.19, 1.72], [891.18, 2.95], [891.17, 3.81], [891.16, 9.41], [891.15, 1.57], [891.14, 3.83], [891.13, 9.59], [891.12, 15.02], [891.11, 7.62], [891.1, 0.08]], "asks": [[891.31, 5.23], [891.32, 5.41], [891.33, 0.02], [891.34, 2.6], [891.35, 0.04], [891.36, 1.38], [891.37, 4.12], [891.38, 10.94], [891.39, 8.97], [891.4, 6.1], [891.41, 2.9], [891.42, 12.59], [891.43, 2.28], [891.44, 12.28], [891.45, 9.04], [891.46, 20.63], [891.47, 0.04], [891.48, 0.02], [891.49, 3.73], [891.5, 0.61]], "timestamp": "2025-12-15T10:39:05.872573+00:00"}, {"symbol": "BNBUSDT", "bids": [[890.98, 3.75], [890.97, 0.15], [890.96, 0.01], [890.95, 3.59], [890.94, 0.03], [890.92, 0.28], [890.91, 1.28], [890.9, 0.01], [890.89, 0.02], [890.88, 2.15], [890.87, 0.21], [890.86, 0.25], [890.85, 0.25], [890.84, 12.24], [890.83, 3.55], [890.82, 0.58], [890.81, 4.4], [890.8, 2.82], [890.79, 0.59], [890.78, 3.95]], "asks": [[890.99, 47.73], [891.0, 70.32], [891.01, 21.21], [891.02, 22.12], [891.03, 9.65], [891.04, 17.09], [891.05, 6.58], [891.06, 0.12], [891.08, 2.87], [891.09, 3.92], [891.1, 18.37], [891.11, 0.11], [891.12, 15.23], [891.13, 7.98], [891.14, 10.12], [891.15, 14.13], [891.16, 22.25], [891.17, 16.79], [891.18, 2.31], [891.19, 10.41]], "timestamp": "2025-12-15T10:40:00.145254+00:00"}, {"symbol": "BNBUSDT", "bids": [[891.03, 10.55], [891.02, 0.02], [891.01, 1.8], [891.0, 2.26], [890.99, 0.84], [890.98, 8.79], [890.97, 0.29], [890.96, 0.89], [890.95, 2.61], [890.94, 1.7], [890.93, 2.26], [890.92, 4.94], [890.91, 2.79], [890.9, 2.26], [890.89, 0.47], [890.88, 12.36], [890.87, 0.32], [890.86, 5.43], [890.85, 3.02], [890.84, 0.06]], "asks": [[891.04, 19.72], [891.05, 6.09], [891.06, 5.92], [891.08, 36.73], [891.09, 16.46], [891.1, 11.26], [891.11, 19.3], [891.12, 59.5], [891.13, 224.18], [891.14, 0.04], [891.15, 0.91], [891.16, 5.18], [891.17, 0.02], [891.18, 5.77], [891.19, 0.28], [891.2, 9.63], [891.21, 0.04], [891.22, 3.83], [891.23, 2.67], [891.24, 3.81]], "timestamp": "2025-12-15T10:40:53.802908+00:00"}