[{"id": "787223029", "price": 858.8, "amount": 4.8, "side": "sell", "timestamp": 1765842113095}, {"id": "787223030", "price": 858.74, "amount": 0.41, "side": "sell", "timestamp": 1765842113365}, {"id": "787223031", "price": 858.72, "amount": 0.01, "side": "sell", "timestamp": 1765842113365}, {"id": "787223032", "price": 858.71, "amount": 0.1, "side": "sell", "timestamp": 1765842113365}, {"id": "787223033", "price": 858.71, "amount": 7.04, "side": "buy", "timestamp": 1765842113779}, {"id": "787223034", "price": 858.71, "amount": 0.19, "side": "buy", "timestamp": 1765842113895}, {"id": "787223035", "price": 858.7, "amount": 0.09, "side": "sell", "timestamp": 1765842114067}, {"id": "787223036", "price": 858.71, "amount": 0.01, "side": "buy", "timestamp": 1765842114153}, {"id": "787223037", "price": 858.71, "amount": 11.41, "side": "buy", "timestamp": 1765842114345}, {"id": "787223038", "price": 858.7, "amount": 2.73, "side": "sell", "timestamp": 1765842115665}, {"id": "787223039", "price": 858.69, "amount": 0.03, "side": "sell", "timestamp": 1765842115721}, {"id": "787223040", "price": 858.66, "amount": 0.03, "side": "sell", "timestamp": 1765842115851}, {"id": "787223041", "price": 858.65, "amount": 0.62, "side": "sell", "timestamp": 1765842115851}, {"id": "787223042", "price": 858.64, "amount": 0.03, "side": "sell", "timestamp": 1765842115851}, {"id": "787223043", "price": 858.63, "amount": 0.01, "side": "sell", "timestamp": 1765842115851}, {"id": "787223044", "price": 858.62, "amount": 0.05, "side": "sell", "timestamp": 1765842115851}, {"id": "787223045", "price": 858.6, "amount": 0.05, "side": "sell", "timestamp": 1765842115851}, {"id": "787223046", "price": 858.59, "amount": 0.64, "side": "sell", "timestamp": 1765842116895}, {"id": "787223047", "price": 858.59, "amount": 0.06, "side": "sell", "timestamp": 1765842117158}, {"id": "787223048", "price": 858.59, "amount": 0.01, "side": "sell", "timestamp": 1765842119636}, {"id": "787223049", "price": 858.6, "amount": 2.26, "side": "buy", "timestamp": 1765842119958}, {"id": "787223050", "price": 858.6, "amount": 0.01, "side": "buy", "timestamp": 1765842121128}, {"id": "787223051", "price": 858.59, "amount": 0.04, "side": "sell", "timestamp": 1765842121183}, {"id": "787223052", "price": 858.6, "amount": 0.09, "side": "buy", "timestamp": 1765842123434}, {"id": "787223053", "price": 858.59, "amount": 0.01, "side": "sell", "timestamp": 1765842123954}, {"id": "787223054", "price": 858.6, "amount": 0.11, "side": "buy", "timestamp": 1765842124150}, {"id": "787223055", "price": 858.6, "amount": 0.03, "side": "buy", "timestamp": 1765842124288}, {"id": "787223056", "price": 858.6, "amount": 0.03, "side": "buy", "timestamp": 1765842124409}, {"id": "787223057", "price": 858.59, "amount": 0.58, "side": "sell", "timestamp": 1765842124773}, {"id": "787223058", "price": 858.6, "amount": 0.02, "side": "buy", "timestamp": 1765842124944}, {"id": "787223059", "price": 858.6, "amount": 1.97, "side": "buy", "timestamp": 1765842125234}, {"id": "787223060", "price": 858.6, "amount": 0.07, "side": "buy", "timestamp": 1765842125411}, {"id": "787223061", "price": 858.59, "amount": 0.49, "side": "sell", "timestamp": 1765842125843}, {"id": "787223062", "price": 858.6, "amount": 0.05, "side": "buy", "timestamp": 1765842125885}, {"id": "787223063", "price": 858.6, "amount": 10.41, "side": "buy", "timestamp": 1765842126355}, {"id": "787223064", "price": 858.59, "amount": 11.64, "side": "sell", "timestamp": 1765842126378}, {"id": "787223065", "price": 858.59, "amount": 0.1, "side": "sell", "timestamp": 1765842126488}, {"id": "787223066", "price": 858.6, "amount": 0.46, "side": "buy", "timestamp": 1765842127312}, {"id": "787223067", "price": 858.59, "amount": 1.49, "side": "sell", "timestamp": 1765842127880}, {"id": "787223068", "price": 858.6, "amount": 0.02, "side": "buy", "timestamp": 1765842128206}, {"id": "787223069", "price": 858.59, "amount": 0.06, "side": "sell", "timestamp": 1765842128335}, {"id": "787223070", "price": 858.59, "amount": 0.16, "side": "sell", "timestamp": 1765842128799}, {"id": "787223071", "price": 858.6, "amount": 0.01, "side": "buy", "timestamp": 1765842130121}, {"id": "787223072", "price": 858.6, "amount": 0.15, "side": "buy", "timestamp": 1765842130420}, {"id": "787223073", "price": 858.59, "amount": 0.01, "side": "sell", "timestamp": 1765842130817}, {"id": "787223074", "price": 858.6, "amount": 0.05, "side": "buy", "timestamp": 1765842131088}, {"id": "787223075", "price": 858.59, "amount": 0.28, "side": "sell", "timestamp": 1765842131143}, {"id": "787223076", "price": 858.6, "amount": 1.16, "side": "buy", "timestamp": 1765842131158}, {"id": "787223077", "price": 858.6, "amount": 0.01, "side": "buy", "timestamp": 1765842131311}, {"id": "787223078", "price": 858.6, "amount": 0.04, "side": "buy", "timestamp": 1765842133236}, {"id": "787223247", "price": 858.04, "amount": 0.07, "side": "sell", "timestamp": 1765842173260}, {"id": "787223248", "price": 858.04, "amount": 0.2, "side": "sell", "timestamp": 1765842174024}, {"id": "787223249", "price": 858.04, "amount": 0.64, "side": "sell", "timestamp": 1765842174174}, {"id": "787223250", "price": 858.05, "amount": 0.14, "side": "buy", "timestamp": 1765842174347}, {"id": "787223251", "price": 858.05, "amount": 0.13, "side": "buy", "timestamp": 1765842174911}, {"id": "787223252", "price": 858.04, "amount": 0.09, "side": "sell", "timestamp": 1765842175153}, {"id": "787223253", "price": 858.04, "amount": 0.18, "side": "sell", "timestamp": 1765842175547}, {"id": "787223254", "price": 858.03, "amount": 0.66, "side": "sell", "timestamp": 1765842175777}, {"id": "787223255", "price": 858.02, "amount": 0.01, "side": "sell", "timestamp": 1765842175777}, {"id": "787223256", "price": 858.0, "amount": 0.21, "side": "sell", "timestamp": 1765842176160}, {"id": "787223257", "price": 858.0, "amount": 0.34, "side": "sell", "timestamp": 1765842177255}, {"id": "787223258", "price": 858.0, "amount": 3.0, "side": "sell", "timestamp": 1765842177709}, {"id": "787223259", "price": 858.0, "amount": 0.14, "side": "sell", "timestamp": 1765842178126}, {"id": "787223260", "price": 858.01, "amount": 0.12, "side": "buy", "timestamp": 1765842178130}, {"id": "787223261", "price": 858.01, "amount": 0.01, "side": "buy", "timestamp": 1765842178860}, {"id": "787223262", "price": 858.01, "amount": 0.65, "side": "buy", "timestamp": 1765842179402}, {"id": "787223263", "price": 858.01, "amount": 0.17, "side": "buy", "timestamp": 1765842181619}, {"id": "787223264", "price": 858.01, "amount": 0.03, "side": "buy", "timestamp": 1765842181933}, {"id": "787223265", "price": 858.0, "amount": 2.66, "side": "sell", "timestamp": 1765842182327}, {"id": "787223266", "price": 857.99, "amount": 0.02, "side": "sell", "timestamp": 1765842182333}, {"id": "787223267", "price": 857.98, "amount": 2.5, "side": "sell", "timestamp": 1765842182333}, {"id": "787223268", "price": 857.97, "amount": 0.02, "side": "sell", "timestamp": 1765842182333}, {"id": "787223269", "price": 857.96, "amount": 0.02, "side": "sell", "timestamp": 1765842182345}, {"id": "787223270", "price": 857.96, "amount": 0.01, "side": "buy", "timestamp": 1765842182741}, {"id": "787223271", "price": 857.96, "amount": 0.27, "side": "buy", "timestamp": 1765842183142}, {"id": "787223272", "price": 857.96, "amount": 5.94, "side": "buy", "timestamp": 1765842183475}, {"id": "787223273", "price": 857.97, "amount": 0.01, "side": "buy", "timestamp": 1765842183475}, {"id": "787223274", "price": 857.98, "amount": 0.01, "side": "buy", "timestamp": 1765842183475}, {"id": "787223275", "price": 857.99, "amount": 0.01, "side": "buy", "timestamp": 1765842183475}, {"id": "787223276", "price": 858.0, "amount": 1.43, "side": "buy", "timestamp": 1765842183475}, {"id": "787223277", "price": 858.01, "amount": 0.1, "side": "buy", "timestamp": 1765842183604}, {"id": "787223278", "price": 858.01, "amount": 0.02, "side": "buy", "timestamp": 1765842184302}, {"id": "787223279", "price": 858.01, "amount": 0.01, "side": "buy", "timestamp": 1765842184417}, {"id": "787223280", "price": 858.01, "amount": 0.87, "side": "buy", "timestamp": 1765842184761}, {"id": "787223281", "price": 858.01, "amount": 0.04, "side": "buy", "timestamp": 1765842184889}, {"id": "787223282", "price": 858.01, "amount": 0.06, "side": "buy", "timestamp": 1765842185327}, {"id": "787223283", "price": 858.01, "amount": 0.03, "side": "buy", "timestamp": 1765842185432}, {"id": "787223284", "price": 858.0, "amount": 0.02, "side": "sell", "timestamp": 1765842186942}, {"id": "787223285", "price": 858.01, "amount": 0.01, "side": "buy", "timestamp": 1765842186963}, {"id": "787223286", "price": 858.01, "amount": 0.03, "side": "buy", "timestamp": 1765842187070}, {"id": "787223287", "price": 858.01, "amount": 1.0, "side": "buy", "timestamp": 1765842187861}, {"id": "787223288", "price": 858.01, "amount": 1.46, "side": "buy", "timestamp": 1765842188246}, {"id": "787223289", "price": 858.02, "amount": 0.03, "side": "buy", "timestamp": 1765842188251}, {"id": "787223290", "price": 858.04, "amount": 0.57, "side": "buy", "timestamp": 1765842188251}, {"id": "787223291", "price": 858.05, "amount": 0.84, "side": "buy", "timestamp": 1765842188276}, {"id": "787223292", "price": 858.1, "amount": 0.04, "side": "buy", "timestamp": 1765842188285}, {"id": "787223293", "price": 858.12, "amount": 0.14, "side": "buy", "timestamp": 1765842188341}, {"id": "787223294", "price": 858.13, "amount": 0.03, "side": "buy", "timestamp": 1765842188341}, {"id": "787223295", "price": 858.14, "amount": 0.03, "side": "buy", "timestamp": 1765842188341}, {"id": "787223296", "price": 858.14, "amount": 0.02, "side": "sell", "timestamp": 1765842188755}, {"id": "787223417", "price": 858.18, "amount": 0.01, "side": "sell", "timestamp": 1765842228557}, {"id": "787223418", "price": 858.16, "amount": 6.05, "side": "sell", "timestamp": 1765842228557}, {"id": "787223419", "price": 858.15, "amount": 5.44, "side": "sell", "timestamp": 1765842228557}, {"id": "787223420", "price": 858.16, "amount": 0.47, "side": "buy", "timestamp": 1765842229602}, {"id": "787223421", "price": 858.16, "amount": 0.09, "side": "buy", "timestamp": 1765842229811}, {"id": "787223422", "price": 858.17, "amount": 0.02, "side": "buy", "timestamp": 1765842229811}, {"id": "787223423", "price": 858.17, "amount": 0.27, "side": "sell", "timestamp": 1765842230369}, {"id": "787223424", "price": 858.17, "amount": 4.55, "side": "sell", "timestamp": 1765842230490}, {"id": "787223425", "price": 858.18, "amount": 0.09, "side": "buy", "timestamp": 1765842230750}, {"id": "787223426", "price": 858.18, "amount": 19.8, "side": "buy", "timestamp": 1765842231092}, {"id": "787223427", "price": 858.19, "amount": 0.01, "side": "buy", "timestamp": 1765842231092}, {"id": "787223428", "price": 858.2, "amount": 0.01, "side": "buy", "timestamp": 1765842231092}, {"id": "787223429", "price": 858.22, "amount": 3.47, "side": "buy", "timestamp": 1765842231092}, {"id": "787223430", "price": 858.22, "amount": 0.01, "side": "buy", "timestamp": 1765842231530}, {"id": "787223431", "price": 858.22, "amount": 0.2, "side": "buy", "timestamp": 1765842232656}, {"id": "787223432", "price": 858.22, "amount": 0.02, "side": "buy", "timestamp": 1765842233101}, {"id": "787223433", "price": 858.22, "amount": 0.25, "side": "buy", "timestamp": 1765842233383}, {"id": "787223434", "price": 858.22, "amount": 0.02, "side": "buy", "timestamp": 1765842233618}, {"id": "787223435", "price": 858.21, "amount": 0.08, "side": "sell", "timestamp": 1765842234064}, {"id": "787223436", "price": 858.21, "amount": 0.05, "side": "sell", "timestamp": 1765842234222}, {"id": "787223437", "price": 858.22, "amount": 0.2, "side": "buy", "timestamp": 1765842234255}, {"id": "787223438", "price": 858.21, "amount": 0.24, "side": "sell", "timestamp": 1765842234666}, {"id": "787223439", "price": 858.21, "amount": 0.09, "side": "sell", "timestamp": 1765842235936}, {"id": "787223440", "price": 858.22, "amount": 2.21, "side": "buy", "timestamp": 1765842236012}, {"id": "787223441", "price": 858.23, "amount": 0.02, "side": "buy", "timestamp": 1765842236012}, {"id": "787223442", "price": 858.24, "amount": 0.85, "side": "buy", "timestamp": 1765842236012}, {"id": "787223443", "price": 858.25, "amount": 0.03, "side": "buy", "timestamp": 1765842236012}, {"id": "787223444", "price": 858.26, "amount": 0.13, "side": "buy", "timestamp": 1765842236012}, {"id": "787223445", "price": 858.27, "amount": 0.05, "side": "buy", "timestamp": 1765842236012}, {"id": "787223446", "price": 858.28, "amount": 2.08, "side": "buy", "timestamp": 1765842236012}, {"id": "787223447", "price": 858.29, "amount": 0.28, "side": "buy", "timestamp": 1765842236012}, {"id": "787223448", "price": 858.3, "amount": 0.13, "side": "buy", "timestamp": 1765842236012}, {"id": "787223449", "price": 858.31, "amount": 0.27, "side": "buy", "timestamp": 1765842236012}, {"id": "787223450", "price": 858.32, "amount": 0.1, "side": "buy", "timestamp": 1765842236012}, {"id": "787223451", "price": 858.33, "amount": 12.17, "side": "buy", "timestamp": 1765842236012}, {"id": "787223452", "price": 858.34, "amount": 4.98, "side": "buy", "timestamp": 1765842236012}, {"id": "787223453", "price": 858.32, "amount": 0.03, "side": "sell", "timestamp": 1765842236214}, {"id": "787223454", "price": 858.33, "amount": 0.01, "side": "buy", "timestamp": 1765842236752}, {"id": "787223455", "price": 858.32, "amount": 0.19, "side": "sell", "timestamp": 1765842237373}, {"id": "787223456", "price": 858.33, "amount": 0.03, "side": "buy", "timestamp": 1765842237539}, {"id": "787223457", "price": 858.33, "amount": 0.02, "side": "buy", "timestamp": 1765842237679}, {"id": "787223458", "price": 858.33, "amount": 0.01, "side": "buy", "timestamp": 1765842240946}, {"id": "787223459", "price": 858.32, "amount": 0.06, "side": "sell", "timestamp": 1765842241056}, {"id": "787223460", "price": 858.32, "amount": 0.02, "side": "sell", "timestamp": 1765842241284}, {"id": "787223461", "price": 858.33, "amount": 5.81, "side": "buy", "timestamp": 1765842241538}, {"id": "787223462", "price": 858.33, "amount": 0.02, "side": "buy", "timestamp": 1765842242403}, {"id": "787223463", "price": 858.33, "amount": 0.65, "side": "buy", "timestamp": 1765842242549}, {"id": "787223464", "price": 858.33, "amount": 0.03, "side": "buy", "timestamp": 1765842242669}, {"id": "787223465", "price": 858.32, "amount": 4.5, "side": "sell", "timestamp": 1765842242892}, {"id": "787223466", "price": 858.32, "amount": 5.0, "side": "sell", "timestamp": 1765842243226}, {"id": "787223516", "price": 858.33, "amount": 0.01, "side": "buy", "timestamp": 1765842273535}, {"id": "787223517", "price": 858.32, "amount": 0.97, "side": "sell", "timestamp": 1765842273624}, {"id": "787223518", "price": 858.33, "amount": 0.01, "side": "buy", "timestamp": 1765842273835}, {"id": "787223519", "price": 858.33, "amount": 0.21, "side": "buy", "timestamp": 1765842273954}, {"id": "787223520", "price": 858.33, "amount": 0.43, "side": "buy", "timestamp": 1765842274955}, {"id": "787223521", "price": 858.33, "amount": 0.32, "side": "buy", "timestamp": 1765842276860}, {"id": "787223522", "price": 858.32, "amount": 0.07, "side": "sell", "timestamp": 1765842277225}, {"id": "787223523", "price": 858.32, "amount": 6.46, "side": "sell", "timestamp": 1765842277892}, {"id": "787223524", "price": 858.32, "amount": 21.66, "side": "sell", "timestamp": 1765842278068}, {"id": "787223525", "price": 858.31, "amount": 1.77, "side": "sell", "timestamp": 1765842278075}, {"id": "787223526", "price": 858.27, "amount": 0.16, "side": "sell", "timestamp": 1765842278078}, {"id": "787223527", "price": 858.25, "amount": 0.2, "side": "buy", "timestamp": 1765842278734}, {"id": "787223528", "price": 858.24, "amount": 2.06, "side": "sell", "timestamp": 1765842278928}, {"id": "787223529", "price": 858.24, "amount": 0.19, "side": "buy", "timestamp": 1765842279892}, {"id": "787223530", "price": 858.24, "amount": 0.93, "side": "buy", "timestamp": 1765842279996}, {"id": "787223531", "price": 858.24, "amount": 0.21, "side": "buy", "timestamp": 1765842280208}, {"id": "787223532", "price": 858.23, "amount": 0.56, "side": "sell", "timestamp": 1765842280742}, {"id": "787223533", "price": 858.23, "amount": 0.01, "side": "sell", "timestamp": 1765842281622}, {"id": "787223534", "price": 858.24, "amount": 0.8, "side": "buy", "timestamp": 1765842282179}, {"id": "787223535", "price": 858.23, "amount": 0.08, "side": "sell", "timestamp": 1765842282188}, {"id": "787223536", "price": 858.24, "amount": 0.04, "side": "buy", "timestamp": 1765842283771}, {"id": "787223537", "price": 858.24, "amount": 0.43, "side": "buy", "timestamp": 1765842285444}, {"id": "787223538", "price": 858.23, "amount": 0.65, "side": "sell", "timestamp": 1765842285619}, {"id": "787223539", "price": 858.23, "amount": 0.14, "side": "sell", "timestamp": 1765842286208}, {"id": "787223540", "price": 858.23, "amount": 0.01, "side": "sell", "timestamp": 1765842287885}, {"id": "787223541", "price": 858.23, "amount": 0.07, "side": "sell", "timestamp": 1765842289123}, {"id": "787223542", "price": 858.24, "amount": 0.03, "side": "buy", "timestamp": 1765842289273}, {"id": "787223543", "price": 858.24, "amount": 0.04, "side": "buy", "timestamp": 1765842289767}, {"id": "787223544", "price": 858.24, "amount": 0.02, "side": "buy", "timestamp": 1765842289954}, {"id": "787223545", "price": 858.23, "amount": 0.01, "side": "sell", "timestamp": 1765842290558}, {"id": "787223546", "price": 858.24, "amount": 0.11, "side": "buy", "timestamp": 1765842290702}, {"id": "787223547", "price": 858.24, "amount": 0.49, "side": "buy", "timestamp": 1765842291131}, {"id": "787223548", "price": 858.24, "amount": 0.48, "side": "buy", "timestamp": 1765842291929}, {"id": "787223549", "price": 858.23, "amount": 0.08, "side": "sell", "timestamp": 1765842292198}, {"id": "787223550", "price": 858.24, "amount": 29.58, "side": "buy", "timestamp": 1765842292802}, {"id": "787223551", "price": 858.25, "amount": 0.47, "side": "buy", "timestamp": 1765842292827}, {"id": "787223552", "price": 858.26, "amount": 0.02, "side": "buy", "timestamp": 1765842292842}, {"id": "787223553", "price": 858.28, "amount": 0.02, "side": "buy", "timestamp": 1765842292848}, {"id": "787223554", "price": 858.29, "amount": 0.02, "side": "buy", "timestamp": 1765842292848}, {"id": "787223555", "price": 858.3, "amount": 0.01, "side": "buy", "timestamp": 1765842292862}, {"id": "787223556", "price": 858.31, "amount": 2.2, "side": "sell", "timestamp": 1765842293762}, {"id": "787223557", "price": 858.32, "amount": 0.1, "side": "buy", "timestamp": 1765842293830}, {"id": "787223558", "price": 858.31, "amount": 0.89, "side": "sell", "timestamp": 1765842294199}, {"id": "787223559", "price": 858.32, "amount": 0.06, "side": "buy", "timestamp": 1765842294221}, {"id": "787223560", "price": 858.32, "amount": 0.01, "side": "buy", "timestamp": 1765842295668}, {"id": "787223561", "price": 858.32, "amount": 0.02, "side": "buy", "timestamp": 1765842296176}, {"id": "787223562", "price": 858.31, "amount": 0.08, "side": "sell", "timestamp": 1765842296226}, {"id": "787223563", "price": 858.31, "amount": 0.33, "side": "sell", "timestamp": 1765842297098}, {"id": "787223564", "price": 858.31, "amount": 0.05, "side": "sell", "timestamp": 1765842297926}, {"id": "787223565", "price": 858.31, "amount": 0.17, "side": "sell", "timestamp": 1765842298205}, {"id": "787223745", "price": 858.55, "amount": 1.85, "side": "buy", "timestamp": 1765842333851}, {"id": "787223746", "price": 858.53, "amount": 0.33, "side": "buy", "timestamp": 1765842333965}, {"id": "787223747", "price": 858.52, "amount": 0.65, "side": "sell", "timestamp": 1765842334062}, {"id": "787223748", "price": 858.51, "amount": 0.09, "side": "sell", "timestamp": 1765842334062}, {"id": "787223749", "price": 858.5, "amount": 0.01, "side": "sell", "timestamp": 1765842334062}, {"id": "787223750", "price": 858.49, "amount": 0.02, "side": "sell", "timestamp": 1765842334062}, {"id": "787223751", "price": 858.49, "amount": 0.07, "side": "buy", "timestamp": 1765842334603}, {"id": "787223752", "price": 858.49, "amount": 0.01, "side": "buy", "timestamp": 1765842334777}, {"id": "787223753", "price": 858.48, "amount": 0.07, "side": "sell", "timestamp": 1765842335056}, {"id": "787223754", "price": 858.48, "amount": 0.01, "side": "sell", "timestamp": 1765842335673}, {"id": "787223755", "price": 858.49, "amount": 1.62, "side": "buy", "timestamp": 1765842337493}, {"id": "787223756", "price": 858.48, "amount": 12.2, "side": "sell", "timestamp": 1765842337892}, {"id": "787223757", "price": 858.47, "amount": 0.06, "side": "sell", "timestamp": 1765842338287}, {"id": "787223758", "price": 858.48, "amount": 0.03, "side": "buy", "timestamp": 1765842338306}, {"id": "787223759", "price": 858.47, "amount": 0.01, "side": "sell", "timestamp": 1765842338359}, {"id": "787223760", "price": 858.48, "amount": 0.33, "side": "buy", "timestamp": 1765842339067}, {"id": "787223761", "price": 858.48, "amount": 0.34, "side": "buy", "timestamp": 1765842339309}, {"id": "787223762", "price": 858.48, "amount": 0.77, "side": "buy", "timestamp": 1765842339795}, {"id": "787223763", "price": 858.48, "amount": 2.0, "side": "buy", "timestamp": 1765842339927}, {"id": "787223764", "price": 858.47, "amount": 0.11, "side": "sell", "timestamp": 1765842340442}, {"id": "787223765", "price": 858.47, "amount": 2.91, "side": "sell", "timestamp": 1765842341983}, {"id": "787223766", "price": 858.48, "amount": 0.01, "side": "buy", "timestamp": 1765842342052}, {"id": "787223767", "price": 858.48, "amount": 3.78, "side": "buy", "timestamp": 1765842342687}, {"id": "787223768", "price": 858.47, "amount": 0.18, "side": "sell", "timestamp": 1765842343578}, {"id": "787223769", "price": 858.48, "amount": 0.44, "side": "buy", "timestamp": 1765842343632}, {"id": "787223770", "price": 858.48, "amount": 0.57, "side": "buy", "timestamp": 1765842344334}, {"id": "787223771", "price": 858.48, "amount": 0.02, "side": "buy", "timestamp": 1765842345250}, {"id": "787223772", "price": 858.48, "amount": 0.23, "side": "buy", "timestamp": 1765842345761}, {"id": "787223773", "price": 858.47, "amount": 0.07, "side": "sell", "timestamp": 1765842346299}, {"id": "787223774", "price": 858.48, "amount": 0.27, "side": "buy", "timestamp": 1765842347342}, {"id": "787223775", "price": 858.47, "amount": 0.7, "side": "sell", "timestamp": 1765842347360}, {"id": "787223776", "price": 858.48, "amount": 0.47, "side": "buy", "timestamp": 1765842348195}, {"id": "787223777", "price": 858.47, "amount": 0.07, "side": "sell", "timestamp": 1765842348271}, {"id": "787223778", "price": 858.48, "amount": 0.04, "side": "buy", "timestamp": 1765842348455}, {"id": "787223779", "price": 858.48, "amount": 0.33, "side": "buy", "timestamp": 1765842349571}, {"id": "787223780", "price": 858.47, "amount": 0.06, "side": "sell", "timestamp": 1765842350121}, {"id": "787223781", "price": 858.47, "amount": 0.08, "side": "sell", "timestamp": 1765842351248}, {"id": "787223782", "price": 858.47, "amount": 0.06, "side": "sell", "timestamp": 1765842351365}, {"id": "787223783", "price": 858.48, "amount": 0.04, "side": "buy", "timestamp": 1765842351850}, {"id": "787223784", "price": 858.47, "amount": 0.02, "side": "sell", "timestamp": 1765842351921}, {"id": "787223785", "price": 858.48, "amount": 0.63, "side": "buy", "timestamp": 1765842352493}, {"id": "787223786", "price": 858.48, "amount": 0.01, "side": "buy", "timestamp": 1765842353153}, {"id": "787223787", "price": 858.48, "amount": 0.41, "side": "buy", "timestamp": 1765842353617}, {"id": "787223788", "price": 858.47, "amount": 0.1, "side": "sell", "timestamp": 1765842353999}, {"id": "787223789", "price": 858.47, "amount": 0.07, "side": "sell", "timestamp": 1765842354220}, {"id": "787223790", "price": 858.47, "amount": 24.95, "side": "sell", "timestamp": 1765842354689}, {"id": "787223791", "price": 858.46, "amount": 0.03, "side": "sell", "timestamp": 1765842354712}, {"id": "787223792", "price": 858.45, "amount": 0.02, "side": "sell", "timestamp": 1765842354722}, {"id": "787223793", "price": 858.44, "amount": 0.03, "side": "sell", "timestamp": 1765842354722}, {"id": "787223794", "price": 858.44, "amount": 0.33, "side": "buy", "timestamp": 1765842355119}, {"id": "787223960", "price": 858.95, "amount": 0.17, "side": "sell", "timestamp": 1765842402677}, {"id": "787223961", "price": 858.96, "amount": 1.0, "side": "buy", "timestamp": 1765842402970}, {"id": "787223962", "price": 858.96, "amount": 0.01, "side": "buy", "timestamp": 1765842403376}, {"id": "787223963", "price": 858.95, "amount": 8.53, "side": "sell", "timestamp": 1765842403820}, {"id": "787223964", "price": 858.94, "amount": 0.02, "side": "sell", "timestamp": 1765842403826}, {"id": "787223965", "price": 858.93, "amount": 1.87, "side": "sell", "timestamp": 1765842403826}, {"id": "787223966", "price": 858.92, "amount": 0.02, "side": "sell", "timestamp": 1765842403827}, {"id": "787223967", "price": 858.9, "amount": 0.03, "side": "sell", "timestamp": 1765842403827}, {"id": "787223968", "price": 858.89, "amount": 0.02, "side": "sell", "timestamp": 1765842403834}, {"id": "787223969", "price": 858.88, "amount": 0.29, "side": "sell", "timestamp": 1765842403834}, {"id": "787223970", "price": 858.87, "amount": 1.78, "side": "sell", "timestamp": 1765842403838}, {"id": "787223971", "price": 858.88, "amount": 0.01, "side": "buy", "timestamp": 1765842403842}, {"id": "787223972", "price": 858.87, "amount": 0.07, "side": "sell", "timestamp": 1765842403865}, {"id": "787223973", "price": 858.86, "amount": 0.15, "side": "sell", "timestamp": 1765842403906}, {"id": "787223974", "price": 858.85, "amount": 0.02, "side": "sell", "timestamp": 1765842403915}, {"id": "787223975", "price": 858.84, "amount": 0.03, "side": "sell", "timestamp": 1765842403915}, {"id": "787223976", "price": 858.83, "amount": 0.01, "side": "sell", "timestamp": 1765842403915}, {"id": "787223977", "price": 858.83, "amount": 0.01, "side": "buy", "timestamp": 1765842404238}, {"id": "787223978", "price": 858.82, "amount": 0.66, "side": "sell", "timestamp": 1765842404529}, {"id": "787223979", "price": 858.81, "amount": 0.01, "side": "sell", "timestamp": 1765842404531}, {"id": "787223980", "price": 858.8, "amount": 0.01, "side": "sell", "timestamp": 1765842404531}, {"id": "787223981", "price": 858.79, "amount": 1.05, "side": "sell", "timestamp": 1765842404591}, {"id": "787223982", "price": 858.78, "amount": 0.02, "side": "sell", "timestamp": 1765842404593}, {"id": "787223983", "price": 858.76, "amount": 0.02, "side": "sell", "timestamp": 1765842404594}, {"id": "787223984", "price": 858.75, "amount": 0.01, "side": "sell", "timestamp": 1765842404608}, {"id": "787223985", "price": 858.74, "amount": 0.01, "side": "sell", "timestamp": 1765842404608}, {"id": "787223986", "price": 858.73, "amount": 0.02, "side": "sell", "timestamp": 1765842404608}, {"id": "787223987", "price": 858.72, "amount": 0.06, "side": "sell", "timestamp": 1765842405119}, {"id": "787223988", "price": 858.72, "amount": 0.87, "side": "sell", "timestamp": 1765842405283}, {"id": "787223989", "price": 858.7, "amount": 0.02, "side": "buy", "timestamp": 1765842405614}, {"id": "787223990", "price": 858.7, "amount": 0.01, "side": "buy", "timestamp": 1765842405762}, {"id": "787223991", "price": 858.7, "amount": 0.02, "side": "buy", "timestamp": 1765842406390}, {"id": "787223992", "price": 858.69, "amount": 0.02, "side": "sell", "timestamp": 1765842406819}, {"id": "787223993", "price": 858.69, "amount": 2.47, "side": "sell", "timestamp": 1765842407219}, {"id": "787223994", "price": 858.68, "amount": 0.39, "side": "sell", "timestamp": 1765842407219}, {"id": "787223995", "price": 858.66, "amount": 0.01, "side": "sell", "timestamp": 1765842407221}, {"id": "787223996", "price": 858.65, "amount": 0.02, "side": "sell", "timestamp": 1765842407221}, {"id": "787223997", "price": 858.64, "amount": 0.01, "side": "sell", "timestamp": 1765842407221}, {"id": "787223998", "price": 858.63, "amount": 0.01, "side": "sell", "timestamp": 1765842407221}, {"id": "787223999", "price": 858.61, "amount": 0.01, "side": "sell", "timestamp": 1765842407626}, {"id": "787224000", "price": 858.62, "amount": 0.74, "side": "buy", "timestamp": 1765842407955}, {"id": "787224001", "price": 858.62, "amount": 1.32, "side": "buy", "timestamp": 1765842408154}, {"id": "787224002", "price": 858.62, "amount": 0.01, "side": "buy", "timestamp": 1765842408376}, {"id": "787224003", "price": 858.61, "amount": 0.01, "side": "sell", "timestamp": 1765842408776}, {"id": "787224004", "price": 858.62, "amount": 0.01, "side": "buy", "timestamp": 1765842409453}, {"id": "787224005", "price": 858.61, "amount": 0.01, "side": "sell", "timestamp": 1765842410469}, {"id": "787224006", "price": 858.62, "amount": 0.02, "side": "buy", "timestamp": 1765842410610}, {"id": "787224007", "price": 858.62, "amount": 0.01, "side": "buy", "timestamp": 1765842410774}, {"id": "787224008", "price": 858.61, "amount": 0.06, "side": "sell", "timestamp": 1765842410784}, {"id": "787224009", "price": 858.62, "amount": 8.0, "side": "buy", "timestamp": 1765842410811}, {"id": "787224165", "price": 858.69, "amount": 0.03, "side": "sell", "timestamp": 1765842446112}, {"id": "787224166", "price": 858.7, "amount": 0.18, "side": "buy", "timestamp": 1765842447197}, {"id": "787224167", "price": 858.7, "amount": 1.91, "side": "buy", "timestamp": 1765842447810}, {"id": "787224168", "price": 858.69, "amount": 0.86, "side": "sell", "timestamp": 1765842448322}, {"id": "787224169", "price": 858.69, "amount": 0.08, "side": "sell", "timestamp": 1765842449186}, {"id": "787224170", "price": 858.7, "amount": 0.3, "side": "buy", "timestamp": 1765842449366}, {"id": "787224171", "price": 858.69, "amount": 0.06, "side": "sell", "timestamp": 1765842449478}, {"id": "787224172", "price": 858.7, "amount": 0.27, "side": "buy", "timestamp": 1765842449497}, {"id": "787224173", "price": 858.69, "amount": 0.04, "side": "sell", "timestamp": 1765842450733}, {"id": "787224174", "price": 858.7, "amount": 0.02, "side": "buy", "timestamp": 1765842451363}, {"id": "787224175", "price": 858.7, "amount": 0.05, "side": "buy", "timestamp": 1765842452388}, {"id": "787224176", "price": 858.7, "amount": 0.19, "side": "buy", "timestamp": 1765842453182}, {"id": "787224177", "price": 858.7, "amount": 0.02, "side": "buy", "timestamp": 1765842453535}, {"id": "787224178", "price": 858.69, "amount": 0.08, "side": "sell", "timestamp": 1765842454115}, {"id": "787224179", "price": 858.69, "amount": 1.0, "side": "sell", "timestamp": 1765842454905}, {"id": "787224180", "price": 858.7, "amount": 0.94, "side": "buy", "timestamp": 1765842455102}, {"id": "787224181", "price": 858.75, "amount": 0.06, "side": "sell", "timestamp": 1765842455174}, {"id": "787224182", "price": 858.76, "amount": 0.06, "side": "buy", "timestamp": 1765842455439}, {"id": "787224183", "price": 858.76, "amount": 0.18, "side": "buy", "timestamp": 1765842456143}, {"id": "787224184", "price": 858.77, "amount": 0.02, "side": "buy", "timestamp": 1765842456146}, {"id": "787224185", "price": 858.78, "amount": 0.01, "side": "buy", "timestamp": 1765842456146}, {"id": "787224186", "price": 858.79, "amount": 0.02, "side": "buy", "timestamp": 1765842456146}, {"id": "787224187", "price": 858.8, "amount": 0.01, "side": "buy", "timestamp": 1765842456146}, {"id": "787224188", "price": 858.81, "amount": 0.03, "side": "buy", "timestamp": 1765842456146}, {"id": "787224189", "price": 858.82, "amount": 0.44, "side": "buy", "timestamp": 1765842456199}, {"id": "787224190", "price": 858.84, "amount": 0.01, "side": "buy", "timestamp": 1765842456202}, {"id": "787224191", "price": 858.85, "amount": 0.02, "side": "buy", "timestamp": 1765842456202}, {"id": "787224192", "price": 858.86, "amount": 0.02, "side": "buy", "timestamp": 1765842456202}, {"id": "787224193", "price": 858.87, "amount": 0.01, "side": "buy", "timestamp": 1765842456202}, {"id": "787224194", "price": 858.89, "amount": 0.02, "side": "buy", "timestamp": 1765842456419}, {"id": "787224195", "price": 858.88, "amount": 0.08, "side": "sell", "timestamp": 1765842457223}, {"id": "787224196", "price": 858.88, "amount": 0.48, "side": "sell", "timestamp": 1765842457634}, {"id": "787224197", "price": 858.89, "amount": 0.53, "side": "buy", "timestamp": 1765842457863}, {"id": "787224198", "price": 858.9, "amount": 0.16, "side": "buy", "timestamp": 1765842457863}, {"id": "787224199", "price": 858.92, "amount": 0.55, "side": "buy", "timestamp": 1765842458243}, {"id": "787224200", "price": 858.93, "amount": 0.03, "side": "buy", "timestamp": 1765842458245}, {"id": "787224201", "price": 858.96, "amount": 0.07, "side": "buy", "timestamp": 1765842458245}, {"id": "787224202", "price": 858.97, "amount": 0.02, "side": "buy", "timestamp": 1765842458245}, {"id": "787224203", "price": 858.98, "amount": 0.1, "side": "buy", "timestamp": 1765842459740}, {"id": "787224204", "price": 858.98, "amount": 0.02, "side": "buy", "timestamp": 1765842460079}, {"id": "787224205", "price": 858.98, "amount": 0.58, "side": "buy", "timestamp": 1765842460504}, {"id": "787224206", "price": 858.97, "amount": 0.19, "side": "sell", "timestamp": 1765842460990}, {"id": "787224207", "price": 858.98, "amount": 0.02, "side": "buy", "timestamp": 1765842462693}, {"id": "787224208", "price": 858.97, "amount": 6.19, "side": "sell", "timestamp": 1765842463019}, {"id": "787224209", "price": 858.96, "amount": 0.05, "side": "sell", "timestamp": 1765842463024}, {"id": "787224210", "price": 858.92, "amount": 0.02, "side": "sell", "timestamp": 1765842463024}, {"id": "787224211", "price": 858.92, "amount": 0.7, "side": "buy", "timestamp": 1765842463181}, {"id": "787224212", "price": 858.92, "amount": 0.02, "side": "buy", "timestamp": 1765842463528}, {"id": "787224213", "price": 858.91, "amount": 0.01, "side": "sell", "timestamp": 1765842464766}, {"id": "787224214", "price": 858.92, "amount": 3.92, "side": "buy", "timestamp": 1765842466809}, {"id": "787224316", "price": 858.75, "amount": 1.26, "side": "buy", "timestamp": 1765842500201}, {"id": "787224317", "price": 858.74, "amount": 0.07, "side": "sell", "timestamp": 1765842500283}, {"id": "787224318", "price": 858.74, "amount": 0.09, "side": "sell", "timestamp": 1765842501162}, {"id": "787224319", "price": 858.74, "amount": 0.08, "side": "sell", "timestamp": 1765842501942}, {"id": "787224320", "price": 858.74, "amount": 0.07, "side": "sell", "timestamp": 1765842504058}, {"id": "787224321", "price": 858.75, "amount": 0.04, "side": "buy", "timestamp": 1765842504810}, {"id": "787224322", "price": 858.74, "amount": 0.07, "side": "sell", "timestamp": 1765842506248}, {"id": "787224323", "price": 858.74, "amount": 0.06, "side": "sell", "timestamp": 1765842506391}, {"id": "787224324", "price": 858.75, "amount": 0.02, "side": "buy", "timestamp": 1765842506721}, {"id": "787224325", "price": 858.74, "amount": 0.5, "side": "sell", "timestamp": 1765842506966}, {"id": "787224326", "price": 858.75, "amount": 0.16, "side": "buy", "timestamp": 1765842507140}, {"id": "787224327", "price": 858.75, "amount": 0.01, "side": "buy", "timestamp": 1765842508934}, {"id": "787224328", "price": 858.74, "amount": 0.07, "side": "sell", "timestamp": 1765842509160}, {"id": "787224329", "price": 858.75, "amount": 0.19, "side": "buy", "timestamp": 1765842509858}, {"id": "787224330", "price": 858.75, "amount": 0.23, "side": "buy", "timestamp": 1765842509989}, {"id": "787224331", "price": 858.74, "amount": 0.33, "side": "sell", "timestamp": 1765842510663}, {"id": "787224332", "price": 858.75, "amount": 0.15, "side": "buy", "timestamp": 1765842510917}, {"id": "787224333", "price": 858.75, "amount": 0.03, "side": "buy", "timestamp": 1765842511110}, {"id": "787224334", "price": 858.74, "amount": 0.07, "side": "sell", "timestamp": 1765842512273}, {"id": "787224335", "price": 858.75, "amount": 3.0, "side": "buy", "timestamp": 1765842512723}, {"id": "787224336", "price": 858.74, "amount": 0.07, "side": "sell", "timestamp": 1765842514095}, {"id": "787224337", "price": 858.74, "amount": 0.03, "side": "sell", "timestamp": 1765842514479}, {"id": "787224338", "price": 858.75, "amount": 0.16, "side": "buy", "timestamp": 1765842514729}, {"id": "787224339", "price": 858.75, "amount": 0.02, "side": "buy", "timestamp": 1765842514881}, {"id": "787224340", "price": 858.74, "amount": 0.03, "side": "sell", "timestamp": 1765842514949}, {"id": "787224341", "price": 858.75, "amount": 0.23, "side": "buy", "timestamp": 1765842514957}, {"id": "787224342", "price": 858.74, "amount": 0.01, "side": "sell", "timestamp": 1765842515635}, {"id": "787224343", "price": 858.75, "amount": 0.03, "side": "buy", "timestamp": 1765842516182}, {"id": "787224344", "price": 858.75, "amount": 0.02, "side": "buy", "timestamp": 1765842516664}, {"id": "787224345", "price": 858.75, "amount": 0.01, "side": "buy", "timestamp": 1765842516791}, {"id": "787224346", "price": 858.74, "amount": 0.14, "side": "sell", "timestamp": 1765842517261}, {"id": "787224347", "price": 858.74, "amount": 0.27, "side": "sell", "timestamp": 1765842517517}, {"id": "787224348", "price": 858.74, "amount": 0.06, "side": "sell", "timestamp": 1765842518042}, {"id": "787224349", "price": 858.74, "amount": 0.2, "side": "sell", "timestamp": 1765842518250}, {"id": "787224350", "price": 858.74, "amount": 9.44, "side": "sell", "timestamp": 1765842518425}, {"id": "787224351", "price": 858.73, "amount": 0.05, "side": "sell", "timestamp": 1765842518428}, {"id": "787224352", "price": 858.72, "amount": 0.01, "side": "sell", "timestamp": 1765842518428}, {"id": "787224353", "price": 858.71, "amount": 0.31, "side": "sell", "timestamp": 1765842518428}, {"id": "787224354", "price": 858.7, "amount": 3.58, "side": "sell", "timestamp": 1765842518428}, {"id": "787224355", "price": 858.69, "amount": 0.02, "side": "sell", "timestamp": 1765842518428}, {"id": "787224356", "price": 858.67, "amount": 0.14, "side": "sell", "timestamp": 1765842518438}, {"id": "787224357", "price": 858.66, "amount": 0.01, "side": "sell", "timestamp": 1765842518447}, {"id": "787224358", "price": 858.65, "amount": 0.12, "side": "sell", "timestamp": 1765842518474}, {"id": "787224359", "price": 858.64, "amount": 0.04, "side": "sell", "timestamp": 1765842518474}, {"id": "787224360", "price": 858.63, "amount": 0.08, "side": "sell", "timestamp": 1765842518474}, {"id": "787224361", "price": 858.62, "amount": 0.02, "side": "sell", "timestamp": 1765842518474}, {"id": "787224362", "price": 858.61, "amount": 0.02, "side": "sell", "timestamp": 1765842518474}, {"id": "787224363", "price": 858.6, "amount": 0.01, "side": "sell", "timestamp": 1765842518825}, {"id": "787224364", "price": 858.6, "amount": 0.07, "side": "sell", "timestamp": 1765842520222}, {"id": "787224365", "price": 858.6, "amount": 0.06, "side": "sell", "timestamp": 1765842522064}, {"id": "787224476", "price": 858.32, "amount": 2.42, "side": "buy", "timestamp": 1765842565932}, {"id": "787224477", "price": 858.32, "amount": 1.34, "side": "buy", "timestamp": 1765842566325}, {"id": "787224478", "price": 858.32, "amount": 0.03, "side": "buy", "timestamp": 1765842566617}, {"id": "787224479", "price": 858.32, "amount": 0.04, "side": "buy", "timestamp": 1765842566781}, {"id": "787224480", "price": 858.32, "amount": 0.02, "side": "buy", "timestamp": 1765842567763}, {"id": "787224481", "price": 858.31, "amount": 0.03, "side": "sell", "timestamp": 1765842568124}, {"id": "787224482", "price": 858.32, "amount": 0.02, "side": "buy", "timestamp": 1765842568169}, {"id": "787224483", "price": 858.31, "amount": 0.02, "side": "sell", "timestamp": 1765842568671}, {"id": "787224484", "price": 858.31, "amount": 0.07, "side": "sell", "timestamp": 1765842569427}, {"id": "787224485", "price": 858.32, "amount": 8.45, "side": "buy", "timestamp": 1765842569717}, {"id": "787224486", "price": 858.33, "amount": 3.08, "side": "buy", "timestamp": 1765842569735}, {"id": "787224487", "price": 858.39, "amount": 0.02, "side": "buy", "timestamp": 1765842569742}, {"id": "787224488", "price": 858.4, "amount": 0.11, "side": "buy", "timestamp": 1765842569994}, {"id": "787224489", "price": 858.4, "amount": 0.27, "side": "buy", "timestamp": 1765842570762}, {"id": "787224490", "price": 858.39, "amount": 0.11, "side": "sell", "timestamp": 1765842571282}, {"id": "787224491", "price": 858.4, "amount": 0.02, "side": "buy", "timestamp": 1765842572196}, {"id": "787224492", "price": 858.4, "amount": 0.46, "side": "buy", "timestamp": 1765842573322}, {"id": "787224493", "price": 858.39, "amount": 0.08, "side": "sell", "timestamp": 1765842573836}, {"id": "787224494", "price": 858.4, "amount": 0.07, "side": "buy", "timestamp": 1765842574752}, {"id": "787224495", "price": 858.4, "amount": 0.12, "side": "buy", "timestamp": 1765842575015}, {"id": "787224496", "price": 858.39, "amount": 4.96, "side": "sell", "timestamp": 1765842575024}, {"id": "787224497", "price": 858.37, "amount": 14.0, "side": "buy", "timestamp": 1765842575374}, {"id": "787224498", "price": 858.38, "amount": 0.01, "side": "buy", "timestamp": 1765842575392}, {"id": "787224499", "price": 858.4, "amount": 1.39, "side": "buy", "timestamp": 1765842575392}, {"id": "787224500", "price": 858.42, "amount": 0.09, "side": "buy", "timestamp": 1765842575392}, {"id": "787224501", "price": 858.43, "amount": 0.58, "side": "buy", "timestamp": 1765842575392}, {"id": "787224502", "price": 858.44, "amount": 0.39, "side": "buy", "timestamp": 1765842575392}, {"id": "787224503", "price": 858.45, "amount": 0.01, "side": "buy", "timestamp": 1765842575392}, {"id": "787224504", "price": 858.46, "amount": 0.68, "side": "buy", "timestamp": 1765842575392}, {"id": "787224505", "price": 858.47, "amount": 0.01, "side": "buy", "timestamp": 1765842575392}, {"id": "787224506", "price": 858.48, "amount": 0.06, "side": "buy", "timestamp": 1765842575392}, {"id": "787224507", "price": 858.49, "amount": 0.02, "side": "buy", "timestamp": 1765842575392}, {"id": "787224508", "price": 858.5, "amount": 0.24, "side": "buy", "timestamp": 1765842575392}, {"id": "787224509", "price": 858.51, "amount": 11.88, "side": "buy", "timestamp": 1765842575392}, {"id": "787224510", "price": 858.52, "amount": 0.11, "side": "buy", "timestamp": 1765842575407}, {"id": "787224511", "price": 858.53, "amount": 8.99, "side": "buy", "timestamp": 1765842575407}, {"id": "787224512", "price": 858.54, "amount": 6.46, "side": "buy", "timestamp": 1765842575407}, {"id": "787224513", "price": 858.55, "amount": 0.03, "side": "buy", "timestamp": 1765842575454}, {"id": "787224514", "price": 858.56, "amount": 4.05, "side": "buy", "timestamp": 1765842575454}, {"id": "787224515", "price": 858.56, "amount": 0.32, "side": "sell", "timestamp": 1765842575626}, {"id": "787224516", "price": 858.56, "amount": 0.01, "side": "sell", "timestamp": 1765842577242}, {"id": "787224517", "price": 858.57, "amount": 0.01, "side": "buy", "timestamp": 1765842577600}, {"id": "787224518", "price": 858.57, "amount": 2.17, "side": "buy", "timestamp": 1765842577786}, {"id": "787224519", "price": 858.58, "amount": 0.01, "side": "buy", "timestamp": 1765842577822}, {"id": "787224520", "price": 858.59, "amount": 2.0, "side": "buy", "timestamp": 1765842577822}, {"id": "787224521", "price": 858.6, "amount": 0.06, "side": "buy", "timestamp": 1765842577825}, {"id": "787224522", "price": 858.61, "amount": 0.29, "side": "buy", "timestamp": 1765842577828}, {"id": "787224523", "price": 858.62, "amount": 0.01, "side": "buy", "timestamp": 1765842577831}, {"id": "787224524", "price": 858.63, "amount": 0.03, "side": "buy", "timestamp": 1765842577831}, {"id": "787224525", "price": 858.64, "amount": 0.01, "side": "buy", "timestamp": 1765842577831}, {"id": "787224580", "price": 858.74, "amount": 0.01, "side": "buy", "timestamp": 1765842607898}, {"id": "787224581", "price": 858.74, "amount": 0.1, "side": "buy", "timestamp": 1765842609746}, {"id": "787224582", "price": 858.74, "amount": 0.14, "side": "buy", "timestamp": 1765842609880}, {"id": "787224583", "price": 858.74, "amount": 0.16, "side": "buy", "timestamp": 1765842610003}, {"id": "787224584", "price": 858.74, "amount": 0.19, "side": "buy", "timestamp": 1765842610970}, {"id": "787224585", "price": 858.74, "amount": 0.5, "side": "buy", "timestamp": 1765842612360}, {"id": "787224586", "price": 858.73, "amount": 0.49, "side": "sell", "timestamp": 1765842612521}, {"id": "787224587", "price": 858.74, "amount": 0.01, "side": "buy", "timestamp": 1765842613466}, {"id": "787224588", "price": 858.74, "amount": 0.93, "side": "buy", "timestamp": 1765842614290}, {"id": "787224589", "price": 858.74, "amount": 0.29, "side": "buy", "timestamp": 1765842614729}, {"id": "787224590", "price": 858.74, "amount": 0.04, "side": "buy", "timestamp": 1765842614856}, {"id": "787224591", "price": 858.74, "amount": 0.06, "side": "buy", "timestamp": 1765842615014}, {"id": "787224592", "price": 858.74, "amount": 0.02, "side": "buy", "timestamp": 1765842615807}, {"id": "787224593", "price": 858.74, "amount": 0.04, "side": "buy", "timestamp": 1765842616119}, {"id": "787224594", "price": 858.74, "amount": 0.26, "side": "buy", "timestamp": 1765842617355}, {"id": "787224595", "price": 858.73, "amount": 0.01, "side": "sell", "timestamp": 1765842617794}, {"id": "787224596", "price": 858.73, "amount": 0.03, "side": "sell", "timestamp": 1765842617930}, {"id": "787224597", "price": 858.74, "amount": 0.38, "side": "buy", "timestamp": 1765842618257}, {"id": "787224598", "price": 858.74, "amount": 0.57, "side": "buy", "timestamp": 1765842619149}, {"id": "787224599", "price": 858.73, "amount": 4.65, "side": "sell", "timestamp": 1765842619464}, {"id": "787224600", "price": 858.72, "amount": 0.02, "side": "sell", "timestamp": 1765842619464}, {"id": "787224601", "price": 858.71, "amount": 0.23, "side": "sell", "timestamp": 1765842619467}, {"id": "787224602", "price": 858.7, "amount": 0.08, "side": "sell", "timestamp": 1765842619482}, {"id": "787224603", "price": 858.69, "amount": 0.14, "side": "sell", "timestamp": 1765842619502}, {"id": "787224604", "price": 858.68, "amount": 0.04, "side": "sell", "timestamp": 1765842619502}, {"id": "787224605", "price": 858.67, "amount": 0.02, "side": "sell", "timestamp": 1765842619502}, {"id": "787224606", "price": 858.66, "amount": 0.01, "side": "sell", "timestamp": 1765842619502}, {"id": "787224607", "price": 858.65, "amount": 0.04, "side": "sell", "timestamp": 1765842620773}, {"id": "787224608", "price": 858.66, "amount": 0.11, "side": "buy", "timestamp": 1765842621154}, {"id": "787224609", "price": 858.66, "amount": 0.01, "side": "buy", "timestamp": 1765842623452}, {"id": "787224610", "price": 858.65, "amount": 0.01, "side": "sell", "timestamp": 1765842623639}, {"id": "787224611", "price": 858.66, "amount": 0.03, "side": "buy", "timestamp": 1765842624585}, {"id": "787224612", "price": 858.65, "amount": 0.08, "side": "sell", "timestamp": 1765842625167}, {"id": "787224613", "price": 858.66, "amount": 0.04, "side": "buy", "timestamp": 1765842625820}, {"id": "787224614", "price": 858.65, "amount": 1.28, "side": "sell", "timestamp": 1765842626553}, {"id": "787224615", "price": 858.65, "amount": 1.06, "side": "sell", "timestamp": 1765842627842}, {"id": "787224616", "price": 858.65, "amount": 0.53, "side": "sell", "timestamp": 1765842629835}, {"id": "787224617", "price": 858.66, "amount": 0.03, "side": "buy", "timestamp": 1765842630048}, {"id": "787224618", "price": 858.66, "amount": 0.03, "side": "buy", "timestamp": 1765842630600}, {"id": "787224619", "price": 858.65, "amount": 0.04, "side": "sell", "timestamp": 1765842631507}, {"id": "787224620", "price": 858.65, "amount": 0.29, "side": "sell", "timestamp": 1765842632183}, {"id": "787224621", "price": 858.65, "amount": 0.08, "side": "sell", "timestamp": 1765842632385}, {"id": "787224622", "price": 858.65, "amount": 26.04, "side": "sell", "timestamp": 1765842633142}, {"id": "787224623", "price": 858.64, "amount": 0.07, "side": "sell", "timestamp": 1765842633142}, {"id": "787224624", "price": 858.63, "amount": 0.17, "side": "sell", "timestamp": 1765842633142}, {"id": "787224625", "price": 858.62, "amount": 12.07, "side": "sell", "timestamp": 1765842633142}, {"id": "787224626", "price": 858.61, "amount": 0.02, "side": "sell", "timestamp": 1765842633142}, {"id": "787224627", "price": 858.6, "amount": 3.36, "side": "sell", "timestamp": 1765842633142}, {"id": "787224628", "price": 858.59, "amount": 8.27, "side": "sell", "timestamp": 1765842633142}, {"id": "787224629", "price": 858.64, "amount": 0.08, "side": "sell", "timestamp": 1765842633205}, {"id": "787224767", "price": 857.89, "amount": 0.01, "side": "sell", "timestamp": 1765842681907}, {"id": "787224768", "price": 857.88, "amount": 2.31, "side": "sell", "timestamp": 1765842681907}, {"id": "787224769", "price": 857.87, "amount": 0.02, "side": "sell", "timestamp": 1765842681908}, {"id": "787224770", "price": 857.85, "amount": 0.42, "side": "sell", "timestamp": 1765842681908}, {"id": "787224771", "price": 857.84, "amount": 2.36, "side": "sell", "timestamp": 1765842681908}, {"id": "787224772", "price": 857.83, "amount": 1.36, "side": "sell", "timestamp": 1765842681908}, {"id": "787224773", "price": 857.83, "amount": 0.11, "side": "buy", "timestamp": 1765842681941}, {"id": "787224774", "price": 857.82, "amount": 2.88, "side": "sell", "timestamp": 1765842682092}, {"id": "787224775", "price": 857.83, "amount": 0.17, "side": "buy", "timestamp": 1765842682139}, {"id": "787224776", "price": 857.82, "amount": 3.86, "side": "sell", "timestamp": 1765842683038}, {"id": "787224777", "price": 857.81, "amount": 0.39, "side": "sell", "timestamp": 1765842683038}, {"id": "787224778", "price": 857.82, "amount": 0.14, "side": "buy", "timestamp": 1765842683057}, {"id": "787224779", "price": 857.81, "amount": 0.12, "side": "sell", "timestamp": 1765842683154}, {"id": "787224780", "price": 857.81, "amount": 1.04, "side": "sell", "timestamp": 1765842683564}, {"id": "787224781", "price": 857.81, "amount": 0.65, "side": "sell", "timestamp": 1765842684175}, {"id": "787224782", "price": 857.8, "amount": 0.27, "side": "sell", "timestamp": 1765842684175}, {"id": "787224783", "price": 857.79, "amount": 0.25, "side": "sell", "timestamp": 1765842684175}, {"id": "787224784", "price": 857.78, "amount": 0.81, "side": "sell", "timestamp": 1765842684181}, {"id": "787224785", "price": 857.76, "amount": 0.01, "side": "sell", "timestamp": 1765842684199}, {"id": "787224786", "price": 857.75, "amount": 0.14, "side": "sell", "timestamp": 1765842684199}, {"id": "787224787", "price": 857.74, "amount": 0.05, "side": "sell", "timestamp": 1765842685053}, {"id": "787224788", "price": 857.75, "amount": 0.01, "side": "buy", "timestamp": 1765842685278}, {"id": "787224789", "price": 857.75, "amount": 0.01, "side": "buy", "timestamp": 1765842685383}, {"id": "787224790", "price": 857.74, "amount": 0.01, "side": "sell", "timestamp": 1765842685413}, {"id": "787224791", "price": 857.75, "amount": 29.76, "side": "buy", "timestamp": 1765842685612}, {"id": "787224792", "price": 857.76, "amount": 0.08, "side": "buy", "timestamp": 1765842685621}, {"id": "787224793", "price": 857.77, "amount": 2.46, "side": "buy", "timestamp": 1765842685622}, {"id": "787224794", "price": 857.78, "amount": 0.02, "side": "buy", "timestamp": 1765842685622}, {"id": "787224795", "price": 857.79, "amount": 0.03, "side": "buy", "timestamp": 1765842685622}, {"id": "787224796", "price": 857.8, "amount": 11.35, "side": "buy", "timestamp": 1765842685622}, {"id": "787224797", "price": 857.81, "amount": 0.02, "side": "buy", "timestamp": 1765842685623}, {"id": "787224798", "price": 857.82, "amount": 7.4, "side": "buy", "timestamp": 1765842685632}, {"id": "787224799", "price": 857.83, "amount": 1.98, "side": "buy", "timestamp": 1765842685847}, {"id": "787224800", "price": 857.84, "amount": 8.97, "side": "buy", "timestamp": 1765842685847}, {"id": "787224801", "price": 857.85, "amount": 0.02, "side": "buy", "timestamp": 1765842685850}, {"id": "787224802", "price": 857.87, "amount": 0.17, "side": "buy", "timestamp": 1765842685851}, {"id": "787224803", "price": 857.88, "amount": 4.51, "side": "buy", "timestamp": 1765842685851}, {"id": "787224804", "price": 857.89, "amount": 0.04, "side": "buy", "timestamp": 1765842685855}, {"id": "787224805", "price": 857.91, "amount": 0.04, "side": "buy", "timestamp": 1765842685855}, {"id": "787224806", "price": 857.92, "amount": 0.01, "side": "buy", "timestamp": 1765842685855}, {"id": "787224807", "price": 857.93, "amount": 0.05, "side": "buy", "timestamp": 1765842685855}, {"id": "787224808", "price": 857.94, "amount": 0.05, "side": "buy", "timestamp": 1765842685862}, {"id": "787224809", "price": 857.95, "amount": 0.04, "side": "buy", "timestamp": 1765842686181}, {"id": "787224810", "price": 857.94, "amount": 0.02, "side": "sell", "timestamp": 1765842687050}, {"id": "787224811", "price": 857.95, "amount": 0.08, "side": "buy", "timestamp": 1765842687175}, {"id": "787224812", "price": 857.95, "amount": 5.0, "side": "buy", "timestamp": 1765842687338}, {"id": "787224813", "price": 857.94, "amount": 0.01, "side": "sell", "timestamp": 1765842687552}, {"id": "787224814", "price": 857.94, "amount": 2.39, "side": "sell", "timestamp": 1765842687697}, {"id": "787224815", "price": 857.94, "amount": 0.09, "side": "sell", "timestamp": 1765842688877}, {"id": "787224816", "price": 857.95, "amount": 3.0, "side": "buy", "timestamp": 1765842689049}, {"id": "787224929", "price": 858.23, "amount": 4.95, "side": "buy", "timestamp": 1765842725276}, {"id": "787224930", "price": 858.24, "amount": 0.49, "side": "buy", "timestamp": 1765842725284}, {"id": "787224931", "price": 858.26, "amount": 0.03, "side": "buy", "timestamp": 1765842725327}, {"id": "787224932", "price": 858.27, "amount": 0.01, "side": "buy", "timestamp": 1765842725327}, {"id": "787224933", "price": 858.28, "amount": 0.05, "side": "buy", "timestamp": 1765842725327}, {"id": "787224934", "price": 858.29, "amount": 0.02, "side": "buy", "timestamp": 1765842725327}, {"id": "787224935", "price": 858.3, "amount": 0.02, "side": "buy", "timestamp": 1765842725327}, {"id": "787224936", "price": 858.31, "amount": 0.01, "side": "buy", "timestamp": 1765842725327}, {"id": "787224937", "price": 858.32, "amount": 0.12, "side": "buy", "timestamp": 1765842725462}, {"id": "787224938", "price": 858.31, "amount": 0.01, "side": "sell", "timestamp": 1765842725579}, {"id": "787224939", "price": 858.32, "amount": 0.18, "side": "buy", "timestamp": 1765842725635}, {"id": "787224940", "price": 858.31, "amount": 0.01, "side": "sell", "timestamp": 1765842725772}, {"id": "787224941", "price": 858.31, "amount": 3.0, "side": "sell", "timestamp": 1765842726595}, {"id": "787224942", "price": 858.3, "amount": 0.02, "side": "sell", "timestamp": 1765842726597}, {"id": "787224943", "price": 858.29, "amount": 0.89, "side": "sell", "timestamp": 1765842726598}, {"id": "787224944", "price": 858.27, "amount": 0.32, "side": "sell", "timestamp": 1765842726608}, {"id": "787224945", "price": 858.26, "amount": 0.01, "side": "sell", "timestamp": 1765842726611}, {"id": "787224946", "price": 858.25, "amount": 0.09, "side": "sell", "timestamp": 1765842726622}, {"id": "787224947", "price": 858.24, "amount": 0.02, "side": "sell", "timestamp": 1765842726624}, {"id": "787224948", "price": 858.23, "amount": 1.96, "side": "sell", "timestamp": 1765842726660}, {"id": "787224949", "price": 858.22, "amount": 0.24, "side": "sell", "timestamp": 1765842726679}, {"id": "787224950", "price": 858.21, "amount": 0.01, "side": "sell", "timestamp": 1765842726681}, {"id": "787224951", "price": 858.2, "amount": 0.03, "side": "sell", "timestamp": 1765842726681}, {"id": "787224952", "price": 858.19, "amount": 0.62, "side": "sell", "timestamp": 1765842726787}, {"id": "787224953", "price": 858.17, "amount": 0.02, "side": "sell", "timestamp": 1765842726792}, {"id": "787224954", "price": 858.12, "amount": 0.17, "side": "sell", "timestamp": 1765842726872}, {"id": "787224955", "price": 858.11, "amount": 1.74, "side": "sell", "timestamp": 1765842726897}, {"id": "787224956", "price": 858.12, "amount": 5.0, "side": "buy", "timestamp": 1765842726964}, {"id": "787224957", "price": 858.12, "amount": 1.03, "side": "buy", "timestamp": 1765842727404}, {"id": "787224958", "price": 858.12, "amount": 0.27, "side": "buy", "timestamp": 1765842728932}, {"id": "787224959", "price": 858.12, "amount": 0.02, "side": "buy", "timestamp": 1765842729268}, {"id": "787224960", "price": 858.11, "amount": 0.02, "side": "sell", "timestamp": 1765842730117}, {"id": "787224961", "price": 858.12, "amount": 1.0, "side": "buy", "timestamp": 1765842730264}, {"id": "787224962", "price": 858.11, "amount": 0.03, "side": "sell", "timestamp": 1765842730468}, {"id": "787224963", "price": 858.12, "amount": 0.34, "side": "buy", "timestamp": 1765842731186}, {"id": "787224964", "price": 858.11, "amount": 0.01, "side": "sell", "timestamp": 1765842731333}, {"id": "787224965", "price": 858.11, "amount": 0.01, "side": "sell", "timestamp": 1765842731633}, {"id": "787224966", "price": 858.12, "amount": 0.3, "side": "buy", "timestamp": 1765842731806}, {"id": "787224967", "price": 858.11, "amount": 0.03, "side": "sell", "timestamp": 1765842735015}, {"id": "787224968", "price": 858.12, "amount": 0.1, "side": "buy", "timestamp": 1765842736430}, {"id": "787224969", "price": 858.11, "amount": 7.47, "side": "sell", "timestamp": 1765842736468}, {"id": "787224970", "price": 858.12, "amount": 12.42, "side": "buy", "timestamp": 1765842737274}, {"id": "787224971", "price": 858.13, "amount": 6.58, "side": "buy", "timestamp": 1765842737275}, {"id": "787224972", "price": 858.14, "amount": 0.17, "side": "buy", "timestamp": 1765842737276}, {"id": "787224973", "price": 858.17, "amount": 0.75, "side": "sell", "timestamp": 1765842738119}, {"id": "787224974", "price": 858.17, "amount": 0.01, "side": "sell", "timestamp": 1765842740072}, {"id": "787224975", "price": 858.17, "amount": 0.07, "side": "sell", "timestamp": 1765842741241}, {"id": "787224976", "price": 858.18, "amount": 1.43, "side": "buy", "timestamp": 1765842744359}, {"id": "787224977", "price": 858.17, "amount": 0.07, "side": "sell", "timestamp": 1765842745184}, {"id": "787224978", "price": 858.18, "amount": 0.01, "side": "buy", "timestamp": 1765842745928}, {"id": "787225040", "price": 857.99, "amount": 0.02, "side": "buy", "timestamp": 1765842783433}, {"id": "787225041", "price": 858.0, "amount": 0.03, "side": "buy", "timestamp": 1765842783433}, {"id": "787225042", "price": 858.02, "amount": 2.73, "side": "buy", "timestamp": 1765842783435}, {"id": "787225043", "price": 858.04, "amount": 2.34, "side": "buy", "timestamp": 1765842783435}, {"id": "787225044", "price": 858.05, "amount": 6.15, "side": "buy", "timestamp": 1765842783437}, {"id": "787225045", "price": 858.06, "amount": 0.01, "side": "buy", "timestamp": 1765842783438}, {"id": "787225046", "price": 858.07, "amount": 0.04, "side": "buy", "timestamp": 1765842783438}, {"id": "787225047", "price": 858.08, "amount": 0.02, "side": "buy", "timestamp": 1765842783438}, {"id": "787225048", "price": 858.09, "amount": 0.04, "side": "buy", "timestamp": 1765842784356}, {"id": "787225049", "price": 858.09, "amount": 0.05, "side": "buy", "timestamp": 1765842784474}, {"id": "787225050", "price": 858.08, "amount": 0.24, "side": "sell", "timestamp": 1765842784627}, {"id": "787225051", "price": 858.09, "amount": 0.01, "side": "buy", "timestamp": 1765842784743}, {"id": "787225052", "price": 858.08, "amount": 0.31, "side": "sell", "timestamp": 1765842784853}, {"id": "787225053", "price": 858.09, "amount": 0.18, "side": "buy", "timestamp": 1765842784905}, {"id": "787225054", "price": 858.09, "amount": 0.38, "side": "buy", "timestamp": 1765842785283}, {"id": "787225055", "price": 858.09, "amount": 0.13, "side": "buy", "timestamp": 1765842785496}, {"id": "787225056", "price": 858.08, "amount": 0.02, "side": "sell", "timestamp": 1765842786602}, {"id": "787225057", "price": 858.09, "amount": 0.14, "side": "buy", "timestamp": 1765842788749}, {"id": "787225058", "price": 858.08, "amount": 0.15, "side": "sell", "timestamp": 1765842789293}, {"id": "787225059", "price": 858.09, "amount": 0.07, "side": "buy", "timestamp": 1765842789724}, {"id": "787225060", "price": 858.09, "amount": 0.04, "side": "buy", "timestamp": 1765842789922}, {"id": "787225061", "price": 858.09, "amount": 0.01, "side": "buy", "timestamp": 1765842790072}, {"id": "787225062", "price": 858.09, "amount": 0.01, "side": "buy", "timestamp": 1765842794101}, {"id": "787225063", "price": 858.09, "amount": 0.05, "side": "buy", "timestamp": 1765842794724}, {"id": "787225064", "price": 858.09, "amount": 0.01, "side": "buy", "timestamp": 1765842794906}, {"id": "787225065", "price": 858.09, "amount": 0.03, "side": "buy", "timestamp": 1765842795096}, {"id": "787225066", "price": 858.08, "amount": 0.69, "side": "sell", "timestamp": 1765842795114}, {"id": "787225067", "price": 858.09, "amount": 0.1, "side": "buy", "timestamp": 1765842795163}, {"id": "787225068", "price": 858.08, "amount": 0.87, "side": "sell", "timestamp": 1765842795876}, {"id": "787225069", "price": 858.08, "amount": 0.02, "side": "sell", "timestamp": 1765842796982}, {"id": "787225070", "price": 858.08, "amount": 0.14, "side": "sell", "timestamp": 1765842798188}, {"id": "787225071", "price": 858.08, "amount": 10.59, "side": "sell", "timestamp": 1765842799172}, {"id": "787225072", "price": 858.07, "amount": 0.04, "side": "sell", "timestamp": 1765842799172}, {"id": "787225073", "price": 858.05, "amount": 0.51, "side": "sell", "timestamp": 1765842799172}, {"id": "787225074", "price": 858.04, "amount": 0.25, "side": "sell", "timestamp": 1765842799172}, {"id": "787225075", "price": 858.02, "amount": 0.56, "side": "sell", "timestamp": 1765842799172}, {"id": "787225076", "price": 858.01, "amount": 2.15, "side": "sell", "timestamp": 1765842799172}, {"id": "787225077", "price": 858.0, "amount": 0.91, "side": "sell", "timestamp": 1765842799172}, {"id": "787225078", "price": 857.99, "amount": 6.74, "side": "sell", "timestamp": 1765842799172}, {"id": "787225079", "price": 857.98, "amount": 5.12, "side": "sell", "timestamp": 1765842799172}, {"id": "787225080", "price": 857.97, "amount": 2.35, "side": "sell", "timestamp": 1765842799172}, {"id": "787225081", "price": 857.96, "amount": 5.74, "side": "sell", "timestamp": 1765842799172}, {"id": "787225082", "price": 857.95, "amount": 0.23, "side": "sell", "timestamp": 1765842799172}, {"id": "787225083", "price": 857.94, "amount": 15.14, "side": "sell", "timestamp": 1765842799172}, {"id": "787225084", "price": 857.93, "amount": 8.17, "side": "sell", "timestamp": 1765842799172}, {"id": "787225085", "price": 857.99, "amount": 0.58, "side": "sell", "timestamp": 1765842800008}, {"id": "787225086", "price": 858.0, "amount": 0.11, "side": "buy", "timestamp": 1765842801186}, {"id": "787225087", "price": 857.99, "amount": 1.08, "side": "sell", "timestamp": 1765842801538}, {"id": "787225088", "price": 857.94, "amount": 1.21, "side": "sell", "timestamp": 1765842801670}, {"id": "787225089", "price": 857.92, "amount": 0.03, "side": "sell", "timestamp": 1765842801678}, {"id": "787225156", "price": 858.2, "amount": 0.5, "side": "buy", "timestamp": 1765842831773}, {"id": "787225157", "price": 858.19, "amount": 0.07, "side": "sell", "timestamp": 1765842832574}, {"id": "787225158", "price": 858.2, "amount": 0.04, "side": "buy", "timestamp": 1765842832650}, {"id": "787225159", "price": 858.19, "amount": 1.33, "side": "sell", "timestamp": 1765842833810}, {"id": "787225160", "price": 858.2, "amount": 0.01, "side": "buy", "timestamp": 1765842833852}, {"id": "787225161", "price": 858.2, "amount": 1.58, "side": "buy", "timestamp": 1765842834285}, {"id": "787225162", "price": 858.19, "amount": 7.3, "side": "sell", "timestamp": 1765842835099}, {"id": "787225163", "price": 858.19, "amount": 0.07, "side": "sell", "timestamp": 1765842835200}, {"id": "787225164", "price": 858.2, "amount": 0.12, "side": "buy", "timestamp": 1765842836429}, {"id": "787225165", "price": 858.2, "amount": 0.58, "side": "buy", "timestamp": 1765842836749}, {"id": "787225166", "price": 858.2, "amount": 0.02, "side": "buy", "timestamp": 1765842837128}, {"id": "787225167", "price": 858.19, "amount": 0.24, "side": "sell", "timestamp": 1765842837258}, {"id": "787225168", "price": 858.19, "amount": 0.01, "side": "sell", "timestamp": 1765842839671}, {"id": "787225169", "price": 858.19, "amount": 0.28, "side": "sell", "timestamp": 1765842840700}, {"id": "787225170", "price": 858.19, "amount": 0.02, "side": "sell", "timestamp": 1765842841116}, {"id": "787225171", "price": 858.2, "amount": 0.16, "side": "buy", "timestamp": 1765842841324}, {"id": "787225172", "price": 858.2, "amount": 0.26, "side": "buy", "timestamp": 1765842841593}, {"id": "787225173", "price": 858.2, "amount": 0.39, "side": "buy", "timestamp": 1765842842421}, {"id": "787225174", "price": 858.19, "amount": 0.05, "side": "sell", "timestamp": 1765842843432}, {"id": "787225175", "price": 858.19, "amount": 0.02, "side": "sell", "timestamp": 1765842843997}, {"id": "787225176", "price": 858.2, "amount": 0.04, "side": "buy", "timestamp": 1765842844367}, {"id": "787225177", "price": 858.2, "amount": 0.07, "side": "buy", "timestamp": 1765842844471}, {"id": "787225178", "price": 858.2, "amount": 0.01, "side": "buy", "timestamp": 1765842844774}, {"id": "787225179", "price": 858.2, "amount": 0.05, "side": "buy", "timestamp": 1765842844936}, {"id": "787225180", "price": 858.19, "amount": 0.8, "side": "sell", "timestamp": 1765842845149}, {"id": "787225181", "price": 858.2, "amount": 0.03, "side": "buy", "timestamp": 1765842845336}, {"id": "787225182", "price": 858.2, "amount": 0.09, "side": "buy", "timestamp": 1765842845678}, {"id": "787225183", "price": 858.2, "amount": 0.24, "side": "buy", "timestamp": 1765842846142}, {"id": "787225184", "price": 858.19, "amount": 0.01, "side": "sell", "timestamp": 1765842847190}, {"id": "787225185", "price": 858.19, "amount": 0.01, "side": "sell", "timestamp": 1765842847696}, {"id": "787225186", "price": 858.19, "amount": 3.57, "side": "sell", "timestamp": 1765842848353}, {"id": "787225187", "price": 858.19, "amount": 0.71, "side": "sell", "timestamp": 1765842849177}, {"id": "787225188", "price": 858.2, "amount": 0.04, "side": "buy", "timestamp": 1765842849791}, {"id": "787225189", "price": 858.2, "amount": 0.04, "side": "buy", "timestamp": 1765842849972}, {"id": "787225190", "price": 858.19, "amount": 0.37, "side": "sell", "timestamp": 1765842850446}, {"id": "787225191", "price": 858.2, "amount": 0.1, "side": "buy", "timestamp": 1765842850646}, {"id": "787225192", "price": 858.19, "amount": 0.35, "side": "sell", "timestamp": 1765842852056}, {"id": "787225193", "price": 858.19, "amount": 14.69, "side": "sell", "timestamp": 1765842852538}, {"id": "787225194", "price": 858.18, "amount": 0.01, "side": "sell", "timestamp": 1765842852539}, {"id": "787225195", "price": 858.17, "amount": 0.5, "side": "sell", "timestamp": 1765842852539}, {"id": "787225196", "price": 858.16, "amount": 0.3, "side": "sell", "timestamp": 1765842852562}, {"id": "787225197", "price": 858.14, "amount": 0.02, "side": "sell", "timestamp": 1765842852570}, {"id": "787225198", "price": 858.12, "amount": 0.01, "side": "sell", "timestamp": 1765842852570}, {"id": "787225199", "price": 858.11, "amount": 0.04, "side": "sell", "timestamp": 1765842852570}, {"id": "787225200", "price": 858.1, "amount": 0.02, "side": "sell", "timestamp": 1765842852570}, {"id": "787225201", "price": 858.1, "amount": 0.18, "side": "buy", "timestamp": 1765842852764}, {"id": "787225202", "price": 858.1, "amount": 0.06, "side": "buy", "timestamp": 1765842853515}, {"id": "787225203", "price": 858.1, "amount": 0.1, "side": "buy", "timestamp": 1765842855586}, {"id": "787225204", "price": 858.1, "amount": 0.05, "side": "buy", "timestamp": 1765842855984}, {"id": "787225205", "price": 858.1, "amount": 1.11, "side": "buy", "timestamp": 1765842856792}, {"id": "787225277", "price": 858.19, "amount": 0.1, "side": "sell", "timestamp": 1765842900455}, {"id": "787225278", "price": 858.19, "amount": 0.06, "side": "sell", "timestamp": 1765842901211}, {"id": "787225279", "price": 858.19, "amount": 0.13, "side": "sell", "timestamp": 1765842902456}, {"id": "787225280", "price": 858.2, "amount": 28.36, "side": "buy", "timestamp": 1765842902481}, {"id": "787225281", "price": 858.2, "amount": 10.48, "side": "buy", "timestamp": 1765842902590}, {"id": "787225282", "price": 858.19, "amount": 0.02, "side": "sell", "timestamp": 1765842902599}, {"id": "787225283", "price": 858.2, "amount": 0.02, "side": "buy", "timestamp": 1765842902601}, {"id": "787225284", "price": 858.21, "amount": 0.02, "side": "buy", "timestamp": 1765842902606}, {"id": "787225285", "price": 858.23, "amount": 1.0, "side": "buy", "timestamp": 1765842902629}, {"id": "787225286", "price": 858.24, "amount": 0.03, "side": "buy", "timestamp": 1765842902638}, {"id": "787225287", "price": 858.25, "amount": 0.02, "side": "buy", "timestamp": 1765842902639}, {"id": "787225288", "price": 858.27, "amount": 0.03, "side": "buy", "timestamp": 1765842902639}, {"id": "787225289", "price": 858.28, "amount": 0.42, "side": "buy", "timestamp": 1765842902863}, {"id": "787225290", "price": 858.29, "amount": 0.01, "side": "buy", "timestamp": 1765842902866}, {"id": "787225291", "price": 858.3, "amount": 0.49, "side": "buy", "timestamp": 1765842902868}, {"id": "787225292", "price": 858.32, "amount": 0.01, "side": "buy", "timestamp": 1765842903283}, {"id": "787225293", "price": 858.32, "amount": 0.01, "side": "buy", "timestamp": 1765842904298}, {"id": "787225294", "price": 858.32, "amount": 0.44, "side": "buy", "timestamp": 1765842904453}, {"id": "787225295", "price": 858.32, "amount": 0.01, "side": "buy", "timestamp": 1765842904826}, {"id": "787225296", "price": 858.32, "amount": 0.03, "side": "buy", "timestamp": 1765842904945}, {"id": "787225297", "price": 858.32, "amount": 0.02, "side": "buy", "timestamp": 1765842905212}, {"id": "787225298", "price": 858.32, "amount": 0.03, "side": "buy", "timestamp": 1765842905480}, {"id": "787225299", "price": 858.32, "amount": 0.06, "side": "buy", "timestamp": 1765842905616}, {"id": "787225300", "price": 858.32, "amount": 5.59, "side": "buy", "timestamp": 1765842905873}, {"id": "787225301", "price": 858.33, "amount": 0.01, "side": "buy", "timestamp": 1765842905876}, {"id": "787225302", "price": 858.35, "amount": 0.02, "side": "buy", "timestamp": 1765842905876}, {"id": "787225303", "price": 858.36, "amount": 1.3, "side": "buy", "timestamp": 1765842905877}, {"id": "787225304", "price": 858.38, "amount": 0.02, "side": "buy", "timestamp": 1765842905880}, {"id": "787225305", "price": 858.39, "amount": 0.04, "side": "buy", "timestamp": 1765842905880}, {"id": "787225306", "price": 858.4, "amount": 0.03, "side": "buy", "timestamp": 1765842906019}, {"id": "787225307", "price": 858.41, "amount": 0.01, "side": "buy", "timestamp": 1765842906030}, {"id": "787225308", "price": 858.42, "amount": 0.01, "side": "buy", "timestamp": 1765842906030}, {"id": "787225309", "price": 858.43, "amount": 0.13, "side": "buy", "timestamp": 1765842906030}, {"id": "787225310", "price": 858.44, "amount": 0.13, "side": "buy", "timestamp": 1765842908129}, {"id": "787225311", "price": 858.43, "amount": 0.01, "side": "sell", "timestamp": 1765842908440}, {"id": "787225312", "price": 858.44, "amount": 0.01, "side": "buy", "timestamp": 1765842908537}, {"id": "787225313", "price": 858.44, "amount": 0.05, "side": "buy", "timestamp": 1765842909719}, {"id": "787225314", "price": 858.44, "amount": 0.02, "side": "buy", "timestamp": 1765842909834}, {"id": "787225315", "price": 858.43, "amount": 0.31, "side": "sell", "timestamp": 1765842909923}, {"id": "787225316", "price": 858.44, "amount": 0.1, "side": "buy", "timestamp": 1765842910050}, {"id": "787225317", "price": 858.44, "amount": 0.65, "side": "buy", "timestamp": 1765842910413}, {"id": "787225318", "price": 858.44, "amount": 0.92, "side": "buy", "timestamp": 1765842910576}, {"id": "787225319", "price": 858.45, "amount": 0.05, "side": "buy", "timestamp": 1765842910578}, {"id": "787225320", "price": 858.46, "amount": 0.18, "side": "buy", "timestamp": 1765842910582}, {"id": "787225321", "price": 858.48, "amount": 0.01, "side": "buy", "timestamp": 1765842910585}, {"id": "787225322", "price": 858.49, "amount": 0.01, "side": "buy", "timestamp": 1765842910585}, {"id": "787225323", "price": 858.5, "amount": 0.01, "side": "sell", "timestamp": 1765842911658}, {"id": "787225324", "price": 858.51, "amount": 1.68, "side": "buy", "timestamp": 1765842911930}, {"id": "787225325", "price": 858.52, "amount": 0.11, "side": "buy", "timestamp": 1765842911930}, {"id": "787225326", "price": 858.53, "amount": 0.01, "side": "buy", "timestamp": 1765842911930}, {"id": "787225386", "price": 858.54, "amount": 0.05, "side": "buy", "timestamp": 1765842945103}, {"id": "787225387", "price": 858.53, "amount": 0.08, "side": "sell", "timestamp": 1765842945163}, {"id": "787225388", "price": 858.54, "amount": 0.03, "side": "buy", "timestamp": 1765842945220}, {"id": "787225389", "price": 858.54, "amount": 0.03, "side": "buy", "timestamp": 1765842946173}, {"id": "787225390", "price": 858.53, "amount": 0.08, "side": "sell", "timestamp": 1765842946269}, {"id": "787225391", "price": 858.54, "amount": 0.06, "side": "buy", "timestamp": 1765842946886}, {"id": "787225392", "price": 858.54, "amount": 0.11, "side": "buy", "timestamp": 1765842947352}, {"id": "787225393", "price": 858.53, "amount": 0.01, "side": "sell", "timestamp": 1765842947670}, {"id": "787225394", "price": 858.54, "amount": 0.01, "side": "buy", "timestamp": 1765842948230}, {"id": "787225395", "price": 858.53, "amount": 0.06, "side": "sell", "timestamp": 1765842949260}, {"id": "787225396", "price": 858.54, "amount": 0.15, "side": "buy", "timestamp": 1765842949807}, {"id": "787225397", "price": 858.54, "amount": 0.02, "side": "buy", "timestamp": 1765842950041}, {"id": "787225398", "price": 858.53, "amount": 0.07, "side": "sell", "timestamp": 1765842950043}, {"id": "787225399", "price": 858.54, "amount": 0.01, "side": "buy", "timestamp": 1765842950217}, {"id": "787225400", "price": 858.54, "amount": 1.16, "side": "buy", "timestamp": 1765842951934}, {"id": "787225401", "price": 858.54, "amount": 1.66, "side": "buy", "timestamp": 1765842953464}, {"id": "787225402", "price": 858.53, "amount": 0.06, "side": "sell", "timestamp": 1765842954044}, {"id": "787225403", "price": 858.53, "amount": 0.08, "side": "sell", "timestamp": 1765842954316}, {"id": "787225404", "price": 858.53, "amount": 0.08, "side": "sell", "timestamp": 1765842955132}, {"id": "787225405", "price": 858.53, "amount": 19.51, "side": "sell", "timestamp": 1765842955373}, {"id": "787225406", "price": 858.52, "amount": 0.01, "side": "sell", "timestamp": 1765842955373}, {"id": "787225407", "price": 858.5, "amount": 0.53, "side": "sell", "timestamp": 1765842955377}, {"id": "787225408", "price": 858.49, "amount": 0.01, "side": "sell", "timestamp": 1765842955377}, {"id": "787225409", "price": 858.48, "amount": 0.01, "side": "sell", "timestamp": 1765842955377}, {"id": "787225410", "price": 858.45, "amount": 0.02, "side": "sell", "timestamp": 1765842955380}, {"id": "787225411", "price": 858.46, "amount": 0.01, "side": "buy", "timestamp": 1765842956159}, {"id": "787225412", "price": 858.45, "amount": 0.1, "side": "sell", "timestamp": 1765842956265}, {"id": "787225413", "price": 858.45, "amount": 0.27, "side": "sell", "timestamp": 1765842957257}, {"id": "787225414", "price": 858.45, "amount": 0.06, "side": "sell", "timestamp": 1765842958370}, {"id": "787225415", "price": 858.46, "amount": 0.01, "side": "buy", "timestamp": 1765842958608}, {"id": "787225416", "price": 858.45, "amount": 1.77, "side": "sell", "timestamp": 1765842959158}, {"id": "787225417", "price": 858.45, "amount": 0.02, "side": "sell", "timestamp": 1765842960402}, {"id": "787225418", "price": 858.45, "amount": 0.02, "side": "sell", "timestamp": 1765842961017}, {"id": "787225419", "price": 858.45, "amount": 5.6, "side": "sell", "timestamp": 1765842961266}, {"id": "787225420", "price": 858.44, "amount": 69.46, "side": "sell", "timestamp": 1765842961365}, {"id": "787225421", "price": 858.42, "amount": 0.04, "side": "sell", "timestamp": 1765842961373}, {"id": "787225422", "price": 858.41, "amount": 0.25, "side": "buy", "timestamp": 1765842961657}, {"id": "787225423", "price": 858.4, "amount": 1.0, "side": "sell", "timestamp": 1765842962336}, {"id": "787225424", "price": 858.4, "amount": 0.5, "side": "sell", "timestamp": 1765842964156}, {"id": "787225425", "price": 858.41, "amount": 0.44, "side": "buy", "timestamp": 1765842964387}, {"id": "787225426", "price": 858.4, "amount": 0.38, "side": "sell", "timestamp": 1765842964585}, {"id": "787225427", "price": 858.41, "amount": 0.02, "side": "buy", "timestamp": 1765842964871}, {"id": "787225428", "price": 858.41, "amount": 0.03, "side": "buy", "timestamp": 1765842965070}, {"id": "787225429", "price": 858.41, "amount": 0.02, "side": "buy", "timestamp": 1765842965335}, {"id": "787225430", "price": 858.41, "amount": 0.09, "side": "buy", "timestamp": 1765842965480}, {"id": "787225431", "price": 858.4, "amount": 0.7, "side": "sell", "timestamp": 1765842965666}, {"id": "787225432", "price": 858.41, "amount": 0.13, "side": "buy", "timestamp": 1765842965772}, {"id": "787225433", "price": 858.41, "amount": 0.07, "side": "buy", "timestamp": 1765842965950}, {"id": "787225434", "price": 858.41, "amount": 0.17, "side": "buy", "timestamp": 1765842966691}, {"id": "787225435", "price": 858.41, "amount": 0.16, "side": "buy", "timestamp": 1765842967567}, {"id": "787225546", "price": 858.7, "amount": 0.01, "side": "sell", "timestamp": 1765842998121}, {"id": "787225547", "price": 858.71, "amount": 0.14, "side": "buy", "timestamp": 1765842998375}, {"id": "787225548", "price": 858.71, "amount": 0.02, "side": "buy", "timestamp": 1765842998601}, {"id": "787225549", "price": 858.71, "amount": 0.19, "side": "buy", "timestamp": 1765842999371}, {"id": "787225550", "price": 858.7, "amount": 0.16, "side": "sell", "timestamp": 1765842999642}, {"id": "787225551", "price": 858.71, "amount": 1.04, "side": "buy", "timestamp": 1765842999811}, {"id": "787225552", "price": 858.71, "amount": 0.13, "side": "buy", "timestamp": 1765843000069}, {"id": "787225553", "price": 858.7, "amount": 0.2, "side": "sell", "timestamp": 1765843000137}, {"id": "787225554", "price": 858.71, "amount": 0.14, "side": "buy", "timestamp": 1765843000329}, {"id": "787225555", "price": 858.71, "amount": 0.14, "side": "buy", "timestamp": 1765843001266}, {"id": "787225556", "price": 858.7, "amount": 0.21, "side": "sell", "timestamp": 1765843001773}, {"id": "787225557", "price": 858.71, "amount": 1.62, "side": "buy", "timestamp": 1765843001818}, {"id": "787225558", "price": 858.71, "amount": 0.14, "side": "buy", "timestamp": 1765843002216}, {"id": "787225559", "price": 858.71, "amount": 0.01, "side": "buy", "timestamp": 1765843002457}, {"id": "787225560", "price": 858.71, "amount": 1.28, "side": "buy", "timestamp": 1765843002853}, {"id": "787225561", "price": 858.72, "amount": 0.03, "side": "buy", "timestamp": 1765843002853}, {"id": "787225562", "price": 858.72, "amount": 0.01, "side": "sell", "timestamp": 1765843003317}, {"id": "787225563", "price": 858.72, "amount": 0.14, "side": "sell", "timestamp": 1765843004456}, {"id": "787225564", "price": 858.73, "amount": 0.27, "side": "buy", "timestamp": 1765843004803}, {"id": "787225565", "price": 858.73, "amount": 0.1, "side": "buy", "timestamp": 1765843004904}, {"id": "787225566", "price": 858.72, "amount": 0.07, "side": "sell", "timestamp": 1765843006069}, {"id": "787225567", "price": 858.73, "amount": 0.46, "side": "buy", "timestamp": 1765843006133}, {"id": "787225568", "price": 858.73, "amount": 1.0, "side": "buy", "timestamp": 1765843006452}, {"id": "787225569", "price": 858.72, "amount": 0.06, "side": "sell", "timestamp": 1765843006516}, {"id": "787225570", "price": 858.73, "amount": 0.01, "side": "buy", "timestamp": 1765843008379}, {"id": "787225571", "price": 858.73, "amount": 0.21, "side": "buy", "timestamp": 1765843009750}, {"id": "787225572", "price": 858.73, "amount": 0.16, "side": "buy", "timestamp": 1765843009936}, {"id": "787225573", "price": 858.73, "amount": 1.16, "side": "buy", "timestamp": 1765843010606}, {"id": "787225574", "price": 858.72, "amount": 0.01, "side": "sell", "timestamp": 1765843010764}, {"id": "787225575", "price": 858.73, "amount": 0.02, "side": "buy", "timestamp": 1765843010777}, {"id": "787225576", "price": 858.72, "amount": 0.07, "side": "sell", "timestamp": 1765843011073}, {"id": "787225577", "price": 858.73, "amount": 0.12, "side": "buy", "timestamp": 1765843011355}, {"id": "787225578", "price": 858.72, "amount": 0.16, "side": "sell", "timestamp": 1765843012139}, {"id": "787225579", "price": 858.73, "amount": 0.05, "side": "buy", "timestamp": 1765843012741}, {"id": "787225580", "price": 858.72, "amount": 0.13, "side": "sell", "timestamp": 1765843014246}, {"id": "787225581", "price": 858.73, "amount": 18.0, "side": "buy", "timestamp": 1765843014251}, {"id": "787225582", "price": 858.72, "amount": 0.1, "side": "sell", "timestamp": 1765843014253}, {"id": "787225583", "price": 858.72, "amount": 0.11, "side": "sell", "timestamp": 1765843014397}, {"id": "787225584", "price": 858.72, "amount": 0.57, "side": "sell", "timestamp": 1765843015069}, {"id": "787225585", "price": 858.73, "amount": 6.32, "side": "buy", "timestamp": 1765843015092}, {"id": "787225586", "price": 858.72, "amount": 0.05, "side": "sell", "timestamp": 1765843016150}, {"id": "787225587", "price": 858.73, "amount": 0.01, "side": "buy", "timestamp": 1765843017095}, {"id": "787225588", "price": 858.72, "amount": 0.36, "side": "sell", "timestamp": 1765843017266}, {"id": "787225589", "price": 858.72, "amount": 0.19, "side": "sell", "timestamp": 1765843017734}, {"id": "787225590", "price": 858.72, "amount": 0.06, "side": "sell", "timestamp": 1765843018079}, {"id": "787225591", "price": 858.73, "amount": 0.01, "side": "buy", "timestamp": 1765843019204}, {"id": "787225592", "price": 858.72, "amount": 0.01, "side": "sell", "timestamp": 1765843019665}, {"id": "787225593", "price": 858.72, "amount": 0.04, "side": "sell", "timestamp": 1765843021243}, {"id": "787225594", "price": 858.72, "amount": 0.38, "side": "sell", "timestamp": 1765843021598}, {"id": "787225595", "price": 858.72, "amount": 4.85, "side": "sell", "timestamp": 1765843022983}, {"id": "787225656", "price": 858.79, "amount": 1.84, "side": "buy", "timestamp": 1765843053034}, {"id": "787225657", "price": 858.78, "amount": 0.06, "side": "sell", "timestamp": 1765843053102}, {"id": "787225658", "price": 858.79, "amount": 1.6, "side": "buy", "timestamp": 1765843053999}, {"id": "787225659", "price": 858.8, "amount": 1.98, "side": "buy", "timestamp": 1765843054000}, {"id": "787225660", "price": 858.81, "amount": 0.05, "side": "buy", "timestamp": 1765843054003}, {"id": "787225661", "price": 858.82, "amount": 0.01, "side": "buy", "timestamp": 1765843054003}, {"id": "787225662", "price": 858.83, "amount": 1.22, "side": "buy", "timestamp": 1765843054007}, {"id": "787225663", "price": 858.84, "amount": 1.29, "side": "buy", "timestamp": 1765843054007}, {"id": "787225664", "price": 858.83, "amount": 0.76, "side": "sell", "timestamp": 1765843054224}, {"id": "787225665", "price": 858.83, "amount": 0.03, "side": "sell", "timestamp": 1765843054666}, {"id": "787225666", "price": 858.83, "amount": 0.01, "side": "sell", "timestamp": 1765843055664}, {"id": "787225667", "price": 858.83, "amount": 0.03, "side": "sell", "timestamp": 1765843056125}, {"id": "787225668", "price": 858.83, "amount": 0.13, "side": "sell", "timestamp": 1765843056279}, {"id": "787225669", "price": 858.84, "amount": 0.02, "side": "buy", "timestamp": 1765843056824}, {"id": "787225670", "price": 858.83, "amount": 0.78, "side": "sell", "timestamp": 1765843058505}, {"id": "787225671", "price": 858.83, "amount": 0.05, "side": "sell", "timestamp": 1765843059090}, {"id": "787225672", "price": 858.83, "amount": 0.03, "side": "sell", "timestamp": 1765843059813}, {"id": "787225673", "price": 858.83, "amount": 0.19, "side": "sell", "timestamp": 1765843060032}, {"id": "787225674", "price": 858.84, "amount": 2.14, "side": "buy", "timestamp": 1765843060179}, {"id": "787225675", "price": 858.84, "amount": 0.65, "side": "buy", "timestamp": 1765843060513}, {"id": "787225676", "price": 858.83, "amount": 0.13, "side": "sell", "timestamp": 1765843062909}, {"id": "787225677", "price": 858.84, "amount": 0.01, "side": "buy", "timestamp": 1765843063323}, {"id": "787225678", "price": 858.84, "amount": 0.2, "side": "buy", "timestamp": 1765843063475}, {"id": "787225679", "price": 858.84, "amount": 0.01, "side": "buy", "timestamp": 1765843064266}, {"id": "787225680", "price": 858.84, "amount": 0.01, "side": "buy", "timestamp": 1765843065055}, {"id": "787225681", "price": 858.83, "amount": 0.02, "side": "sell", "timestamp": 1765843065080}, {"id": "787225682", "price": 858.84, "amount": 0.19, "side": "buy", "timestamp": 1765843065804}, {"id": "787225683", "price": 858.84, "amount": 0.02, "side": "buy", "timestamp": 1765843066179}, {"id": "787225684", "price": 858.83, "amount": 9.09, "side": "sell", "timestamp": 1765843066656}, {"id": "787225685", "price": 858.82, "amount": 0.02, "side": "sell", "timestamp": 1765843066661}, {"id": "787225686", "price": 858.81, "amount": 0.25, "side": "sell", "timestamp": 1765843066661}, {"id": "787225687", "price": 858.8, "amount": 0.03, "side": "sell", "timestamp": 1765843066663}, {"id": "787225688", "price": 858.78, "amount": 0.14, "side": "sell", "timestamp": 1765843067917}, {"id": "787225689", "price": 858.79, "amount": 0.01, "side": "buy", "timestamp": 1765843067982}, {"id": "787225690", "price": 858.79, "amount": 1.0, "side": "buy", "timestamp": 1765843068116}, {"id": "787225691", "price": 858.78, "amount": 0.07, "side": "sell", "timestamp": 1765843069151}, {"id": "787225692", "price": 858.79, "amount": 0.54, "side": "buy", "timestamp": 1765843069225}, {"id": "787225693", "price": 858.79, "amount": 0.03, "side": "buy", "timestamp": 1765843069774}, {"id": "787225694", "price": 858.78, "amount": 0.06, "side": "sell", "timestamp": 1765843069987}, {"id": "787225695", "price": 858.78, "amount": 0.08, "side": "sell", "timestamp": 1765843070197}, {"id": "787225696", "price": 858.78, "amount": 0.05, "side": "sell", "timestamp": 1765843070632}, {"id": "787225697", "price": 858.79, "amount": 0.01, "side": "buy", "timestamp": 1765843071813}, {"id": "787225698", "price": 858.78, "amount": 0.19, "side": "sell", "timestamp": 1765843072267}, {"id": "787225699", "price": 858.78, "amount": 0.14, "side": "sell", "timestamp": 1765843074263}, {"id": "787225700", "price": 858.78, "amount": 1.16, "side": "sell", "timestamp": 1765843074649}, {"id": "787225701", "price": 858.79, "amount": 0.11, "side": "buy", "timestamp": 1765843075797}, {"id": "787225702", "price": 858.78, "amount": 0.03, "side": "sell", "timestamp": 1765843075940}, {"id": "787225703", "price": 858.79, "amount": 0.03, "side": "buy", "timestamp": 1765843076857}, {"id": "787225704", "price": 858.78, "amount": 0.38, "side": "sell", "timestamp": 1765843077105}, {"id": "787225705", "price": 858.78, "amount": 0.17, "side": "sell", "timestamp": 1765843078214}, {"id": "787225766", "price": 858.87, "amount": 0.22, "side": "buy", "timestamp": 1765843109713}, {"id": "787225767", "price": 858.87, "amount": 0.04, "side": "buy", "timestamp": 1765843109924}, {"id": "787225768", "price": 858.86, "amount": 0.16, "side": "sell", "timestamp": 1765843110712}, {"id": "787225769", "price": 858.87, "amount": 0.29, "side": "buy", "timestamp": 1765843110895}, {"id": "787225770", "price": 858.87, "amount": 0.34, "side": "buy", "timestamp": 1765843111225}, {"id": "787225771", "price": 858.86, "amount": 0.16, "side": "sell", "timestamp": 1765843111266}, {"id": "787225772", "price": 858.87, "amount": 0.5, "side": "buy", "timestamp": 1765843111523}, {"id": "787225773", "price": 858.87, "amount": 0.67, "side": "buy", "timestamp": 1765843112106}, {"id": "787225774", "price": 858.87, "amount": 0.01, "side": "buy", "timestamp": 1765843112387}, {"id": "787225775", "price": 858.87, "amount": 0.08, "side": "buy", "timestamp": 1765843113367}, {"id": "787225776", "price": 858.87, "amount": 0.02, "side": "buy", "timestamp": 1765843114072}, {"id": "787225777", "price": 858.86, "amount": 0.06, "side": "sell", "timestamp": 1765843114261}, {"id": "787225778", "price": 858.86, "amount": 1.96, "side": "sell", "timestamp": 1765843114634}, {"id": "787225779", "price": 858.87, "amount": 0.22, "side": "buy", "timestamp": 1765843114726}, {"id": "787225780", "price": 858.87, "amount": 0.04, "side": "buy", "timestamp": 1765843114870}, {"id": "787225781", "price": 858.86, "amount": 0.07, "side": "sell", "timestamp": 1765843115082}, {"id": "787225782", "price": 858.87, "amount": 0.01, "side": "buy", "timestamp": 1765843115950}, {"id": "787225783", "price": 858.87, "amount": 0.04, "side": "buy", "timestamp": 1765843116398}, {"id": "787225784", "price": 858.87, "amount": 0.01, "side": "buy", "timestamp": 1765843116604}, {"id": "787225785", "price": 858.87, "amount": 0.01, "side": "buy", "timestamp": 1765843118192}, {"id": "787225786", "price": 858.86, "amount": 0.14, "side": "sell", "timestamp": 1765843118282}, {"id": "787225787", "price": 858.87, "amount": 0.01, "side": "buy", "timestamp": 1765843118323}, {"id": "787225788", "price": 858.86, "amount": 0.11, "side": "sell", "timestamp": 1765843119296}, {"id": "787225789", "price": 858.87, "amount": 0.03, "side": "buy", "timestamp": 1765843119338}, {"id": "787225790", "price": 858.87, "amount": 2.11, "side": "buy", "timestamp": 1765843119699}, {"id": "787225791", "price": 858.87, "amount": 0.14, "side": "buy", "timestamp": 1765843119901}, {"id": "787225792", "price": 858.87, "amount": 0.01, "side": "buy", "timestamp": 1765843120039}, {"id": "787225793", "price": 858.87, "amount": 0.01, "side": "buy", "timestamp": 1765843120485}, {"id": "787225794", "price": 858.86, "amount": 0.18, "side": "sell", "timestamp": 1765843121118}, {"id": "787225795", "price": 858.86, "amount": 0.08, "side": "sell", "timestamp": 1765843122226}, {"id": "787225796", "price": 858.86, "amount": 0.05, "side": "sell", "timestamp": 1765843122655}, {"id": "787225797", "price": 858.86, "amount": 0.06, "side": "sell", "timestamp": 1765843124211}, {"id": "787225798", "price": 858.87, "amount": 0.01, "side": "buy", "timestamp": 1765843124418}, {"id": "787225799", "price": 858.87, "amount": 0.09, "side": "buy", "timestamp": 1765843124763}, {"id": "787225800", "price": 858.87, "amount": 0.6, "side": "buy", "timestamp": 1765843125038}, {"id": "787225801", "price": 858.87, "amount": 0.28, "side": "buy", "timestamp": 1765843125148}, {"id": "787225802", "price": 858.86, "amount": 0.06, "side": "sell", "timestamp": 1765843125213}, {"id": "787225803", "price": 858.86, "amount": 0.06, "side": "sell", "timestamp": 1765843127263}, {"id": "787225804", "price": 858.86, "amount": 0.01, "side": "sell", "timestamp": 1765843127632}, {"id": "787225805", "price": 858.87, "amount": 0.07, "side": "buy", "timestamp": 1765843128047}, {"id": "787225806", "price": 858.86, "amount": 0.06, "side": "sell", "timestamp": 1765843128102}, {"id": "787225807", "price": 858.87, "amount": 0.03, "side": "buy", "timestamp": 1765843129731}, {"id": "787225808", "price": 858.87, "amount": 0.14, "side": "buy", "timestamp": 1765843129845}, {"id": "787225809", "price": 858.87, "amount": 0.18, "side": "buy", "timestamp": 1765843130027}, {"id": "787225810", "price": 858.87, "amount": 0.01, "side": "buy", "timestamp": 1765843130299}, {"id": "787225811", "price": 858.86, "amount": 0.14, "side": "sell", "timestamp": 1765843131109}, {"id": "787225812", "price": 858.86, "amount": 0.02, "side": "sell", "timestamp": 1765843131961}, {"id": "787225813", "price": 858.87, "amount": 0.2, "side": "buy", "timestamp": 1765843132795}, {"id": "787225814", "price": 858.86, "amount": 0.16, "side": "sell", "timestamp": 1765843134196}, {"id": "787225815", "price": 858.87, "amount": 0.5, "side": "buy", "timestamp": 1765843135537}, {"id": "787225922", "price": 858.95, "amount": 0.03, "side": "sell", "timestamp": 1765843175288}, {"id": "787225923", "price": 858.95, "amount": 4.25, "side": "sell", "timestamp": 1765843175638}, {"id": "787225924", "price": 858.96, "amount": 24.97, "side": "buy", "timestamp": 1765843176485}, {"id": "787225925", "price": 858.97, "amount": 1.25, "side": "buy", "timestamp": 1765843176485}, {"id": "787225926", "price": 858.98, "amount": 1.4, "side": "buy", "timestamp": 1765843176485}, {"id": "787225927", "price": 858.99, "amount": 0.25, "side": "buy", "timestamp": 1765843176485}, {"id": "787225928", "price": 859.0, "amount": 3.24, "side": "buy", "timestamp": 1765843176485}, {"id": "787225929", "price": 859.01, "amount": 8.73, "side": "buy", "timestamp": 1765843176485}, {"id": "787225930", "price": 859.02, "amount": 0.04, "side": "buy", "timestamp": 1765843176485}, {"id": "787225931", "price": 859.03, "amount": 4.09, "side": "buy", "timestamp": 1765843176485}, {"id": "787225932", "price": 859.04, "amount": 6.86, "side": "buy", "timestamp": 1765843176485}, {"id": "787225933", "price": 859.05, "amount": 3.32, "side": "buy", "timestamp": 1765843176485}, {"id": "787225934", "price": 859.06, "amount": 0.5, "side": "buy", "timestamp": 1765843176485}, {"id": "787225935", "price": 859.07, "amount": 3.56, "side": "buy", "timestamp": 1765843176485}, {"id": "787225936", "price": 858.99, "amount": 0.24, "side": "sell", "timestamp": 1765843177271}, {"id": "787225937", "price": 859.0, "amount": 0.03, "side": "buy", "timestamp": 1765843177321}, {"id": "787225938", "price": 858.99, "amount": 0.07, "side": "sell", "timestamp": 1765843177326}, {"id": "787225939", "price": 859.0, "amount": 5.87, "side": "buy", "timestamp": 1765843177991}, {"id": "787225940", "price": 858.99, "amount": 0.71, "side": "sell", "timestamp": 1765843179044}, {"id": "787225941", "price": 859.0, "amount": 0.01, "side": "buy", "timestamp": 1765843179324}, {"id": "787225942", "price": 858.99, "amount": 0.17, "side": "sell", "timestamp": 1765843179722}, {"id": "787225943", "price": 859.0, "amount": 0.04, "side": "buy", "timestamp": 1765843180866}, {"id": "787225944", "price": 858.99, "amount": 0.06, "side": "sell", "timestamp": 1765843182237}, {"id": "787225945", "price": 858.99, "amount": 0.01, "side": "sell", "timestamp": 1765843182694}, {"id": "787225946", "price": 858.99, "amount": 0.17, "side": "sell", "timestamp": 1765843182962}, {"id": "787225947", "price": 859.0, "amount": 2.0, "side": "buy", "timestamp": 1765843183554}, {"id": "787225948", "price": 858.99, "amount": 0.17, "side": "sell", "timestamp": 1765843184817}, {"id": "787225949", "price": 858.99, "amount": 0.41, "side": "sell", "timestamp": 1765843185122}, {"id": "787225950", "price": 859.0, "amount": 9.43, "side": "buy", "timestamp": 1765843186919}, {"id": "787225951", "price": 859.01, "amount": 0.01, "side": "buy", "timestamp": 1765843186922}, {"id": "787225952", "price": 859.03, "amount": 1.81, "side": "buy", "timestamp": 1765843186922}, {"id": "787225953", "price": 859.06, "amount": 0.03, "side": "buy", "timestamp": 1765843186924}, {"id": "787225954", "price": 859.07, "amount": 0.12, "side": "sell", "timestamp": 1765843186993}, {"id": "787225955", "price": 859.07, "amount": 0.12, "side": "sell", "timestamp": 1765843188396}, {"id": "787225956", "price": 859.07, "amount": 40.49, "side": "sell", "timestamp": 1765843189141}, {"id": "787225957", "price": 859.06, "amount": 0.27, "side": "sell", "timestamp": 1765843189144}, {"id": "787225958", "price": 859.04, "amount": 0.01, "side": "sell", "timestamp": 1765843189144}, {"id": "787225959", "price": 859.03, "amount": 0.02, "side": "sell", "timestamp": 1765843189144}, {"id": "787225960", "price": 859.02, "amount": 13.02, "side": "sell", "timestamp": 1765843189144}, {"id": "787225961", "price": 859.0, "amount": 0.01, "side": "sell", "timestamp": 1765843189180}, {"id": "787225962", "price": 858.99, "amount": 8.52, "side": "sell", "timestamp": 1765843189180}, {"id": "787225963", "price": 858.98, "amount": 0.16, "side": "sell", "timestamp": 1765843189185}, {"id": "787225964", "price": 858.96, "amount": 0.02, "side": "sell", "timestamp": 1765843189185}, {"id": "787225965", "price": 858.95, "amount": 4.06, "side": "sell", "timestamp": 1765843189187}, {"id": "787225966", "price": 858.95, "amount": 0.11, "side": "sell", "timestamp": 1765843189424}, {"id": "787225967", "price": 858.95, "amount": 0.17, "side": "sell", "timestamp": 1765843190282}, {"id": "787225968", "price": 858.96, "amount": 0.01, "side": "buy", "timestamp": 1765843190966}, {"id": "787225969", "price": 858.95, "amount": 0.06, "side": "sell", "timestamp": 1765843191100}, {"id": "787225970", "price": 858.96, "amount": 24.42, "side": "buy", "timestamp": 1765843191143}, {"id": "787225971", "price": 858.97, "amount": 0.01, "side": "buy", "timestamp": 1765843191144}]