[{"symbol": "BTCUSDT", "bids": [[86201.3, 3.799], [86201.2, 0.002], [86201.1, 0.002], [86201.0, 0.004], [86200.9, 0.045], [86200.6, 0.002], [86200.5, 0.006], [86199.6, 0.002], [86199.5, 0.002], [86199.4, 0.002], [86199.3, 0.007], [86199.2, 0.003], [86198.7, 0.003], [86198.6, 0.054], [86198.5, 0.467], [86198.3, 0.004], [86198.2, 0.003], [86197.8, 0.006], [86197.7, 0.006], [86197.5, 0.002]], "asks": [[86201.4, 2.097], [86201.5, 0.002], [86201.7, 0.002], [86201.8, 0.003], [86202.0, 0.062], [86202.1, 0.004], [86202.3, 0.003], [86202.5, 0.003], [86202.6, 0.002], [86202.8, 0.003], [86203.0, 0.002], [86203.2, 0.002], [86203.3, 0.007], [86203.4, 0.006], [86203.8, 0.114], [86203.9, 0.12], [86204.2, 0.003], [86204.3, 0.002], [86204.4, 0.004], [86204.6, 0.003]], "timestamp": "2025-12-16T09:25:35.904354+00:00"}, {"symbol": "BTCUSDT", "bids": [[86151.9, 7.955], [86151.8, 0.006], [86151.6, 0.003], [86151.4, 0.022], [86151.1, 0.313], [86151.0, 0.004], [86150.9, 0.274], [86150.8, 0.106], [86150.6, 0.063], [86150.5, 0.18], [86150.4, 0.117], [86150.2, 0.023], [86150.1, 0.027], [86150.0, 0.304], [86149.8, 0.002], [86149.7, 0.005], [86149.6, 0.003], [86149.3, 0.121], [86149.2, 0.006], [86149.1, 0.006]], "asks": [[86152.0, 0.436], [86152.1, 0.002], [86152.5, 0.003], [86152.7, 0.002], [86152.8, 0.05], [86153.0, 0.003], [86153.1, 0.002], [86153.5, 0.117], [86153.6, 0.002], [86153.7, 0.113], [86153.8, 0.002], [86154.0, 0.006], [86154.5, 0.002], [86154.8, 0.005], [86154.9, 0.003], [86155.0, 0.006], [86155.4, 0.003], [86155.6, 0.003], [86155.8, 0.246], [86155.9, 0.006]], "timestamp": "2025-12-16T09:26:30.880951+00:00"}, {"symbol": "BTCUSDT", "bids": [[86187.9, 3.76], [86187.8, 0.004], [86187.7, 0.233], [86187.6, 0.002], [86187.3, 0.148], [86187.2, 0.002], [86186.7, 0.002], [86186.5, 0.045], [86186.4, 0.002], [86186.1, 0.002], [86185.9, 0.005], [86185.2, 0.987], [86185.1, 0.003], [86185.0, 0.468], [86184.9, 0.004], [86184.8, 0.06], [86184.6, 0.002], [86184.3, 0.003], [86184.2, 0.002], [86184.1, 0.002]], "asks": [[86188.0, 3.94], [86188.1, 0.004], [86188.3, 0.003], [86188.4, 0.004], [86188.5, 0.002], [86188.7, 0.002], [86188.8, 0.003], [86188.9, 0.002], [86189.0, 0.002], [86189.1, 0.002], [86189.2, 0.004], [86189.4, 0.003], [86189.7, 0.002], [86189.9, 0.117], [86190.0, 0.007], [86190.3, 0.011], [86190.4, 0.007], [86190.5, 0.186], [86190.6, 0.117], [86190.9, 0.005]], "timestamp": "2025-12-16T09:27:25.384377+00:00"}, {"symbol": "BTCUSDT", "bids": [[86182.6, 3.588], [86182.5, 0.057], [86182.4, 0.005], [86182.3, 0.002], [86182.2, 0.002], [86181.9, 0.002], [86181.8, 0.554], [86181.7, 0.002], [86181.6, 0.004], [86181.5, 0.123], [86181.2, 0.004], [86181.0, 0.048], [86180.7, 0.002], [86180.6, 0.002], [86180.5, 0.12], [86180.4, 0.003], [86180.3, 0.002], [86180.1, 1.162], [86180.0, 0.002], [86179.8, 0.003]], "asks": [[86182.7, 5.685], [86182.8, 0.087], [86183.1, 0.006], [86183.2, 0.003], [86183.7, 0.003], [86183.9, 0.002], [86184.0, 0.004], [86184.1, 0.004], [86184.2, 0.003], [86184.5, 0.002], [86184.6, 0.002], [86184.7, 0.006], [86184.8, 0.002], [86184.9, 0.073], [86185.0, 0.004], [86185.2, 0.003], [86185.4, 0.026], [86185.5, 0.003], [86185.7, 0.004], [86185.8, 0.002]], "timestamp": "2025-12-16T09:28:19.938271+00:00"}, {"symbol": "BTCUSDT", "bids": [[86213.0, 11.174], [86212.9, 0.226], [86212.8, 0.05], [86212.5, 0.002], [86212.1, 0.006], [86212.0, 0.166], [86211.8, 0.119], [86211.7, 0.004], [86211.3, 0.002], [86211.1, 1.159], [86211.0, 0.005], [86210.8, 0.004], [86210.7, 0.002], [86210.6, 0.048], [86210.2, 0.003], [86210.1, 0.322], [86210.0, 0.009], [86209.7, 0.006], [86209.4, 0.003], [86209.3, 0.003]], "asks": [[86213.1, 3.066], [86213.2, 0.002], [86213.4, 0.002], [86213.6, 0.003], [86213.8, 0.09], [86214.0, 0.005], [86214.1, 0.003], [86214.6, 0.003], [86214.7, 0.012], [86214.8, 0.024], [86215.0, 0.01], [86215.1, 0.003], [86215.3, 0.009], [86215.4, 0.002], [86215.5, 0.011], [86215.6, 0.003], [86215.7, 0.002], [86215.8, 0.293], [86215.9, 0.003], [86216.0, 0.004]], "timestamp": "2025-12-16T09:29:14.074113+00:00"}, {"symbol": "BTCUSDT", "bids": [[86232.1, 8.687], [86232.0, 0.148], [86231.9, 0.002], [86231.8, 0.033], [86231.6, 0.005], [86231.5, 0.117], [86231.4, 0.002], [86231.3, 0.116], [86231.2, 0.05], [86231.1, 0.127], [86230.8, 0.034], [86230.7, 0.018], [86230.6, 0.005], [86230.5, 0.118], [86230.2, 0.004], [86230.1, 0.003], [86230.0, 0.005], [86229.8, 0.006], [86229.7, 0.118], [86229.5, 0.003]], "asks": [[86232.2, 0.044], [86232.3, 0.002], [86232.6, 0.017], [86232.7, 0.006], [86233.1, 0.003], [86233.5, 0.002], [86233.6, 0.003], [86233.7, 0.002], [86233.9, 0.002], [86234.1, 0.003], [86234.2, 0.005], [86234.4, 0.002], [86234.5, 0.035], [86234.6, 0.003], [86234.7, 0.002], [86235.0, 0.005], [86235.1, 0.003], [86235.2, 0.002], [86235.5, 0.022], [86235.6, 0.003]], "timestamp": "2025-12-16T09:30:08.398330+00:00"}, {"symbol": "BTCUSDT", "bids": [[86235.1, 14.326], [86235.0, 0.996], [86234.5, 0.002], [86234.3, 0.023], [86234.2, 0.002], [86234.0, 0.005], [86233.9, 0.002], [86233.8, 0.052], [86233.7, 0.116], [86233.5, 0.003], [86233.2, 0.002], [86233.0, 0.003], [86232.8, 0.162], [86232.6, 0.034], [86232.5, 0.024], [86232.2, 1.876], [86232.1, 0.347], [86232.0, 0.006], [86231.9, 0.002], [86231.8, 0.116]], "asks": [[86235.2, 0.012], [86235.3, 0.004], [86235.5, 0.022], [86235.6, 0.005], [86235.9, 0.002], [86236.0, 0.013], [86236.1, 0.005], [86236.5, 0.034], [86236.6, 0.006], [86236.8, 0.002], [86236.9, 0.009], [86237.0, 0.014], [86237.1, 0.005], [86237.3, 0.003], [86237.4, 0.003], [86237.6, 0.101], [86237.7, 0.035], [86237.8, 0.002], [86237.9, 0.002], [86238.0, 0.002]], "timestamp": "2025-12-16T09:31:01.939886+00:00"}, {"symbol": "BTCUSDT", "bids": [[86281.0, 2.253], [86280.9, 0.002], [86280.7, 0.074], [86280.2, 0.303], [86280.1, 0.002], [86279.7, 0.005], [86279.6, 0.039], [86279.5, 0.008], [86279.3, 0.2], [86279.2, 0.008], [86278.7, 0.008], [86278.5, 0.116], [86278.2, 0.003], [86278.0, 0.209], [86277.9, 0.002], [86277.8, 0.005], [86277.7, 0.026], [86277.6, 0.22], [86277.5, 0.122], [86277.4, 0.003]], "asks": [[86281.1, 3.982], [86281.2, 0.004], [86281.3, 0.006], [86281.6, 0.003], [86281.7, 0.002], [86282.1, 0.016], [86282.4, 0.004], [86282.6, 0.103], [86282.8, 0.002], [86282.9, 0.037], [86283.0, 0.083], [86283.1, 0.006], [86283.4, 0.002], [86283.6, 0.033], [86283.8, 0.545], [86283.9, 0.075], [86284.0, 0.002], [86284.1, 0.008], [86284.3, 0.005], [86284.4, 0.539]], "timestamp": "2025-12-16T09:31:56.111232+00:00"}, {"symbol": "BTCUSDT", "bids": [[86326.4, 7.916], [86326.3, 0.065], [86326.2, 0.003], [86326.1, 0.517], [86326.0, 1.0], [86325.6, 0.002], [86325.5, 0.003], [86325.3, 1.0], [86325.2, 0.01], [86325.0, 1.0], [86324.9, 0.007], [86324.8, 0.002], [86324.4, 0.006], [86324.3, 0.118], [86324.2, 0.004], [86323.8, 0.003], [86323.6, 0.018], [86323.5, 0.011], [86323.4, 0.002], [86323.3, 0.016]], "asks": [[86326.5, 1.988], [86326.6, 0.004], [86326.7, 0.002], [86326.8, 0.006], [86327.1, 0.003], [86327.6, 0.023], [86327.8, 0.004], [86328.0, 0.002], [86328.1, 0.003], [86328.2, 0.037], [86328.3, 0.009], [86328.5, 0.087], [86328.6, 0.003], [86328.8, 0.003], [86329.1, 0.024], [86329.2, 0.008], [86329.3, 0.002], [86329.5, 0.087], [86329.6, 0.006], [86329.8, 0.251]], "timestamp": "2025-12-16T09:32:50.492820+00:00"}, {"symbol": "BTCUSDT", "bids": [[86331.6, 1.242], [86331.5, 0.004], [86331.4, 0.022], [86331.1, 0.007], [86330.8, 0.002], [86330.5, 0.002], [86330.4, 0.002], [86330.3, 0.005], [86330.1, 0.01], [86330.0, 0.007], [86329.9, 0.002], [86329.8, 0.003], [86329.5, 0.002], [86329.3, 0.008], [86329.2, 0.002], [86329.1, 0.023], [86329.0, 0.005], [86328.8, 0.003], [86328.6, 0.002], [86328.5, 0.003]], "asks": [[86331.7, 3.857], [86331.8, 0.085], [86331.9, 0.002], [86332.2, 0.002], [86332.3, 0.006], [86332.6, 0.116], [86332.8, 0.002], [86333.0, 0.005], [86333.1, 0.002], [86333.4, 0.11], [86333.5, 0.119], [86333.7, 0.005], [86334.0, 0.003], [86334.1, 0.116], [86334.3, 0.057], [86334.4, 0.003], [86334.5, 0.006], [86334.7, 0.002], [86334.8, 0.116], [86334.9, 0.002]], "timestamp": "2025-12-16T09:33:44.250412+00:00"}, {"symbol": "BTCUSDT", "bids": [[86300.0, 0.211], [86299.9, 0.004], [86299.8, 0.005], [86299.2, 0.008], [86298.6, 0.003], [86298.5, 0.002], [86298.3, 0.002], [86298.1, 0.005], [86297.9, 0.016], [86297.8, 0.006], [86297.7, 0.002], [86297.6, 0.002], [86297.3, 0.005], [86297.2, 0.003], [86296.9, 0.002], [86296.8, 0.476], [86296.7, 0.002], [86296.6, 0.005], [86296.5, 0.003], [86296.4, 0.002]], "asks": [[86300.1, 13.839], [86300.2, 0.706], [86300.3, 0.002], [86300.6, 0.002], [86300.7, 0.002], [86300.8, 0.063], [86300.9, 0.081], [86301.0, 0.19], [86301.3, 0.007], [86301.5, 0.413], [86301.6, 0.05], [86301.7, 0.003], [86301.8, 0.002], [86301.9, 0.002], [86302.0, 0.003], [86302.1, 0.116], [86302.2, 0.003], [86302.3, 0.003], [86302.7, 0.004], [86302.8, 0.003]], "timestamp": "2025-12-16T09:34:37.810471+00:00"}, {"symbol": "BTCUSDT", "bids": [[86198.3, 2.359], [86198.2, 0.004], [86197.9, 0.003], [86197.8, 0.006], [86197.5, 0.003], [86197.4, 0.003], [86197.2, 0.006], [86197.0, 0.017], [86196.9, 0.507], [86196.4, 0.006], [86196.1, 0.002], [86196.0, 0.002], [86195.9, 0.006], [86195.6, 0.584], [86195.5, 0.002], [86195.4, 0.005], [86195.3, 0.012], [86195.2, 0.011], [86195.1, 0.002], [86195.0, 0.004]], "asks": [[86198.4, 10.152], [86198.5, 0.11], [86198.8, 0.003], [86199.0, 0.503], [86199.1, 0.002], [86199.2, 0.05], [86199.3, 0.006], [86199.5, 0.007], [86199.6, 0.117], [86200.0, 1.357], [86200.1, 0.003], [86200.2, 0.002], [86200.3, 0.002], [86200.4, 0.004], [86200.6, 0.006], [86200.7, 0.117], [86200.9, 0.026], [86201.1, 0.173], [86201.2, 0.051], [86201.4, 0.12]], "timestamp": "2025-12-16T09:35:31.973678+00:00"}, {"symbol": "BTCUSDT", "bids": [[86250.7, 4.424], [86250.6, 0.095], [86250.4, 0.002], [86250.3, 0.003], [86250.0, 0.002], [86249.8, 0.872], [86249.7, 1.0], [86249.6, 0.002], [86249.4, 0.002], [86249.3, 0.003], [86249.1, 0.059], [86249.0, 0.118], [86248.7, 0.003], [86248.6, 0.003], [86248.4, 1.096], [86248.3, 0.116], [86248.0, 0.002], [86247.9, 0.003], [86247.8, 0.003], [86247.4, 0.005]], "asks": [[86250.8, 3.586], [86250.9, 0.004], [86251.0, 0.003], [86251.1, 0.002], [86251.4, 0.003], [86251.5, 0.003], [86252.0, 0.005], [86252.1, 0.002], [86252.2, 0.002], [86252.4, 0.014], [86252.5, 0.005], [86252.6, 0.003], [86252.8, 0.005], [86252.9, 0.019], [86253.0, 0.003], [86253.2, 0.009], [86253.3, 0.007], [86253.5, 0.007], [86253.7, 0.008], [86253.9, 0.075]], "timestamp": "2025-12-16T09:36:26.862296+00:00"}, {"symbol": "BTCUSDT", "bids": [[86277.4, 2.63], [86277.3, 0.061], [86276.9, 0.003], [86276.6, 0.011], [86276.4, 0.642], [86276.3, 1.158], [86276.2, 0.011], [86275.8, 0.002], [86275.6, 0.061], [86275.5, 0.004], [86275.4, 0.003], [86275.2, 0.002], [86275.1, 0.051], [86275.0, 0.025], [86274.6, 0.003], [86274.4, 0.02], [86274.3, 0.002], [86274.2, 0.003], [86274.0, 0.036], [86273.6, 0.005]], "asks": [[86277.5, 3.182], [86277.6, 0.01], [86277.8, 0.002], [86278.0, 0.003], [86278.3, 0.002], [86278.4, 0.002], [86278.5, 0.003], [86278.6, 0.002], [86278.7, 0.008], [86278.8, 0.086], [86279.1, 0.002], [86279.3, 0.003], [86279.5, 0.007], [86279.6, 0.116], [86279.8, 0.003], [86280.0, 0.011], [86280.3, 0.002], [86280.4, 0.004], [86280.5, 0.119], [86280.6, 0.002]], "timestamp": "2025-12-16T09:37:20.428690+00:00"}, {"symbol": "BTCUSDT", "bids": [[86292.8, 2.636], [86292.7, 0.007], [86292.4, 0.002], [86292.1, 0.003], [86292.0, 0.004], [86291.8, 0.003], [86291.6, 0.002], [86291.4, 0.051], [86291.3, 0.003], [86291.2, 0.005], [86291.1, 0.059], [86291.0, 0.003], [86290.9, 0.04], [86290.8, 0.159], [86290.4, 0.005], [86290.3, 0.013], [86290.1, 0.013], [86290.0, 0.005], [86289.8, 0.003], [86289.5, 0.009]], "asks": [[86292.9, 12.086], [86293.0, 0.009], [86293.7, 0.118], [86294.0, 0.002], [86294.1, 0.002], [86294.7, 0.002], [86294.8, 0.002], [86294.9, 0.003], [86295.0, 0.142], [86295.1, 0.003], [86295.2, 0.128], [86295.4, 0.026], [86295.5, 0.005], [86295.6, 0.527], [86295.7, 0.005], [86295.8, 0.116], [86295.9, 0.004], [86296.1, 0.003], [86296.3, 0.002], [86296.4, 0.116]], "timestamp": "2025-12-16T09:38:13.767838+00:00"}, {"symbol": "BTCUSDT", "bids": [[86299.9, 14.156], [86299.8, 0.099], [86299.6, 0.062], [86299.5, 0.281], [86299.4, 1.158], [86299.2, 0.002], [86299.1, 0.003], [86299.0, 0.004], [86298.5, 0.002], [86298.4, 0.226], [86298.3, 0.352], [86297.9, 0.003], [86297.7, 0.003], [86297.4, 0.005], [86297.2, 0.006], [86297.1, 0.113], [86296.7, 0.005], [86296.6, 0.004], [86296.5, 0.416], [86296.4, 0.582]], "asks": [[86300.0, 3.356], [86300.1, 0.002], [86300.3, 0.006], [86300.5, 0.021], [86300.8, 0.006], [86301.0, 0.091], [86301.3, 0.002], [86301.5, 0.005], [86301.8, 0.015], [86301.9, 0.003], [86302.0, 0.017], [86302.1, 0.004], [86302.3, 0.025], [86302.5, 0.009], [86302.7, 0.003], [86302.8, 0.116], [86302.9, 0.002], [86303.0, 0.003], [86303.2, 0.003], [86303.3, 0.002]], "timestamp": "2025-12-16T09:39:06.585931+00:00"}, {"symbol": "BTCUSDT", "bids": [[86289.0, 13.46], [86288.9, 0.006], [86288.8, 0.002], [86288.6, 1.54], [86288.5, 0.005], [86288.4, 0.005], [86288.3, 0.003], [86288.2, 0.003], [86288.1, 0.008], [86288.0, 0.005], [86287.9, 0.003], [86287.8, 1.0], [86287.7, 1.367], [86287.6, 0.15], [86287.5, 0.004], [86287.4, 0.005], [86287.3, 0.002], [86287.2, 0.005], [86287.1, 0.003], [86287.0, 0.003]], "asks": [[86289.1, 0.102], [86289.2, 0.002], [86289.4, 0.005], [86289.8, 0.002], [86289.9, 0.003], [86290.3, 0.047], [86290.5, 0.002], [86290.7, 0.005], [86291.2, 0.003], [86291.5, 0.002], [86291.7, 0.007], [86292.0, 0.002], [86292.2, 0.006], [86292.4, 0.12], [86292.5, 0.002], [86292.7, 0.003], [86292.9, 0.002], [86293.0, 0.003], [86293.1, 0.081], [86293.2, 0.123]], "timestamp": "2025-12-16T09:40:00.294682+00:00"}, {"symbol": "BTCUSDT", "bids": [[86301.8, 9.882], [86301.7, 1.164], [86301.6, 1.158], [86301.5, 0.002], [86301.3, 0.003], [86301.0, 0.004], [86300.8, 0.003], [86300.7, 0.006], [86300.4, 0.116], [86300.3, 0.006], [86300.2, 0.004], [86300.1, 0.004], [86300.0, 0.01], [86299.7, 1.345], [86299.6, 0.421], [86299.5, 7.316], [86299.4, 0.004], [86299.2, 0.013], [86299.1, 0.003], [86299.0, 0.118]], "asks": [[86301.9, 2.68], [86302.0, 0.004], [86303.3, 0.091], [86303.5, 0.045], [86303.7, 0.002], [86303.9, 0.023], [86304.0, 0.004], [86304.1, 0.009], [86304.5, 0.083], [86304.6, 0.003], [86304.7, 0.003], [86304.9, 0.004], [86305.0, 0.002], [86305.3, 0.002], [86305.5, 0.006], [86305.6, 0.002], [86305.7, 0.002], [86306.0, 0.027], [86306.1, 0.002], [86306.3, 0.003]], "timestamp": "2025-12-16T09:40:53.784310+00:00"}, {"symbol": "BTCUSDT", "bids": [[86307.0, 11.577], [86306.9, 0.388], [86306.7, 0.002], [86306.3, 0.003], [86305.8, 0.003], [86305.4, 0.025], [86305.3, 0.002], [86305.1, 0.419], [86305.0, 0.007], [86304.5, 0.002], [86304.4, 0.004], [86304.3, 0.005], [86304.2, 0.246], [86304.1, 0.007], [86304.0, 0.002], [86303.9, 0.004], [86303.8, 0.003], [86303.7, 0.002], [86303.6, 0.057], [86303.4, 0.003]], "asks": [[86307.1, 2.95], [86307.2, 0.046], [86307.4, 0.003], [86307.5, 0.002], [86307.7, 0.015], [86307.9, 0.086], [86308.0, 0.118], [86308.3, 0.002], [86308.4, 0.003], [86308.6, 0.002], [86308.7, 0.002], [86308.8, 0.045], [86309.0, 0.121], [86309.1, 0.005], [86309.2, 0.002], [86309.6, 0.008], [86309.7, 0.006], [86309.8, 0.002], [86309.9, 0.272], [86310.0, 0.294]], "timestamp": "2025-12-16T09:41:46.255799+00:00"}, {"symbol": "BTCUSDT", "bids": [[86283.5, 5.331], [86283.4, 0.01], [86283.3, 0.003], [86283.2, 0.003], [86283.1, 0.003], [86283.0, 0.036], [86282.8, 0.018], [86282.7, 0.119], [86282.6, 0.029], [86282.5, 0.196], [86282.2, 0.004], [86282.0, 0.119], [86281.9, 0.003], [86281.8, 0.006], [86281.7, 0.002], [86281.4, 0.003], [86281.3, 0.004], [86281.2, 0.003], [86281.1, 0.012], [86281.0, 0.179]], "asks": [[86283.6, 0.466], [86283.7, 0.002], [86283.8, 0.007], [86284.0, 0.006], [86284.3, 0.005], [86284.7, 0.002], [86284.8, 0.003], [86285.4, 0.002], [86285.5, 0.004], [86285.6, 0.006], [86286.1, 0.003], [86286.3, 0.081], [86286.4, 0.005], [86286.6, 0.002], [86286.8, 0.005], [86287.1, 0.003], [86287.2, 0.002], [86287.3, 0.048], [86287.4, 0.017], [86287.5, 0.003]], "timestamp": "2025-12-16T09:42:38.749509+00:00"}, {"symbol": "BTCUSDT", "bids": [[86299.9, 3.901], [86299.8, 0.008], [86299.6, 0.003], [86299.2, 0.002], [86299.0, 0.24], [86298.9, 0.281], [86298.7, 0.005], [86298.6, 0.024], [86298.3, 0.057], [86298.2, 0.003], [86298.1, 1.158], [86298.0, 0.116], [86297.9, 0.003], [86297.7, 0.005], [86297.3, 0.116], [86297.2, 0.005], [86297.1, 0.003], [86296.8, 0.024], [86296.7, 0.002], [86296.6, 0.002]], "asks": [[86300.0, 2.112], [86300.1, 0.002], [86300.2, 0.047], [86300.5, 0.024], [86300.6, 0.008], [86301.0, 0.04], [86301.1, 0.002], [86301.2, 0.048], [86301.4, 0.018], [86301.5, 0.002], [86301.7, 0.003], [86301.8, 0.002], [86301.9, 0.002], [86302.0, 0.003], [86302.1, 0.024], [86302.2, 0.003], [86302.3, 0.004], [86302.4, 0.086], [86302.6, 0.003], [86302.7, 0.002]], "timestamp": "2025-12-16T09:43:31.636515+00:00"}, {"symbol": "BTCUSDT", "bids": [[86304.3, 4.495], [86304.2, 0.064], [86304.1, 0.005], [86303.7, 0.002], [86303.3, 0.003], [86302.9, 0.116], [86302.8, 0.039], [86302.5, 0.002], [86302.3, 0.008], [86302.1, 0.116], [86301.8, 0.002], [86301.6, 0.003], [86301.5, 0.003], [86301.1, 0.007], [86301.0, 0.038], [86300.9, 0.002], [86300.7, 0.003], [86300.6, 0.447], [86300.5, 1.0], [86300.4, 0.559]], "asks": [[86304.4, 3.346], [86304.5, 0.002], [86304.7, 0.002], [86304.9, 0.002], [86305.1, 0.003], [86305.3, 0.006], [86305.6, 0.003], [86305.8, 0.003], [86305.9, 0.002], [86306.0, 0.002], [86306.1, 0.119], [86306.2, 0.007], [86306.4, 0.003], [86306.6, 0.005], [86306.7, 0.002], [86306.9, 0.006], [86307.0, 0.006], [86307.1, 0.014], [86307.2, 0.004], [86307.4, 0.003]], "timestamp": "2025-12-16T09:44:24.595266+00:00"}, {"symbol": "BTCUSDT", "bids": [[86354.9, 3.455], [86354.8, 0.008], [86354.7, 0.01], [86354.3, 0.003], [86354.0, 0.033], [86353.9, 0.19], [86353.8, 0.005], [86353.5, 0.002], [86353.2, 0.002], [86353.1, 0.002], [86352.9, 0.006], [86352.7, 0.002], [86352.6, 0.002], [86352.4, 0.003], [86352.3, 0.059], [86352.2, 0.003], [86352.1, 0.003], [86351.9, 0.009], [86351.8, 0.002], [86351.6, 0.187]], "asks": [[86355.0, 3.554], [86355.1, 0.002], [86355.5, 0.003], [86355.7, 0.047], [86356.0, 0.006], [86356.3, 0.004], [86356.4, 0.003], [86356.5, 0.003], [86356.9, 0.008], [86357.0, 0.119], [86357.1, 0.004], [86357.2, 0.005], [86357.3, 0.031], [86357.5, 0.008], [86357.6, 0.005], [86357.7, 0.021], [86357.9, 0.275], [86358.0, 0.003], [86358.1, 1.118], [86358.2, 0.002]], "timestamp": "2025-12-16T09:45:17.479479+00:00"}, {"symbol": "BTCUSDT", "bids": [[86327.7, 0.008], [86327.4, 0.005], [86327.3, 0.004], [86327.0, 0.002], [86326.9, 0.005], [86326.8, 0.002], [86326.4, 0.008], [86326.3, 0.002], [86325.9, 0.003], [86325.5, 0.012], [86325.4, 0.009], [86325.3, 0.002], [86325.2, 0.002], [86325.0, 0.006], [86324.9, 0.008], [86324.8, 0.002], [86324.6, 0.002], [86324.5, 0.006], [86324.4, 0.003], [86323.9, 0.003]], "asks": [[86327.8, 1.518], [86327.9, 16.933], [86328.0, 0.054], [86328.1, 0.003], [86328.3, 0.003], [86328.5, 1.144], [86328.6, 0.287], [86328.7, 0.342], [86329.1, 0.124], [86329.2, 0.25], [86329.3, 0.014], [86329.7, 0.002], [86329.9, 0.387], [86330.0, 0.002], [86330.3, 0.29], [86330.4, 0.012], [86330.5, 0.063], [86330.6, 0.003], [86330.7, 0.037], [86330.9, 0.047]], "timestamp": "2025-12-16T09:46:10.448098+00:00"}, {"symbol": "BTCUSDT", "bids": [[86318.7, 5.498], [86318.6, 0.097], [86318.3, 0.002], [86318.2, 0.005], [86318.0, 0.002], [86317.9, 0.002], [86317.6, 0.002], [86317.5, 0.009], [86317.4, 0.021], [86317.3, 0.223], [86317.2, 0.156], [86317.1, 0.036], [86317.0, 0.002], [86316.9, 0.003], [86316.7, 0.003], [86316.6, 0.002], [86316.4, 0.003], [86316.3, 0.05], [86315.9, 0.003], [86315.7, 0.024]], "asks": [[86318.8, 0.849], [86318.9, 0.002], [86319.0, 0.002], [86319.1, 0.083], [86319.5, 0.005], [86319.6, 0.003], [86319.9, 0.002], [86320.0, 0.086], [86320.1, 0.003], [86320.4, 0.002], [86320.7, 0.024], [86320.8, 0.005], [86320.9, 0.118], [86321.0, 0.003], [86321.2, 0.002], [86321.3, 0.003], [86321.4, 0.002], [86321.5, 0.005], [86321.6, 0.002], [86321.7, 0.116]], "timestamp": "2025-12-16T09:47:03.217282+00:00"}, {"symbol": "BTCUSDT", "bids": [[86300.7, 6.025], [86300.6, 0.004], [86300.5, 0.021], [86300.4, 0.005], [86300.2, 0.026], [86300.1, 0.345], [86300.0, 0.516], [86299.9, 0.018], [86299.8, 0.002], [86299.4, 0.019], [86299.2, 0.006], [86299.0, 0.002], [86298.9, 0.003], [86298.8, 0.033], [86298.6, 0.002], [86298.5, 0.003], [86298.4, 0.027], [86298.3, 0.116], [86298.2, 0.004], [86298.1, 0.004]], "asks": [[86300.8, 0.159], [86300.9, 0.011], [86301.0, 0.004], [86301.5, 0.002], [86301.7, 0.003], [86301.9, 0.002], [86302.0, 0.056], [86302.3, 0.002], [86302.4, 0.003], [86302.6, 0.007], [86302.7, 0.002], [86302.8, 0.003], [86303.0, 0.003], [86303.2, 0.002], [86303.6, 0.013], [86303.7, 0.057], [86304.0, 0.005], [86304.4, 0.02], [86304.5, 0.003], [86304.6, 0.013]], "timestamp": "2025-12-16T09:47:55.518608+00:00"}, {"symbol": "BTCUSDT", "bids": [[86336.3, 1.935], [86336.2, 0.006], [86336.0, 0.05], [86335.8, 0.003], [86335.4, 0.266], [86335.3, 1.163], [86335.2, 0.055], [86335.1, 0.011], [86334.5, 0.003], [86334.3, 0.117], [86334.0, 0.081], [86333.8, 0.005], [86333.5, 0.003], [86333.4, 0.004], [86333.2, 0.005], [86333.0, 0.002], [86332.9, 0.002], [86332.7, 0.006], [86332.5, 0.012], [86332.2, 0.003]], "asks": [[86336.4, 4.303], [86336.5, 0.004], [86336.7, 0.002], [86336.8, 0.003], [86336.9, 0.051], [86337.0, 0.083], [86337.2, 0.005], [86337.3, 0.058], [86337.4, 0.003], [86337.5, 0.003], [86337.6, 0.002], [86337.8, 0.045], [86338.0, 0.004], [86338.1, 0.003], [86338.2, 0.002], [86338.4, 0.002], [86338.6, 0.121], [86338.7, 0.003], [86339.0, 0.002], [86339.3, 0.124]], "timestamp": "2025-12-16T09:48:48.484805+00:00"}, {"symbol": "BTCUSDT", "bids": [[86292.5, 2.807], [86292.4, 0.586], [86292.3, 0.002], [86292.1, 0.002], [86292.0, 0.087], [86291.9, 0.003], [86291.6, 0.004], [86291.4, 0.037], [86291.2, 0.027], [86290.9, 0.005], [86290.8, 0.01], [86290.7, 0.018], [86290.4, 0.121], [86290.1, 0.156], [86290.0, 0.356], [86289.9, 0.005], [86289.8, 0.003], [86289.7, 0.116], [86289.6, 0.02], [86289.5, 0.002]], "asks": [[86292.6, 3.36], [86292.7, 0.002], [86292.8, 0.05], [86292.9, 0.002], [86293.0, 0.118], [86293.3, 0.023], [86293.6, 0.052], [86293.7, 0.008], [86294.0, 0.002], [86294.1, 0.083], [86294.5, 0.009], [86294.6, 0.005], [86295.0, 0.004], [86295.2, 0.067], [86295.3, 0.004], [86295.4, 0.061], [86295.7, 0.027], [86295.8, 0.004], [86296.0, 0.005], [86296.1, 0.115]], "timestamp": "2025-12-16T09:49:41.283251+00:00"}, {"symbol": "BTCUSDT", "bids": [[86240.0, 0.943], [86239.9, 0.005], [86239.7, 0.002], [86239.6, 0.023], [86239.4, 0.005], [86239.2, 0.004], [86238.9, 0.003], [86238.5, 0.002], [86238.4, 0.003], [86238.2, 0.025], [86238.1, 0.002], [86238.0, 0.004], [86237.9, 0.006], [86237.7, 0.003], [86237.4, 0.003], [86237.2, 0.004], [86237.1, 0.003], [86236.9, 0.003], [86236.8, 0.004], [86236.6, 0.005]], "asks": [[86240.1, 12.786], [86240.2, 0.068], [86240.3, 0.12], [86240.4, 0.889], [86240.5, 1.0], [86240.6, 1.0], [86240.7, 0.066], [86240.8, 0.052], [86241.0, 0.003], [86241.2, 0.402], [86241.5, 0.086], [86241.6, 0.053], [86241.8, 0.024], [86242.0, 0.009], [86242.1, 0.501], [86242.2, 0.003], [86242.5, 0.005], [86242.6, 0.003], [86242.7, 0.003], [86242.8, 0.391]], "timestamp": "2025-12-16T09:50:33.500156+00:00"}, {"symbol": "BTCUSDT", "bids": [[86234.3, 4.48], [86234.2, 0.068], [86234.0, 0.002], [86233.5, 0.392], [86233.4, 1.002], [86233.3, 0.166], [86233.2, 0.002], [86232.8, 0.002], [86232.7, 0.003], [86232.6, 0.034], [86232.4, 0.116], [86232.3, 0.005], [86232.2, 0.005], [86231.8, 0.005], [86231.7, 0.116], [86231.6, 0.004], [86231.5, 0.005], [86231.4, 0.002], [86231.3, 0.003], [86231.0, 0.003]], "asks": [[86234.4, 4.877], [86234.5, 0.009], [86234.7, 0.007], [86235.0, 0.003], [86235.3, 0.002], [86235.5, 0.003], [86235.6, 0.002], [86235.8, 0.003], [86236.0, 0.005], [86236.3, 0.004], [86236.4, 0.003], [86236.5, 0.007], [86236.7, 0.004], [86236.8, 0.004], [86237.0, 0.005], [86237.1, 0.003], [86237.4, 0.002], [86237.5, 0.005], [86237.6, 0.005], [86237.7, 0.116]], "timestamp": "2025-12-16T09:51:26.234720+00:00"}, {"symbol": "BTCUSDT", "bids": [[86241.4, 1.281], [86241.3, 0.005], [86241.0, 0.002], [86240.9, 0.002], [86240.8, 0.033], [86240.6, 0.003], [86240.5, 0.002], [86240.1, 0.003], [86240.0, 0.002], [86239.4, 0.008], [86239.3, 0.002], [86239.1, 0.002], [86239.0, 0.002], [86238.9, 0.009], [86238.8, 0.003], [86238.6, 0.072], [86238.5, 0.055], [86238.1, 0.006], [86238.0, 0.084], [86237.9, 0.016]], "asks": [[86241.5, 17.092], [86241.6, 0.368], [86241.7, 0.002], [86242.0, 0.002], [86242.1, 0.002], [86242.2, 0.003], [86242.3, 0.006], [86242.4, 0.793], [86242.5, 0.057], [86242.8, 0.003], [86243.0, 0.002], [86243.1, 0.103], [86243.4, 0.002], [86243.5, 0.582], [86243.6, 0.002], [86243.9, 0.004], [86244.2, 0.002], [86244.3, 0.478], [86244.6, 0.002], [86244.7, 0.002]], "timestamp": "2025-12-16T09:52:19.047098+00:00"}, {"symbol": "BTCUSDT", "bids": [[86244.7, 4.926], [86244.6, 0.006], [86244.5, 0.002], [86244.3, 0.003], [86244.0, 0.187], [86243.8, 0.005], [86243.7, 0.002], [86243.5, 0.002], [86243.4, 0.116], [86243.3, 0.004], [86243.2, 0.005], [86243.0, 0.002], [86242.7, 0.006], [86242.6, 0.008], [86242.5, 0.142], [86242.4, 0.584], [86242.3, 0.145], [86242.2, 0.002], [86242.0, 0.011], [86241.8, 0.121]], "asks": [[86244.8, 3.614], [86244.9, 0.155], [86245.0, 0.002], [86245.1, 0.005], [86245.2, 0.057], [86245.6, 0.005], [86246.3, 0.003], [86246.6, 0.002], [86246.8, 0.006], [86247.0, 0.002], [86247.2, 0.002], [86247.3, 0.003], [86247.6, 0.003], [86247.8, 0.005], [86248.3, 0.003], [86248.7, 0.035], [86248.8, 0.035], [86249.0, 0.002], [86249.1, 0.139], [86249.2, 0.277]], "timestamp": "2025-12-16T09:53:11.072505+00:00"}, {"symbol": "BTCUSDT", "bids": [[86274.8, 4.927], [86274.7, 0.004], [86274.5, 0.119], [86274.3, 0.002], [86274.2, 0.005], [86274.1, 0.007], [86274.0, 0.039], [86273.9, 0.003], [86273.8, 0.149], [86273.7, 0.139], [86273.6, 0.065], [86273.5, 0.043], [86273.3, 0.005], [86273.2, 0.008], [86273.1, 0.037], [86273.0, 0.116], [86272.9, 0.002], [86272.8, 0.003], [86272.7, 0.002], [86272.6, 0.011]], "asks": [[86274.9, 0.489], [86275.0, 0.005], [86275.2, 0.007], [86275.7, 0.005], [86276.1, 0.002], [86276.2, 0.003], [86276.8, 0.003], [86276.9, 0.005], [86277.2, 0.103], [86277.4, 0.002], [86277.5, 0.003], [86277.7, 0.003], [86277.9, 0.002], [86278.0, 0.003], [86278.5, 0.006], [86278.7, 0.002], [86279.1, 0.003], [86279.3, 0.003], [86279.5, 0.002], [86279.7, 0.003]], "timestamp": "2025-12-16T09:54:03.124470+00:00"}, {"symbol": "BTCUSDT", "bids": [[86291.6, 0.014], [86291.5, 0.059], [86291.4, 0.005], [86291.2, 0.004], [86290.9, 0.003], [86290.8, 0.002], [86290.4, 0.006], [86289.9, 0.002], [86289.7, 0.003], [86289.4, 0.002], [86289.3, 0.002], [86289.2, 0.006], [86289.1, 0.004], [86288.8, 0.005], [86288.6, 0.005], [86288.3, 0.007], [86288.2, 0.004], [86288.1, 0.012], [86288.0, 0.006], [86287.8, 0.002]], "asks": [[86291.7, 17.021], [86291.8, 0.123], [86292.0, 0.013], [86292.4, 0.005], [86292.5, 0.085], [86292.9, 0.119], [86293.1, 0.004], [86293.3, 0.288], [86293.5, 0.005], [86293.6, 0.256], [86293.7, 0.003], [86293.8, 0.576], [86293.9, 0.869], [86294.0, 0.007], [86294.3, 0.024], [86294.4, 0.121], [86294.5, 0.006], [86294.6, 1.012], [86294.7, 0.806], [86295.0, 0.002]], "timestamp": "2025-12-16T09:54:57.005422+00:00"}, {"symbol": "BTCUSDT", "bids": [[86274.8, 1.079], [86274.7, 0.002], [86274.1, 0.002], [86274.0, 0.002], [86273.7, 0.003], [86273.4, 0.028], [86273.2, 0.005], [86273.0, 0.058], [86272.8, 0.003], [86272.7, 0.003], [86272.3, 0.004], [86272.2, 0.003], [86272.0, 0.003], [86271.9, 0.002], [86271.7, 0.003], [86271.5, 0.003], [86271.3, 0.034], [86271.2, 0.002], [86271.1, 0.003], [86271.0, 0.007]], "asks": [[86274.9, 4.319], [86275.0, 0.011], [86275.1, 1.859], [86275.2, 0.008], [86275.5, 0.003], [86275.6, 0.005], [86275.7, 0.002], [86275.8, 0.061], [86275.9, 0.118], [86276.1, 0.005], [86276.5, 0.002], [86276.6, 0.005], [86276.9, 0.002], [86277.1, 0.003], [86277.2, 0.003], [86277.3, 0.836], [86277.4, 0.12], [86277.6, 0.006], [86277.7, 0.002], [86277.8, 0.026]], "timestamp": "2025-12-16T09:55:49.847014+00:00"}, {"symbol": "BTCUSDT", "bids": [[86266.4, 7.081], [86266.3, 0.122], [86266.1, 0.161], [86266.0, 0.229], [86265.9, 0.08], [86265.5, 0.013], [86265.4, 0.007], [86265.0, 0.004], [86264.9, 0.118], [86264.8, 0.003], [86264.6, 0.003], [86264.4, 0.004], [86264.3, 0.103], [86264.1, 0.153], [86264.0, 0.019], [86263.8, 0.003], [86263.7, 0.008], [86263.6, 0.002], [86263.5, 0.003], [86263.4, 0.126]], "asks": [[86266.5, 5.336], [86266.6, 0.023], [86267.0, 0.003], [86267.1, 0.002], [86267.5, 0.005], [86268.3, 0.002], [86268.4, 0.003], [86268.5, 0.003], [86268.6, 0.057], [86268.7, 0.014], [86268.8, 0.002], [86269.2, 0.003], [86269.3, 0.072], [86269.4, 0.006], [86269.5, 0.002], [86269.7, 0.005], [86270.0, 0.002], [86270.2, 0.005], [86270.3, 0.002], [86270.4, 0.042]], "timestamp": "2025-12-16T09:56:42.418091+00:00"}, {"symbol": "BTCUSDT", "bids": [[86287.5, 13.176], [86287.4, 0.004], [86287.0, 0.003], [86286.7, 5.622], [86286.6, 1.711], [86286.5, 0.121], [86286.2, 1.249], [86285.9, 1.25], [86285.8, 1.314], [86285.7, 0.026], [86285.4, 1.005], [86285.3, 2.328], [86285.2, 0.315], [86285.1, 0.002], [86285.0, 0.176], [86284.9, 0.742], [86284.8, 0.002], [86284.7, 0.056], [86284.5, 0.002], [86284.4, 0.002]], "asks": [[86287.6, 0.006], [86287.7, 0.002], [86288.0, 0.002], [86288.1, 0.004], [86288.3, 0.003], [86288.4, 0.003], [86288.8, 0.002], [86289.0, 0.002], [86289.1, 0.003], [86289.6, 0.003], [86289.7, 0.007], [86290.0, 0.004], [86290.2, 0.006], [86290.3, 0.002], [86290.7, 0.003], [86290.8, 0.002], [86290.9, 0.003], [86291.1, 0.008], [86291.2, 0.003], [86291.3, 0.002]], "timestamp": "2025-12-16T09:57:34.434184+00:00"}, {"symbol": "BTCUSDT", "bids": [[86307.4, 3.757], [86307.3, 0.002], [86307.2, 0.003], [86307.1, 0.002], [86306.8, 0.002], [86306.7, 0.002], [86306.6, 0.002], [86306.4, 0.003], [86306.3, 0.004], [86305.9, 0.003], [86305.5, 0.059], [86305.4, 0.005], [86305.3, 0.002], [86305.1, 0.291], [86305.0, 0.076], [86304.9, 0.002], [86304.8, 0.116], [86304.6, 0.039], [86304.4, 0.124], [86304.3, 0.108]], "asks": [[86307.5, 6.607], [86307.6, 0.004], [86307.7, 1.109], [86308.6, 0.02], [86308.9, 0.005], [86309.3, 0.002], [86309.4, 0.003], [86309.5, 0.003], [86309.6, 0.006], [86309.9, 0.002], [86310.0, 0.637], [86310.1, 0.026], [86310.2, 1.742], [86310.3, 0.007], [86310.5, 0.005], [86310.6, 0.834], [86310.8, 0.006], [86310.9, 0.018], [86311.0, 0.003], [86311.1, 0.007]], "timestamp": "2025-12-16T09:58:26.729428+00:00"}, {"symbol": "BTCUSDT", "bids": [[86292.3, 0.094], [86292.2, 0.002], [86292.1, 0.002], [86292.0, 0.002], [86291.9, 0.003], [86291.8, 0.003], [86291.7, 0.003], [86291.6, 0.002], [86291.5, 0.045], [86291.4, 0.005], [86291.0, 0.005], [86290.9, 0.007], [86290.8, 0.004], [86290.5, 0.013], [86290.4, 0.005], [86290.3, 0.015], [86290.1, 0.003], [86290.0, 0.004], [86289.9, 0.005], [86289.8, 0.057]], "asks": [[86292.4, 14.709], [86292.5, 0.035], [86292.6, 3.73], [86292.7, 1.002], [86292.8, 1.0], [86292.9, 0.771], [86293.0, 0.005], [86293.2, 0.006], [86293.5, 0.837], [86293.6, 0.432], [86294.0, 0.28], [86294.1, 0.442], [86294.2, 0.012], [86294.3, 0.119], [86294.4, 0.003], [86294.6, 0.869], [86294.7, 0.011], [86294.9, 0.003], [86295.0, 0.005], [86295.1, 0.002]], "timestamp": "2025-12-16T09:59:18.954952+00:00"}, {"symbol": "BTCUSDT", "bids": [[86301.7, 12.442], [86301.6, 0.121], [86301.5, 0.596], [86301.4, 0.003], [86301.2, 0.02], [86301.0, 0.124], [86300.9, 0.003], [86300.5, 0.024], [86300.4, 0.003], [86300.3, 0.116], [86300.2, 0.002], [86300.1, 0.006], [86300.0, 0.002], [86299.9, 0.003], [86299.8, 0.002], [86299.7, 0.003], [86299.6, 0.005], [86299.5, 1.0], [86299.4, 0.003], [86299.3, 0.005]], "asks": [[86301.8, 0.278], [86301.9, 0.002], [86302.9, 0.003], [86303.4, 0.003], [86303.6, 0.002], [86303.9, 0.003], [86304.5, 0.003], [86304.6, 0.003], [86304.8, 0.004], [86305.0, 0.005], [86305.3, 0.002], [86305.4, 0.003], [86305.5, 0.003], [86305.6, 0.002], [86305.7, 0.002], [86306.0, 0.005], [86306.2, 0.003], [86306.5, 0.003], [86306.8, 0.002], [86307.0, 0.005]], "timestamp": "2025-12-16T10:00:11.440313+00:00"}, {"symbol": "BTCUSDT", "bids": [[86300.3, 4.752], [86300.2, 0.54], [86299.9, 0.003], [86299.8, 0.004], [86299.4, 0.005], [86299.2, 0.002], [86298.9, 0.003], [86298.7, 0.002], [86298.6, 0.002], [86298.5, 0.064], [86298.4, 0.104], [86298.3, 0.59], [86298.2, 0.008], [86298.1, 0.002], [86298.0, 0.003], [86297.9, 0.005], [86297.7, 0.002], [86297.6, 0.013], [86297.5, 0.119], [86297.4, 0.007]], "asks": [[86300.4, 7.945], [86300.5, 0.669], [86300.6, 0.002], [86300.7, 0.006], [86301.0, 0.007], [86301.3, 0.008], [86301.5, 0.005], [86301.8, 0.002], [86301.9, 0.002], [86302.0, 0.003], [86302.2, 0.031], [86302.3, 0.002], [86302.4, 0.003], [86302.5, 0.003], [86302.7, 0.116], [86302.8, 0.011], [86303.1, 0.003], [86303.2, 0.002], [86303.3, 0.003], [86303.4, 0.039]], "timestamp": "2025-12-16T10:01:04.184520+00:00"}, {"symbol": "BTCUSDT", "bids": [[86244.7, 0.055], [86244.6, 0.007], [86244.5, 0.043], [86244.3, 0.002], [86244.1, 0.003], [86244.0, 0.002], [86243.8, 0.003], [86243.7, 0.002], [86243.6, 0.003], [86243.4, 0.021], [86243.1, 0.008], [86243.0, 0.008], [86242.8, 0.002], [86242.7, 0.002], [86242.6, 0.003], [86242.3, 0.004], [86242.2, 0.005], [86242.1, 0.003], [86242.0, 0.026], [86241.7, 0.005]], "asks": [[86244.8, 14.269], [86244.9, 0.011], [86245.0, 0.005], [86245.1, 0.005], [86245.2, 0.037], [86245.3, 0.006], [86245.4, 0.119], [86245.5, 0.003], [86245.6, 0.003], [86245.7, 0.003], [86246.0, 0.005], [86246.5, 0.116], [86246.6, 0.002], [86246.7, 0.005], [86246.8, 0.005], [86247.0, 0.206], [86247.1, 0.931], [86247.2, 0.007], [86247.3, 0.523], [86247.4, 0.116]], "timestamp": "2025-12-16T10:01:57.180725+00:00"}, {"symbol": "BTCUSDT", "bids": [[86282.4, 3.459], [86282.3, 0.36], [86282.1, 0.201], [86282.0, 0.47], [86281.9, 0.559], [86281.8, 0.005], [86281.3, 0.002], [86281.2, 0.003], [86281.1, 0.091], [86280.9, 0.002], [86280.7, 0.003], [86280.4, 0.059], [86280.2, 0.119], [86280.1, 0.002], [86280.0, 0.002], [86279.7, 0.003], [86279.6, 0.005], [86279.5, 0.002], [86279.4, 0.004], [86279.2, 0.116]], "asks": [[86282.5, 5.185], [86282.6, 0.05], [86282.9, 0.033], [86283.0, 0.005], [86283.2, 0.005], [86283.3, 0.184], [86283.4, 0.008], [86283.5, 0.003], [86283.6, 0.006], [86283.8, 0.004], [86284.0, 0.003], [86284.5, 0.006], [86284.7, 0.002], [86285.0, 0.007], [86285.1, 0.018], [86285.3, 0.005], [86285.5, 0.005], [86285.6, 0.004], [86285.7, 0.003], [86285.8, 0.008]], "timestamp": "2025-12-16T10:02:49.931361+00:00"}, {"symbol": "BTCUSDT", "bids": [[86299.9, 12.507], [86299.8, 0.675], [86299.7, 0.004], [86299.3, 0.003], [86299.2, 0.002], [86299.0, 0.002], [86298.8, 0.003], [86298.6, 0.048], [86298.5, 0.118], [86298.3, 0.026], [86298.1, 0.002], [86297.9, 0.003], [86297.8, 0.119], [86297.7, 0.002], [86297.3, 0.005], [86297.2, 0.002], [86297.1, 0.003], [86296.9, 0.004], [86296.8, 0.003], [86296.7, 0.005]], "asks": [[86300.0, 6.988], [86300.1, 0.004], [86300.2, 0.103], [86300.3, 0.007], [86300.4, 0.084], [86300.5, 0.024], [86301.0, 0.012], [86301.4, 0.003], [86301.5, 0.003], [86301.7, 0.003], [86301.8, 0.005], [86301.9, 0.002], [86302.0, 0.003], [86302.2, 0.002], [86302.3, 0.002], [86302.5, 0.003], [86302.6, 0.023], [86302.7, 0.008], [86302.9, 0.018], [86303.0, 0.005]], "timestamp": "2025-12-16T10:03:41.710675+00:00"}, {"symbol": "BTCUSDT", "bids": [[86321.3, 5.024], [86321.2, 0.538], [86321.1, 0.002], [86321.0, 0.003], [86320.9, 0.006], [86320.8, 0.002], [86320.5, 0.118], [86320.4, 0.003], [86320.0, 0.267], [86319.9, 1.129], [86319.8, 0.131], [86319.6, 0.004], [86319.4, 0.003], [86319.2, 0.003], [86319.1, 0.026], [86319.0, 0.002], [86318.9, 0.009], [86318.8, 0.12], [86318.7, 0.004], [86318.6, 0.003]], "asks": [[86321.4, 1.995], [86321.5, 0.008], [86322.5, 0.002], [86322.9, 0.003], [86323.2, 0.002], [86323.4, 0.003], [86323.5, 0.003], [86323.9, 0.003], [86324.0, 0.006], [86324.1, 0.003], [86324.2, 0.002], [86324.4, 0.003], [86324.7, 0.009], [86324.9, 0.005], [86325.0, 0.005], [86325.2, 0.002], [86325.3, 0.026], [86325.9, 0.008], [86326.6, 0.002], [86326.7, 0.003]], "timestamp": "2025-12-16T10:04:34.233116+00:00"}, {"symbol": "BTCUSDT", "bids": [[86320.6, 8.917], [86320.5, 0.721], [86320.1, 0.541], [86320.0, 0.118], [86319.4, 0.003], [86319.0, 0.07], [86318.9, 0.804], [86318.8, 0.12], [86318.6, 0.008], [86318.4, 0.353], [86318.3, 2.097], [86318.2, 0.013], [86318.1, 0.15], [86318.0, 0.013], [86317.9, 0.007], [86317.8, 0.006], [86317.7, 0.003], [86317.6, 0.003], [86317.5, 0.003], [86317.4, 0.015]], "asks": [[86320.7, 1.709], [86320.8, 0.002], [86321.2, 0.002], [86321.3, 0.003], [86321.6, 0.002], [86322.0, 0.009], [86322.1, 0.002], [86322.5, 0.004], [86322.9, 0.091], [86323.0, 0.002], [86323.3, 0.008], [86323.4, 1.143], [86323.5, 0.002], [86323.6, 0.006], [86323.8, 0.009], [86324.1, 0.005], [86324.2, 0.002], [86324.4, 0.003], [86324.5, 0.003], [86324.6, 0.003]], "timestamp": "2025-12-16T10:05:27.040946+00:00"}, {"symbol": "BTCUSDT", "bids": [[86327.9, 3.972], [86327.8, 0.528], [86327.5, 0.003], [86327.4, 0.002], [86327.2, 0.005], [86327.0, 0.003], [86326.9, 0.004], [86326.8, 0.002], [86326.5, 0.003], [86325.9, 0.027], [86325.6, 0.024], [86325.4, 0.002], [86325.2, 0.002], [86325.1, 0.003], [86325.0, 0.007], [86324.9, 0.078], [86324.8, 0.118], [86324.7, 0.003], [86324.5, 0.006], [86324.3, 0.005]], "asks": [[86328.0, 12.317], [86328.1, 0.013], [86328.3, 0.024], [86328.9, 0.339], [86329.1, 0.002], [86329.2, 0.002], [86329.8, 0.366], [86329.9, 2.13], [86330.0, 0.823], [86330.1, 0.004], [86330.2, 0.143], [86330.3, 0.083], [86330.4, 0.004], [86330.7, 0.013], [86330.8, 0.009], [86331.0, 0.118], [86331.1, 0.004], [86331.3, 0.003], [86331.6, 0.005], [86331.8, 0.002]], "timestamp": "2025-12-16T10:06:19.288237+00:00"}, {"symbol": "BTCUSDT", "bids": [[86331.1, 5.048], [86331.0, 0.39], [86330.9, 0.002], [86330.8, 0.002], [86330.6, 0.003], [86330.4, 0.002], [86330.1, 0.003], [86329.8, 0.012], [86329.7, 0.067], [86329.5, 0.089], [86329.4, 0.024], [86329.2, 0.003], [86329.1, 0.022], [86328.8, 0.002], [86328.7, 0.013], [86328.6, 0.003], [86328.4, 0.003], [86328.3, 0.116], [86328.2, 0.002], [86328.0, 0.031]], "asks": [[86331.2, 5.346], [86331.3, 0.328], [86331.4, 0.013], [86331.6, 0.062], [86331.9, 0.008], [86332.0, 0.107], [86332.1, 0.027], [86332.2, 0.003], [86332.5, 0.005], [86332.6, 0.775], [86332.8, 0.002], [86332.9, 0.057], [86333.0, 0.015], [86333.1, 0.005], [86333.3, 0.205], [86333.4, 0.036], [86333.7, 0.005], [86333.8, 0.027], [86333.9, 0.002], [86334.0, 0.002]], "timestamp": "2025-12-16T10:07:11.854066+00:00"}, {"symbol": "BTCUSDT", "bids": [[86338.9, 20.5], [86338.8, 0.14], [86338.7, 0.002], [86338.5, 0.002], [86338.2, 0.525], [86338.1, 1.007], [86338.0, 0.119], [86337.7, 0.002], [86337.4, 1.0], [86337.3, 1.315], [86337.2, 0.145], [86337.0, 0.116], [86336.9, 0.003], [86336.7, 0.003], [86336.3, 0.002], [86336.2, 0.003], [86336.1, 0.006], [86336.0, 0.003], [86335.6, 0.004], [86335.5, 0.002]], "asks": [[86339.0, 2.214], [86339.1, 0.005], [86339.3, 0.002], [86339.6, 0.003], [86339.7, 0.002], [86340.0, 0.05], [86340.1, 0.007], [86340.2, 0.005], [86340.4, 0.003], [86340.5, 0.003], [86340.7, 0.003], [86340.8, 0.335], [86341.0, 0.005], [86341.2, 0.005], [86341.4, 0.004], [86341.5, 0.002], [86341.7, 0.006], [86341.9, 0.056], [86342.1, 0.003], [86342.2, 0.003]], "timestamp": "2025-12-16T10:08:04.552022+00:00"}, {"symbol": "BTCUSDT", "bids": [[86326.1, 5.715], [86326.0, 0.169], [86325.9, 0.105], [86325.7, 0.119], [86325.6, 0.022], [86325.2, 0.007], [86325.0, 0.116], [86324.6, 0.013], [86324.4, 0.006], [86324.3, 0.002], [86324.2, 0.004], [86324.1, 0.121], [86324.0, 0.003], [86323.9, 0.002], [86323.7, 0.007], [86323.6, 0.027], [86323.5, 0.011], [86323.4, 0.116], [86323.3, 0.002], [86323.2, 0.003]], "asks": [[86326.2, 6.401], [86326.3, 0.009], [86326.4, 0.002], [86326.8, 0.081], [86327.0, 0.003], [86327.1, 0.057], [86327.2, 0.002], [86327.3, 0.002], [86327.6, 0.005], [86328.0, 0.002], [86328.2, 0.006], [86328.5, 0.002], [86328.7, 0.003], [86328.9, 0.024], [86329.0, 0.005], [86329.2, 0.005], [86329.4, 0.002], [86329.8, 0.028], [86330.0, 0.062], [86330.1, 0.003]], "timestamp": "2025-12-16T10:08:57.165310+00:00"}, {"symbol": "BTCUSDT", "bids": [[86334.7, 3.055], [86334.6, 3.704], [86334.5, 0.002], [86334.2, 0.006], [86334.1, 0.008], [86334.0, 0.002], [86333.8, 0.002], [86333.2, 0.003], [86333.1, 0.002], [86333.0, 0.007], [86332.9, 0.002], [86332.7, 0.006], [86332.6, 0.019], [86332.5, 0.002], [86332.0, 0.003], [86331.9, 0.003], [86331.7, 0.002], [86331.6, 0.011], [86331.5, 0.003], [86331.4, 0.098]], "asks": [[86334.8, 6.955], [86334.9, 0.006], [86335.2, 0.005], [86335.4, 0.002], [86335.5, 0.024], [86335.6, 0.12], [86335.7, 0.005], [86335.8, 0.003], [86335.9, 0.002], [86336.0, 0.002], [86336.1, 0.057], [86336.2, 0.005], [86336.3, 0.002], [86336.6, 0.116], [86336.7, 0.003], [86336.8, 0.003], [86337.0, 0.002], [86337.1, 0.002], [86337.2, 0.003], [86337.3, 0.121]], "timestamp": "2025-12-16T10:09:50.003736+00:00"}, {"symbol": "BTCUSDT", "bids": [[86330.8, 4.353], [86330.7, 0.73], [86330.4, 0.006], [86330.2, 0.003], [86329.9, 0.091], [86329.8, 0.011], [86329.7, 0.005], [86329.5, 0.002], [86329.1, 0.116], [86329.0, 0.003], [86328.8, 0.083], [86328.6, 0.002], [86328.5, 0.003], [86328.4, 0.116], [86328.1, 0.002], [86328.0, 0.002], [86327.9, 0.003], [86327.8, 0.028], [86327.7, 0.003], [86327.6, 0.116]], "asks": [[86330.9, 5.573], [86331.0, 0.004], [86331.1, 0.002], [86331.2, 0.003], [86331.6, 0.002], [86331.8, 0.005], [86331.9, 0.002], [86332.0, 0.002], [86332.5, 0.003], [86332.8, 0.002], [86332.9, 0.003], [86333.0, 0.009], [86333.4, 0.003], [86333.6, 0.005], [86333.7, 0.116], [86333.9, 0.06], [86334.1, 0.002], [86334.2, 0.005], [86334.3, 0.078], [86334.4, 0.116]], "timestamp": "2025-12-16T10:10:41.743508+00:00"}, {"symbol": "BTCUSDT", "bids": [[86323.9, 5.041], [86323.8, 0.09], [86323.7, 0.009], [86323.6, 0.003], [86323.4, 0.369], [86323.1, 0.004], [86323.0, 0.002], [86322.9, 0.003], [86322.8, 0.29], [86322.6, 0.004], [86322.5, 0.006], [86322.4, 0.006], [86322.3, 0.002], [86322.2, 0.118], [86322.0, 0.027], [86321.9, 0.004], [86321.8, 0.005], [86321.7, 0.002], [86321.6, 0.003], [86321.5, 0.116]], "asks": [[86324.0, 5.058], [86324.1, 0.022], [86324.5, 0.003], [86324.7, 0.002], [86325.2, 0.003], [86325.3, 0.057], [86325.5, 0.036], [86325.7, 0.003], [86325.8, 0.024], [86326.0, 0.003], [86326.2, 0.005], [86326.4, 0.002], [86326.7, 0.003], [86326.8, 0.005], [86326.9, 0.119], [86327.1, 0.002], [86327.2, 0.003], [86327.6, 0.143], [86327.8, 0.007], [86328.0, 0.013]], "timestamp": "2025-12-16T10:11:33.580046+00:00"}, {"symbol": "BTCUSDT", "bids": [[86336.8, 12.58], [86336.7, 2.092], [86336.6, 0.665], [86336.5, 0.265], [86336.4, 0.005], [86336.2, 0.003], [86336.1, 0.059], [86336.0, 0.002], [86335.9, 1.0], [86335.7, 0.116], [86335.6, 0.005], [86335.5, 0.002], [86335.4, 0.002], [86335.3, 0.07], [86335.2, 1.29], [86335.1, 0.042], [86335.0, 0.026], [86334.8, 1.593], [86334.7, 0.116], [86334.6, 0.003]], "asks": [[86336.9, 0.03], [86337.0, 0.004], [86337.4, 0.003], [86337.6, 0.002], [86337.8, 0.002], [86337.9, 0.003], [86338.0, 0.002], [86338.2, 0.002], [86338.4, 0.003], [86339.0, 0.007], [86339.2, 0.003], [86339.4, 0.003], [86339.5, 0.002], [86339.7, 0.004], [86339.8, 0.003], [86340.0, 0.005], [86340.2, 0.006], [86340.3, 0.005], [86340.4, 0.007], [86340.6, 0.003]], "timestamp": "2025-12-16T10:12:25.980284+00:00"}, {"symbol": "BTCUSDT", "bids": [[86382.0, 5.839], [86381.9, 0.005], [86381.8, 0.003], [86381.7, 0.005], [86381.6, 0.003], [86381.5, 0.01], [86381.4, 0.012], [86381.3, 0.005], [86381.2, 0.095], [86381.1, 0.062], [86381.0, 0.116], [86380.9, 0.003], [86380.7, 0.002], [86380.4, 0.003], [86380.2, 0.004], [86380.0, 0.006], [86379.9, 0.02], [86379.8, 0.057], [86379.7, 0.119], [86379.6, 0.031]], "asks": [[86382.1, 5.694], [86382.2, 0.004], [86382.7, 0.002], [86383.5, 0.003], [86383.8, 0.68], [86383.9, 0.622], [86384.0, 0.131], [86384.1, 0.003], [86384.9, 0.003], [86385.0, 0.004], [86385.1, 0.027], [86385.6, 0.014], [86385.8, 0.002], [86385.9, 0.002], [86386.0, 0.003], [86386.1, 0.003], [86386.3, 0.47], [86386.5, 0.003], [86386.6, 0.003], [86387.0, 0.008]], "timestamp": "2025-12-16T10:13:18.590374+00:00"}, {"symbol": "BTCUSDT", "bids": [[86421.0, 5.083], [86420.9, 0.179], [86420.6, 0.02], [86420.5, 0.003], [86420.2, 0.002], [86420.0, 0.003], [86419.7, 0.002], [86419.5, 0.003], [86419.3, 0.056], [86419.2, 0.052], [86419.0, 0.05], [86418.9, 0.002], [86418.8, 0.002], [86418.5, 0.124], [86418.4, 0.05], [86418.2, 0.005], [86418.1, 0.028], [86418.0, 0.026], [86417.8, 0.116], [86417.6, 0.002]], "asks": [[86421.1, 3.448], [86421.2, 0.002], [86421.3, 0.003], [86421.4, 0.006], [86421.5, 0.01], [86421.7, 0.028], [86421.8, 0.003], [86422.1, 0.004], [86422.2, 0.002], [86422.4, 0.002], [86422.5, 0.005], [86422.7, 0.081], [86422.8, 0.008], [86423.0, 0.002], [86423.2, 0.139], [86423.3, 0.003], [86423.6, 0.006], [86423.7, 0.003], [86423.8, 0.003], [86424.0, 0.004]], "timestamp": "2025-12-16T10:14:10.465666+00:00"}, {"symbol": "BTCUSDT", "bids": [[86413.7, 4.216], [86413.6, 0.226], [86413.5, 0.002], [86413.4, 0.053], [86413.0, 0.002], [86412.9, 0.012], [86412.8, 0.006], [86412.5, 0.002], [86412.4, 0.003], [86412.3, 0.002], [86412.2, 0.002], [86412.1, 0.492], [86412.0, 0.648], [86411.9, 0.013], [86411.8, 0.009], [86411.6, 0.024], [86411.5, 0.002], [86411.3, 0.01], [86411.2, 0.004], [86411.1, 0.003]], "asks": [[86413.8, 1.628], [86413.9, 0.002], [86414.1, 0.002], [86414.5, 0.002], [86415.0, 0.066], [86415.3, 0.002], [86415.5, 0.002], [86415.7, 0.012], [86415.8, 0.003], [86416.5, 0.002], [86416.6, 0.005], [86416.7, 0.004], [86416.8, 0.026], [86417.0, 0.016], [86417.1, 0.002], [86417.2, 0.256], [86417.3, 0.003], [86417.4, 0.003], [86417.5, 0.002], [86417.6, 0.002]], "timestamp": "2025-12-16T10:15:04.121305+00:00"}, {"symbol": "BTCUSDT", "bids": [[86409.7, 1.586], [86409.6, 0.341], [86409.5, 0.004], [86409.2, 0.003], [86409.0, 0.008], [86408.6, 0.005], [86408.5, 0.007], [86408.4, 0.002], [86407.9, 0.004], [86407.8, 0.003], [86407.7, 0.01], [86407.3, 0.057], [86407.2, 0.005], [86407.1, 0.024], [86406.9, 0.002], [86406.8, 0.003], [86406.4, 0.003], [86406.1, 0.014], [86406.0, 0.007], [86405.9, 0.002]], "asks": [[86409.8, 3.766], [86409.9, 0.004], [86410.1, 0.024], [86410.6, 0.002], [86410.7, 0.002], [86410.9, 0.002], [86411.0, 0.004], [86411.1, 0.002], [86411.5, 0.002], [86411.6, 0.034], [86411.7, 0.041], [86411.8, 0.003], [86411.9, 0.026], [86412.0, 0.116], [86412.2, 0.003], [86412.5, 0.003], [86412.6, 0.003], [86412.8, 0.004], [86412.9, 0.122], [86413.0, 0.004]], "timestamp": "2025-12-16T10:15:56.192823+00:00"}, {"symbol": "BTCUSDT", "bids": [[86465.1, 33.297], [86465.0, 2.591], [86464.9, 8.209], [86464.8, 0.116], [86464.7, 0.728], [86464.5, 1.856], [86464.4, 5.157], [86464.3, 2.061], [86464.2, 5.055], [86464.1, 1.104], [86464.0, 7.179], [86463.9, 1.514], [86463.8, 0.184], [86463.7, 0.12], [86463.5, 0.027], [86463.2, 0.002], [86463.0, 0.017], [86462.9, 0.062], [86462.8, 0.119], [86462.7, 0.004]], "asks": [[86465.2, 0.075], [86465.5, 0.007], [86465.6, 0.002], [86465.7, 0.005], [86466.0, 0.051], [86466.2, 0.014], [86466.3, 0.005], [86466.5, 0.012], [86466.6, 0.021], [86466.7, 0.002], [86466.8, 0.003], [86467.0, 0.005], [86467.1, 0.006], [86467.2, 0.004], [86467.4, 0.003], [86467.5, 0.003], [86467.9, 0.007], [86468.0, 0.255], [86468.2, 0.005], [86468.5, 0.005]], "timestamp": "2025-12-16T10:16:48.359469+00:00"}, {"symbol": "BTCUSDT", "bids": [[86411.1, 5.206], [86411.0, 0.231], [86410.9, 0.002], [86410.8, 0.016], [86410.7, 0.002], [86410.6, 0.493], [86410.5, 0.113], [86410.4, 0.006], [86410.3, 0.007], [86410.1, 0.002], [86410.0, 0.008], [86409.9, 1.485], [86409.8, 0.06], [86409.7, 0.117], [86409.6, 0.009], [86409.5, 0.02], [86409.4, 0.002], [86409.3, 0.123], [86409.2, 0.004], [86409.1, 0.007]], "asks": [[86411.2, 1.458], [86411.3, 0.005], [86411.4, 0.003], [86411.5, 0.005], [86411.6, 0.003], [86411.8, 0.07], [86411.9, 0.002], [86412.8, 0.004], [86413.0, 0.005], [86413.2, 0.003], [86413.5, 0.047], [86413.6, 0.005], [86413.8, 0.056], [86414.0, 0.003], [86414.1, 0.003], [86414.5, 0.002], [86414.6, 0.003], [86414.7, 0.002], [86414.9, 0.013], [86415.0, 0.004]], "timestamp": "2025-12-16T10:17:39.908899+00:00"}, {"symbol": "BTCUSDT", "bids": [[86449.1, 16.119], [86449.0, 0.387], [86448.6, 0.005], [86448.1, 0.005], [86447.6, 0.003], [86447.4, 0.002], [86447.2, 0.002], [86447.1, 0.003], [86446.9, 0.003], [86446.8, 0.006], [86446.6, 0.046], [86446.4, 0.003], [86446.3, 0.003], [86446.1, 0.004], [86445.8, 0.003], [86445.6, 0.46], [86445.5, 0.003], [86445.4, 1.024], [86445.3, 0.005], [86445.2, 1.0]], "asks": [[86449.2, 2.234], [86449.3, 0.002], [86449.4, 0.003], [86449.9, 0.005], [86450.0, 0.127], [86450.1, 0.003], [86450.6, 0.005], [86450.8, 0.002], [86450.9, 0.003], [86451.0, 0.004], [86451.1, 0.005], [86451.3, 0.005], [86451.5, 0.002], [86451.6, 0.005], [86451.7, 0.018], [86451.8, 0.005], [86451.9, 0.002], [86452.0, 0.003], [86452.1, 0.006], [86452.2, 0.002]], "timestamp": "2025-12-16T10:18:31.606310+00:00"}, {"symbol": "BTCUSDT", "bids": [[86448.6, 3.917], [86448.5, 0.15], [86448.3, 0.002], [86448.2, 0.003], [86448.0, 0.002], [86447.9, 0.002], [86447.8, 0.002], [86447.7, 0.007], [86447.6, 0.063], [86447.5, 0.002], [86447.4, 0.006], [86447.3, 0.002], [86447.2, 0.01], [86447.1, 0.048], [86447.0, 0.186], [86446.9, 0.652], [86446.7, 0.002], [86446.6, 0.005], [86446.5, 0.003], [86446.4, 0.061]], "asks": [[86448.7, 3.691], [86448.8, 0.004], [86448.9, 0.024], [86449.1, 0.144], [86449.4, 0.002], [86450.0, 0.002], [86450.5, 0.002], [86450.6, 0.024], [86451.0, 0.098], [86451.3, 0.003], [86451.4, 0.118], [86451.5, 0.057], [86451.9, 0.002], [86452.2, 0.002], [86452.3, 0.005], [86452.4, 0.116], [86452.5, 0.098], [86452.6, 0.005], [86452.7, 0.024], [86452.8, 0.002]], "timestamp": "2025-12-16T10:19:23.246091+00:00"}, {"symbol": "BTCUSDT", "bids": [[86368.2, 0.994], [86368.1, 0.002], [86368.0, 0.003], [86367.7, 0.002], [86367.5, 0.003], [86367.3, 0.002], [86367.0, 0.003], [86366.9, 0.002], [86366.8, 0.007], [86366.7, 0.152], [86366.6, 0.011], [86366.5, 0.047], [86366.4, 0.002], [86366.1, 0.002], [86366.0, 0.006], [86365.8, 0.077], [86365.7, 0.012], [86365.6, 0.003], [86365.5, 0.022], [86365.4, 0.003]], "asks": [[86368.3, 9.98], [86368.4, 0.006], [86368.6, 0.003], [86369.0, 0.117], [86369.1, 0.003], [86369.4, 0.002], [86369.6, 0.003], [86369.8, 0.002], [86370.0, 0.002], [86370.1, 0.005], [86370.3, 0.003], [86370.5, 0.157], [86370.7, 0.003], [86371.1, 0.003], [86371.2, 0.06], [86371.3, 0.004], [86371.5, 0.285], [86371.8, 0.003], [86371.9, 0.119], [86372.0, 0.002]], "timestamp": "2025-12-16T10:20:14.848448+00:00"}, {"symbol": "BTCUSDT", "bids": [[86332.3, 13.907], [86332.2, 0.711], [86332.1, 1.363], [86331.1, 0.002], [86330.4, 0.002], [86330.3, 0.003], [86330.2, 0.003], [86330.0, 0.002], [86329.8, 0.057], [86329.7, 0.003], [86329.6, 0.116], [86329.5, 0.003], [86329.4, 1.0], [86329.3, 0.03], [86329.2, 0.119], [86329.1, 0.033], [86328.9, 0.002], [86328.8, 0.264], [86328.7, 0.085], [86328.5, 0.121]], "asks": [[86332.4, 0.097], [86332.5, 0.002], [86332.7, 0.003], [86333.0, 0.002], [86333.2, 0.003], [86333.7, 0.003], [86333.8, 0.271], [86334.0, 0.007], [86334.2, 0.003], [86334.4, 0.002], [86334.6, 0.003], [86334.7, 0.003], [86335.0, 0.002], [86335.2, 0.005], [86335.3, 0.003], [86335.4, 0.006], [86335.6, 0.004], [86335.7, 0.003], [86336.1, 0.06], [86336.2, 0.005]], "timestamp": "2025-12-16T10:21:06.976964+00:00"}, {"symbol": "BTCUSDT", "bids": [[86394.4, 3.353], [86394.3, 0.036], [86394.0, 0.002], [86393.9, 0.002], [86393.7, 0.003], [86393.6, 0.059], [86393.5, 0.087], [86393.4, 0.084], [86393.2, 0.099], [86393.1, 0.005], [86392.8, 0.004], [86392.7, 0.007], [86392.6, 0.003], [86392.5, 0.003], [86392.4, 0.003], [86392.2, 0.012], [86392.0, 0.055], [86391.9, 0.003], [86391.8, 0.141], [86391.6, 0.006]], "asks": [[86394.5, 9.285], [86394.6, 0.009], [86394.7, 0.004], [86395.2, 0.002], [86395.4, 0.002], [86395.6, 0.004], [86395.8, 0.061], [86396.0, 0.002], [86396.3, 0.003], [86396.4, 0.002], [86396.5, 0.014], [86396.6, 0.002], [86396.9, 0.005], [86397.1, 0.002], [86397.3, 0.005], [86397.4, 0.868], [86397.5, 0.003], [86398.0, 0.004], [86398.1, 0.006], [86398.3, 0.004]], "timestamp": "2025-12-16T10:21:59.853018+00:00"}, {"symbol": "BTCUSDT", "bids": [[86395.2, 8.999], [86395.1, 0.028], [86394.8, 0.002], [86394.5, 0.012], [86394.4, 0.052], [86394.0, 0.003], [86393.9, 0.005], [86393.8, 0.002], [86393.6, 0.015], [86393.5, 0.006], [86393.4, 0.092], [86393.2, 0.013], [86393.1, 0.002], [86392.8, 0.265], [86392.7, 0.221], [86392.4, 0.003], [86392.2, 0.002], [86392.0, 0.003], [86391.8, 0.082], [86391.7, 0.115]], "asks": [[86395.3, 2.948], [86395.4, 0.004], [86395.6, 0.004], [86395.8, 0.005], [86395.9, 0.002], [86396.0, 0.004], [86396.3, 0.003], [86396.4, 0.002], [86396.5, 0.002], [86396.7, 0.021], [86396.8, 0.003], [86396.9, 0.002], [86397.1, 0.003], [86397.3, 0.005], [86397.5, 0.003], [86397.6, 0.007], [86397.9, 0.002], [86398.0, 0.005], [86398.1, 0.005], [86398.2, 0.07]], "timestamp": "2025-12-16T10:22:51.858734+00:00"}, {"symbol": "BTCUSDT", "bids": [[86404.6, 10.46], [86404.5, 0.018], [86404.4, 0.058], [86404.2, 0.146], [86404.1, 0.012], [86403.9, 0.002], [86403.6, 0.003], [86403.2, 0.002], [86403.1, 0.027], [86402.8, 0.002], [86402.6, 0.003], [86402.3, 0.003], [86401.8, 0.097], [86401.6, 0.002], [86401.0, 0.006], [86400.9, 0.002], [86400.8, 0.294], [86400.6, 1.48], [86400.5, 1.438], [86400.4, 0.002]], "asks": [[86404.7, 2.904], [86404.8, 0.007], [86405.0, 0.025], [86405.3, 0.01], [86405.5, 0.002], [86405.7, 0.003], [86405.8, 0.002], [86405.9, 0.002], [86406.4, 0.003], [86406.8, 0.002], [86406.9, 0.002], [86407.1, 0.008], [86407.6, 0.004], [86407.8, 0.712], [86408.1, 0.061], [86408.2, 0.002], [86408.3, 0.067], [86408.4, 0.005], [86408.5, 0.031], [86408.6, 0.028]], "timestamp": "2025-12-16T10:23:43.617748+00:00"}, {"symbol": "BTCUSDT", "bids": [[86442.6, 11.43], [86442.5, 0.126], [86442.2, 0.18], [86442.0, 0.004], [86441.7, 0.005], [86441.2, 0.005], [86440.8, 0.002], [86440.7, 0.006], [86440.6, 0.003], [86440.5, 0.471], [86440.4, 1.0], [86440.3, 0.002], [86440.2, 0.003], [86440.0, 0.002], [86439.9, 1.0], [86439.8, 0.391], [86439.7, 0.004], [86439.6, 0.008], [86439.5, 1.0], [86439.4, 0.003]], "asks": [[86442.7, 4.174], [86442.8, 0.002], [86442.9, 0.005], [86443.2, 0.012], [86443.4, 0.024], [86443.6, 0.012], [86443.9, 0.005], [86444.3, 0.026], [86444.4, 0.005], [86444.8, 0.002], [86444.9, 0.006], [86445.0, 0.007], [86445.1, 0.002], [86445.2, 0.002], [86445.3, 0.002], [86445.4, 0.003], [86445.8, 0.003], [86445.9, 0.003], [86446.3, 0.004], [86446.4, 0.006]], "timestamp": "2025-12-16T10:24:35.084331+00:00"}, {"symbol": "BTCUSDT", "bids": [[86430.0, 0.11], [86429.9, 0.002], [86429.8, 0.009], [86429.7, 0.002], [86429.5, 0.029], [86429.3, 0.003], [86429.2, 0.004], [86429.0, 0.01], [86428.9, 0.003], [86428.8, 0.002], [86428.7, 0.006], [86428.6, 0.003], [86428.5, 0.003], [86428.3, 0.002], [86428.2, 0.003], [86428.1, 0.003], [86428.0, 0.004], [86427.7, 0.003], [86427.4, 0.01], [86427.3, 0.003]], "asks": [[86430.1, 10.576], [86430.2, 0.004], [86430.6, 0.034], [86430.7, 0.002], [86431.6, 0.116], [86431.7, 0.282], [86431.8, 0.002], [86431.9, 0.002], [86432.0, 0.403], [86432.1, 0.005], [86432.4, 0.15], [86432.5, 0.003], [86432.7, 0.81], [86432.8, 0.003], [86432.9, 0.87], [86433.0, 0.003], [86433.1, 1.028], [86433.2, 0.403], [86433.3, 0.118], [86433.4, 0.36]], "timestamp": "2025-12-16T10:25:26.969814+00:00"}, {"symbol": "BTCUSDT", "bids": [[86442.0, 12.365], [86441.9, 0.017], [86441.7, 0.002], [86441.6, 0.05], [86441.5, 0.008], [86441.2, 0.002], [86441.0, 0.003], [86440.9, 0.002], [86440.8, 0.05], [86440.6, 0.864], [86440.5, 1.057], [86440.4, 0.017], [86440.2, 1.002], [86440.1, 0.035], [86440.0, 0.006], [86439.8, 0.003], [86439.7, 0.024], [86439.6, 1.013], [86439.5, 0.157], [86439.2, 0.108]], "asks": [[86442.1, 0.025], [86442.2, 0.015], [86442.3, 0.002], [86442.5, 0.002], [86442.6, 0.011], [86442.7, 0.1], [86442.9, 0.007], [86443.2, 0.012], [86443.3, 0.002], [86443.4, 0.024], [86443.6, 0.012], [86443.7, 0.002], [86443.9, 0.005], [86444.3, 0.029], [86444.4, 0.003], [86444.5, 0.044], [86444.6, 0.004], [86444.8, 0.002], [86444.9, 0.006], [86445.0, 0.071]], "timestamp": "2025-12-16T10:26:19.070054+00:00"}, {"symbol": "BTCUSDT", "bids": [[86422.5, 14.844], [86422.4, 0.018], [86422.3, 0.005], [86422.2, 0.003], [86422.1, 0.003], [86422.0, 0.003], [86421.9, 0.008], [86421.5, 0.002], [86421.4, 0.33], [86421.3, 0.654], [86421.2, 0.054], [86421.1, 0.005], [86420.9, 0.003], [86420.6, 0.004], [86420.3, 0.003], [86420.1, 0.003], [86420.0, 0.004], [86419.9, 0.002], [86419.8, 0.041], [86419.7, 0.12]], "asks": [[86422.6, 3.768], [86422.7, 0.004], [86423.1, 0.117], [86423.6, 0.002], [86423.9, 0.002], [86424.0, 0.002], [86424.1, 0.003], [86424.6, 0.006], [86424.8, 0.002], [86425.0, 0.002], [86425.1, 0.003], [86425.5, 0.003], [86425.6, 0.002], [86425.7, 0.12], [86425.9, 0.011], [86426.0, 0.003], [86426.1, 0.004], [86426.3, 0.05], [86426.4, 0.002], [86426.5, 0.008]], "timestamp": "2025-12-16T10:27:10.787559+00:00"}, {"symbol": "BTCUSDT", "bids": [[86434.9, 2.994], [86434.8, 0.12], [86434.7, 0.005], [86434.4, 0.002], [86434.3, 0.005], [86434.0, 0.002], [86433.9, 0.116], [86433.7, 0.002], [86433.6, 0.012], [86433.5, 0.005], [86433.4, 0.002], [86433.3, 0.003], [86433.0, 0.125], [86432.9, 0.003], [86432.6, 0.002], [86432.4, 0.003], [86432.3, 0.002], [86432.1, 0.116], [86431.9, 0.004], [86431.8, 0.009]], "asks": [[86435.0, 6.528], [86435.1, 0.007], [86435.3, 0.003], [86435.4, 0.002], [86435.6, 0.005], [86436.0, 0.062], [86436.1, 0.073], [86436.3, 0.005], [86436.4, 0.003], [86436.5, 0.002], [86436.9, 0.017], [86437.0, 0.004], [86437.1, 0.003], [86437.3, 0.004], [86437.4, 0.008], [86437.5, 0.004], [86437.7, 0.003], [86437.8, 0.037], [86438.0, 0.003], [86438.2, 0.002]], "timestamp": "2025-12-16T10:28:02.302700+00:00"}, {"symbol": "BTCUSDT", "bids": [[86368.6, 7.008], [86368.5, 0.074], [86368.2, 0.002], [86368.1, 0.003], [86367.8, 0.002], [86367.3, 0.011], [86367.1, 0.328], [86367.0, 1.63], [86366.9, 0.004], [86366.8, 0.004], [86366.7, 0.116], [86366.6, 0.003], [86366.5, 0.003], [86365.8, 0.003], [86365.7, 0.127], [86365.6, 0.01], [86365.5, 0.004], [86365.0, 0.008], [86364.9, 0.411], [86364.8, 0.148]], "asks": [[86368.7, 3.677], [86368.8, 0.002], [86368.9, 0.002], [86369.1, 0.003], [86369.4, 0.002], [86369.6, 0.003], [86369.8, 0.006], [86370.4, 0.002], [86370.5, 0.006], [86370.6, 0.002], [86370.7, 0.003], [86371.0, 0.004], [86371.1, 0.047], [86371.2, 0.005], [86371.4, 0.017], [86371.5, 0.011], [86371.8, 0.26], [86372.0, 0.007], [86372.2, 0.002], [86372.3, 0.005]], "timestamp": "2025-12-16T10:28:54.563320+00:00"}, {"symbol": "BTCUSDT", "bids": [[86366.6, 0.035], [86366.5, 0.005], [86366.4, 0.002], [86366.0, 0.002], [86365.8, 0.003], [86365.7, 0.011], [86365.6, 0.008], [86365.5, 0.006], [86365.2, 0.002], [86365.0, 0.006], [86364.4, 0.463], [86364.3, 0.116], [86364.2, 0.008], [86364.1, 0.012], [86364.0, 0.004], [86363.8, 0.004], [86363.7, 0.003], [86363.4, 0.003], [86363.2, 0.005], [86363.1, 0.002]], "asks": [[86366.7, 13.388], [86366.8, 0.992], [86366.9, 0.096], [86367.1, 0.204], [86367.2, 0.418], [86367.4, 0.145], [86367.7, 0.002], [86367.8, 0.053], [86368.0, 1.0], [86368.1, 1.259], [86368.2, 0.005], [86368.3, 0.371], [86368.5, 0.002], [86368.7, 0.442], [86368.8, 0.404], [86368.9, 0.002], [86369.2, 0.145], [86369.4, 0.004], [86369.5, 0.003], [86369.7, 0.009]], "timestamp": "2025-12-16T10:29:47.771262+00:00"}, {"symbol": "BTCUSDT", "bids": [[86376.5, 2.26], [86376.4, 0.006], [86376.1, 0.019], [86376.0, 0.05], [86375.9, 0.002], [86375.6, 0.003], [86375.5, 0.002], [86375.2, 0.05], [86374.7, 0.003], [86374.6, 0.002], [86374.5, 0.003], [86374.2, 0.005], [86374.1, 0.002], [86373.9, 0.424], [86373.8, 0.002], [86373.7, 0.062], [86373.6, 0.02], [86373.4, 0.002], [86373.3, 0.019], [86373.0, 0.025]], "asks": [[86376.6, 4.735], [86376.7, 0.002], [86376.8, 0.002], [86376.9, 0.003], [86377.1, 0.116], [86377.2, 0.005], [86377.7, 0.022], [86377.8, 0.005], [86377.9, 0.116], [86378.3, 0.003], [86378.4, 0.061], [86378.6, 0.005], [86378.8, 0.003], [86378.9, 0.116], [86379.0, 0.002], [86379.1, 0.002], [86379.2, 0.004], [86379.3, 0.011], [86379.6, 0.119], [86379.7, 0.002]], "timestamp": "2025-12-16T10:30:40.583245+00:00"}, {"symbol": "BTCUSDT", "bids": [[86372.7, 0.8], [86372.6, 0.002], [86372.2, 0.003], [86372.1, 0.002], [86371.9, 0.024], [86371.7, 0.003], [86371.6, 0.002], [86371.2, 0.005], [86370.7, 0.008], [86370.2, 0.003], [86370.1, 0.002], [86370.0, 0.002], [86369.9, 0.003], [86369.8, 0.004], [86369.7, 0.005], [86369.4, 0.003], [86369.1, 0.003], [86369.0, 0.077], [86368.9, 0.002], [86368.6, 0.002]], "asks": [[86372.8, 6.699], [86372.9, 0.087], [86373.0, 0.002], [86373.1, 0.003], [86373.5, 0.137], [86373.6, 0.116], [86373.7, 0.005], [86373.8, 0.002], [86374.1, 0.88], [86374.2, 0.027], [86374.3, 0.116], [86374.5, 0.004], [86374.6, 0.004], [86374.7, 0.01], [86374.8, 0.003], [86375.0, 0.002], [86375.1, 0.002], [86375.2, 0.116], [86375.3, 0.002], [86375.4, 0.008]], "timestamp": "2025-12-16T10:31:33.531468+00:00"}, {"symbol": "BTCUSDT", "bids": [[86369.9, 2.743], [86369.8, 0.063], [86369.5, 0.005], [86369.3, 0.003], [86368.8, 0.003], [86368.6, 0.04], [86368.5, 0.057], [86368.3, 0.003], [86367.9, 0.003], [86367.8, 0.003], [86367.6, 0.025], [86367.1, 0.003], [86366.9, 0.003], [86366.7, 0.013], [86366.6, 0.014], [86366.5, 0.013], [86366.4, 0.002], [86366.1, 0.008], [86366.0, 0.002], [86365.9, 0.12]], "asks": [[86370.0, 4.883], [86370.1, 0.004], [86370.2, 0.007], [86370.3, 0.002], [86370.7, 0.003], [86371.0, 0.116], [86371.1, 0.004], [86371.2, 0.003], [86371.3, 0.004], [86371.8, 0.119], [86371.9, 0.003], [86372.0, 0.027], [86372.2, 0.002], [86372.3, 0.003], [86372.4, 0.024], [86372.5, 0.118], [86372.7, 0.006], [86372.8, 0.158], [86373.0, 0.004], [86373.1, 0.003]], "timestamp": "2025-12-16T10:32:26.798308+00:00"}, {"symbol": "BTCUSDT", "bids": [[86370.8, 5.824], [86370.7, 0.152], [86370.4, 0.024], [86370.3, 0.005], [86370.1, 0.849], [86370.0, 0.689], [86369.9, 0.036], [86369.8, 1.012], [86369.7, 0.004], [86369.5, 0.002], [86369.4, 0.004], [86369.3, 0.119], [86369.0, 0.004], [86368.9, 0.003], [86368.8, 0.003], [86368.7, 0.002], [86368.5, 0.003], [86368.4, 0.024], [86368.3, 0.119], [86368.2, 1.366]], "asks": [[86370.9, 0.557], [86371.0, 0.017], [86371.1, 0.002], [86371.4, 0.006], [86371.5, 0.004], [86371.6, 0.003], [86372.1, 0.071], [86372.4, 0.002], [86372.6, 0.003], [86372.8, 0.002], [86372.9, 0.003], [86373.0, 0.034], [86373.1, 0.003], [86373.2, 0.002], [86373.5, 0.003], [86373.7, 0.005], [86373.9, 0.025], [86374.1, 0.007], [86374.2, 0.003], [86374.5, 0.002]], "timestamp": "2025-12-16T10:33:18.854338+00:00"}, {"symbol": "BTCUSDT", "bids": [[86409.5, 1.178], [86409.4, 0.031], [86409.3, 0.019], [86409.2, 0.019], [86409.1, 0.019], [86409.0, 0.029], [86408.9, 0.022], [86408.8, 0.069], [86408.7, 0.019], [86408.6, 1.029], [86408.5, 0.004], [86408.4, 0.003], [86408.2, 0.002], [86408.0, 0.05], [86407.9, 0.006], [86407.7, 0.002], [86407.3, 0.02], [86407.1, 0.006], [86406.9, 0.002], [86406.8, 0.002]], "asks": [[86409.6, 6.263], [86409.7, 0.021], [86409.8, 0.965], [86409.9, 0.559], [86410.0, 0.089], [86410.7, 0.005], [86410.9, 0.024], [86411.0, 0.002], [86411.1, 0.118], [86411.2, 0.003], [86411.4, 0.369], [86411.5, 0.333], [86411.6, 0.358], [86411.7, 0.066], [86411.9, 0.119], [86412.2, 0.003], [86412.4, 0.035], [86412.6, 0.005], [86412.7, 0.012], [86412.8, 0.004]], "timestamp": "2025-12-16T10:34:11.531114+00:00"}, {"symbol": "BTCUSDT", "bids": [[86418.1, 14.725], [86418.0, 0.004], [86417.8, 6.091], [86417.7, 0.016], [86417.6, 0.349], [86417.5, 0.118], [86417.3, 0.006], [86417.1, 0.002], [86417.0, 0.002], [86416.8, 0.056], [86416.7, 0.116], [86416.6, 0.24], [86416.2, 0.002], [86416.1, 0.021], [86416.0, 0.976], [86415.9, 2.026], [86415.8, 0.004], [86415.7, 1.057], [86415.6, 0.002], [86415.5, 0.003]], "asks": [[86418.2, 0.031], [86418.3, 0.002], [86418.5, 0.003], [86418.6, 0.002], [86418.7, 0.005], [86418.8, 0.002], [86419.2, 0.003], [86419.3, 0.033], [86419.7, 0.003], [86419.8, 0.003], [86420.0, 0.388], [86420.2, 0.003], [86420.3, 0.008], [86420.5, 0.002], [86420.7, 0.003], [86421.0, 0.347], [86421.1, 0.003], [86421.2, 0.003], [86421.4, 0.006], [86421.5, 0.002]], "timestamp": "2025-12-16T10:35:04.330633+00:00"}, {"symbol": "BTCUSDT", "bids": [[86432.0, 2.827], [86431.9, 0.004], [86431.8, 0.007], [86431.7, 0.002], [86431.6, 0.003], [86431.4, 0.004], [86431.0, 0.005], [86430.9, 0.002], [86430.6, 0.057], [86430.5, 0.688], [86430.4, 0.411], [86430.3, 0.003], [86430.2, 0.005], [86430.1, 0.002], [86430.0, 0.007], [86429.9, 0.002], [86429.8, 0.003], [86429.7, 0.002], [86429.6, 0.003], [86429.5, 0.008]], "asks": [[86432.1, 13.446], [86432.2, 0.006], [86432.5, 0.002], [86432.6, 0.006], [86433.6, 0.021], [86433.9, 0.002], [86434.1, 0.003], [86434.3, 0.002], [86434.4, 0.002], [86434.9, 0.003], [86435.0, 0.005], [86435.1, 0.002], [86435.5, 0.219], [86435.6, 0.578], [86435.7, 0.003], [86435.9, 0.007], [86436.0, 0.398], [86436.1, 0.384], [86436.2, 0.002], [86436.3, 0.002]], "timestamp": "2025-12-16T10:35:56.743503+00:00"}, {"symbol": "BTCUSDT", "bids": [[86460.8, 4.616], [86460.7, 0.019], [86460.6, 0.003], [86460.4, 0.005], [86460.3, 0.002], [86460.1, 0.002], [86459.9, 0.003], [86459.4, 0.003], [86459.3, 0.013], [86459.0, 0.005], [86458.9, 0.054], [86458.7, 0.002], [86458.5, 0.282], [86458.4, 0.007], [86458.3, 0.004], [86458.2, 0.003], [86458.0, 0.181], [86457.9, 1.156], [86457.8, 0.12], [86457.6, 0.005]], "asks": [[86460.9, 5.715], [86461.0, 0.004], [86461.1, 0.03], [86461.8, 0.002], [86462.6, 0.002], [86462.7, 0.002], [86462.9, 0.003], [86463.0, 0.022], [86463.5, 0.002], [86463.7, 0.009], [86463.9, 0.002], [86464.0, 0.002], [86464.4, 0.118], [86464.5, 0.003], [86464.7, 0.002], [86464.9, 0.003], [86465.0, 0.002], [86465.1, 0.002], [86465.2, 0.057], [86465.3, 0.283]], "timestamp": "2025-12-16T10:36:49.234184+00:00"}, {"symbol": "BTCUSDT", "bids": [[86477.3, 8.543], [86477.2, 0.018], [86477.1, 0.119], [86477.0, 0.002], [86476.9, 0.124], [86476.8, 0.05], [86476.6, 0.003], [86476.5, 0.002], [86476.4, 0.116], [86476.1, 0.005], [86476.0, 0.052], [86475.7, 0.116], [86475.6, 0.009], [86475.5, 0.002], [86475.3, 0.05], [86475.2, 0.002], [86475.0, 0.003], [86474.9, 0.116], [86474.8, 0.013], [86474.7, 0.002]], "asks": [[86477.4, 1.211], [86477.5, 0.013], [86477.7, 0.014], [86477.8, 0.08], [86477.9, 0.006], [86478.1, 0.002], [86478.5, 0.002], [86478.6, 0.002], [86478.7, 0.005], [86478.8, 0.009], [86479.0, 0.004], [86479.2, 0.003], [86479.3, 0.003], [86479.4, 0.002], [86479.7, 0.002], [86479.8, 0.005], [86480.0, 0.002], [86480.1, 0.003], [86480.3, 0.003], [86480.6, 0.014]], "timestamp": "2025-12-16T10:37:41.428760+00:00"}, {"symbol": "BTCUSDT", "bids": [[86463.1, 12.024], [86463.0, 0.006], [86462.7, 0.002], [86462.5, 0.004], [86462.4, 0.163], [86462.3, 0.296], [86462.2, 0.002], [86461.9, 0.002], [86461.4, 0.003], [86461.3, 0.034], [86461.1, 0.119], [86460.9, 0.003], [86460.6, 0.002], [86460.4, 0.004], [86460.3, 0.085], [86460.2, 0.116], [86460.1, 0.28], [86460.0, 0.003], [86459.7, 0.582], [86459.6, 0.784]], "asks": [[86463.2, 0.017], [86463.3, 0.002], [86463.4, 0.006], [86463.5, 0.003], [86463.9, 0.003], [86464.0, 0.005], [86464.1, 0.003], [86464.2, 0.002], [86464.4, 0.007], [86464.9, 0.005], [86465.0, 0.002], [86465.2, 0.006], [86465.4, 0.003], [86465.5, 0.002], [86465.6, 0.004], [86465.9, 0.005], [86466.1, 0.003], [86466.4, 0.003], [86466.7, 0.05], [86466.9, 0.006]], "timestamp": "2025-12-16T10:38:34.171932+00:00"}, {"symbol": "BTCUSDT", "bids": [[86746.3, 2.211], [86746.2, 0.048], [86746.1, 0.008], [86745.7, 0.004], [86745.6, 0.005], [86745.4, 0.002], [86745.2, 0.411], [86745.1, 0.003], [86744.7, 0.003], [86744.6, 0.003], [86744.5, 0.063], [86744.4, 0.028], [86744.3, 0.002], [86744.1, 0.003], [86743.9, 0.003], [86743.8, 0.002], [86743.6, 0.003], [86743.3, 0.025], [86743.2, 0.002], [86743.1, 0.006]], "asks": [[86746.4, 7.575], [86746.5, 0.002], [86747.0, 0.011], [86747.2, 0.011], [86747.3, 0.011], [86747.7, 0.011], [86748.1, 0.011], [86748.2, 0.011], [86748.4, 0.003], [86748.7, 0.011], [86749.2, 0.014], [86749.4, 0.011], [86750.0, 0.002], [86750.3, 0.005], [86750.6, 0.536], [86750.7, 0.27], [86750.8, 0.005], [86751.3, 0.003], [86751.4, 0.002], [86751.7, 0.279]], "timestamp": "2025-12-16T10:39:27.214933+00:00"}, {"symbol": "BTCUSDT", "bids": [[86766.0, 6.855], [86765.9, 0.002], [86765.5, 0.003], [86765.4, 0.002], [86764.9, 0.019], [86764.8, 0.017], [86764.5, 0.006], [86764.0, 0.006], [86763.4, 0.003], [86763.2, 0.003], [86763.0, 0.002], [86762.5, 0.02], [86762.4, 0.011], [86762.1, 0.002], [86762.0, 0.003], [86761.6, 0.015], [86761.5, 0.003], [86761.1, 0.002], [86761.0, 0.121], [86760.8, 0.006]], "asks": [[86766.1, 4.513], [86766.2, 0.158], [86766.3, 0.003], [86766.8, 0.003], [86767.2, 0.002], [86767.6, 0.003], [86767.7, 0.016], [86767.8, 0.006], [86768.0, 0.002], [86768.1, 0.062], [86768.2, 0.003], [86768.6, 0.003], [86768.8, 0.002], [86769.0, 0.007], [86769.2, 0.005], [86769.5, 0.005], [86769.7, 0.002], [86769.8, 0.005], [86769.9, 0.015], [86770.0, 0.005]], "timestamp": "2025-12-16T10:40:19.311918+00:00"}, {"symbol": "BTCUSDT", "bids": [[86765.4, 2.746], [86765.3, 0.022], [86765.0, 0.002], [86764.9, 0.003], [86764.8, 0.002], [86764.6, 0.002], [86764.5, 0.007], [86764.4, 0.003], [86763.9, 0.005], [86763.6, 0.002], [86763.4, 0.006], [86762.8, 0.003], [86762.6, 0.003], [86762.5, 0.002], [86762.4, 0.002], [86762.3, 0.003], [86762.0, 0.004], [86761.9, 0.005], [86761.5, 0.003], [86761.4, 0.004]], "asks": [[86765.5, 8.74], [86765.6, 0.006], [86765.8, 0.002], [86766.0, 0.005], [86766.5, 0.003], [86766.7, 0.039], [86766.8, 0.003], [86767.0, 0.002], [86767.1, 0.003], [86767.2, 0.02], [86767.3, 0.002], [86767.5, 0.005], [86767.6, 0.003], [86767.9, 0.002], [86768.0, 0.003], [86768.1, 0.02], [86768.4, 0.003], [86768.5, 0.002], [86768.7, 0.003], [86768.8, 1.0]], "timestamp": "2025-12-16T10:41:11.201562+00:00"}, {"symbol": "BTCUSDT", "bids": [[86989.9, 3.965], [86989.8, 0.007], [86989.6, 0.003], [86989.1, 0.003], [86988.7, 0.022], [86988.6, 0.003], [86988.5, 0.037], [86988.0, 0.059], [86987.9, 1.004], [86987.8, 0.012], [86987.6, 0.364], [86987.4, 0.023], [86987.1, 0.003], [86986.9, 0.005], [86986.8, 0.003], [86986.6, 0.002], [86986.4, 0.003], [86986.0, 0.002], [86985.9, 0.003], [86985.8, 0.003]], "asks": [[86990.0, 8.994], [86990.1, 0.004], [86990.2, 0.003], [86990.4, 0.025], [86990.5, 0.004], [86990.7, 0.003], [86990.8, 0.027], [86990.9, 0.002], [86991.2, 0.006], [86991.3, 0.003], [86991.7, 0.009], [86992.0, 0.295], [86992.2, 0.003], [86992.6, 0.002], [86992.7, 0.009], [86992.8, 0.003], [86993.2, 0.003], [86993.4, 0.003], [86993.6, 0.002], [86993.7, 0.006]], "timestamp": "2025-12-16T10:42:03.237737+00:00"}, {"symbol": "BTCUSDT", "bids": [[87041.4, 13.028], [87041.3, 0.063], [87040.9, 0.003], [87040.8, 0.011], [87040.4, 0.003], [87040.0, 0.004], [87039.9, 0.003], [87039.7, 0.102], [87039.4, 0.006], [87039.0, 0.002], [87038.9, 0.003], [87038.6, 0.003], [87038.4, 0.005], [87038.1, 0.002], [87038.0, 0.226], [87037.9, 0.088], [87037.8, 0.565], [87037.7, 0.003], [87037.5, 0.048], [87037.4, 0.002]], "asks": [[87041.5, 3.923], [87041.6, 0.004], [87041.9, 0.003], [87042.2, 0.002], [87042.4, 0.003], [87042.6, 0.003], [87042.7, 0.003], [87042.8, 0.002], [87042.9, 0.003], [87043.3, 0.024], [87043.4, 0.005], [87043.6, 0.002], [87043.9, 0.006], [87044.0, 0.005], [87044.1, 0.007], [87044.4, 0.003], [87044.5, 0.003], [87044.7, 0.061], [87044.8, 0.069], [87044.9, 0.009]], "timestamp": "2025-12-16T10:42:54.925394+00:00"}, {"symbol": "BTCUSDT", "bids": [[87209.0, 17.033], [87208.9, 0.009], [87208.8, 0.292], [87208.4, 0.408], [87208.3, 0.062], [87208.2, 0.087], [87208.1, 0.002], [87207.8, 0.438], [87207.3, 0.003], [87207.0, 0.003], [87206.8, 0.003], [87206.4, 0.004], [87206.3, 0.003], [87206.2, 0.002], [87205.9, 0.861], [87205.8, 0.359], [87205.7, 0.006], [87205.6, 1.0], [87205.5, 0.503], [87205.4, 0.387]], "asks": [[87209.1, 0.017], [87209.2, 0.004], [87209.3, 0.003], [87209.4, 0.005], [87209.5, 0.003], [87209.9, 0.003], [87210.0, 0.028], [87210.2, 0.003], [87210.4, 0.003], [87210.5, 0.004], [87210.6, 0.002], [87210.9, 0.06], [87211.4, 0.003], [87211.5, 0.003], [87211.8, 0.004], [87211.9, 0.005], [87212.1, 0.003], [87212.4, 0.007], [87212.6, 0.011], [87212.8, 0.004]], "timestamp": "2025-12-16T10:43:47.100958+00:00"}, {"symbol": "BTCUSDT", "bids": [[87109.7, 6.818], [87109.6, 0.017], [87109.3, 0.017], [87109.2, 0.004], [87109.1, 0.059], [87109.0, 0.101], [87108.9, 0.044], [87108.8, 0.005], [87108.3, 0.003], [87108.2, 0.002], [87108.0, 0.002], [87107.9, 0.02], [87107.8, 0.002], [87107.7, 0.003], [87107.4, 0.003], [87107.3, 0.002], [87107.1, 0.005], [87106.9, 0.003], [87106.7, 0.093], [87106.5, 0.004]], "asks": [[87109.8, 2.342], [87109.9, 0.024], [87110.0, 0.003], [87110.4, 0.002], [87110.5, 0.003], [87110.7, 0.002], [87111.0, 0.005], [87111.5, 0.003], [87111.6, 0.038], [87111.7, 0.002], [87111.8, 0.003], [87112.1, 0.003], [87112.2, 0.01], [87112.4, 0.478], [87112.5, 0.002], [87112.6, 0.006], [87113.1, 0.002], [87113.2, 0.004], [87113.3, 0.233], [87113.4, 0.002]], "timestamp": "2025-12-16T10:44:40.019738+00:00"}, {"symbol": "BTCUSDT", "bids": [[87089.0, 2.551], [87088.9, 0.056], [87088.8, 0.006], [87088.7, 0.149], [87088.5, 0.022], [87088.3, 0.002], [87087.3, 0.002], [87087.2, 0.002], [87087.0, 0.005], [87086.8, 0.003], [87086.3, 0.003], [87086.2, 0.003], [87085.9, 0.002], [87085.8, 0.003], [87085.4, 0.003], [87085.3, 0.003], [87085.1, 0.002], [87085.0, 0.002], [87084.8, 0.017], [87084.7, 0.003]], "asks": [[87089.1, 2.925], [87089.2, 0.006], [87089.3, 0.003], [87089.6, 0.004], [87089.8, 0.003], [87090.0, 0.003], [87090.3, 0.003], [87090.6, 0.002], [87090.8, 0.003], [87091.1, 0.003], [87091.2, 0.002], [87091.3, 0.003], [87091.8, 0.006], [87091.9, 0.002], [87092.0, 0.006], [87092.2, 0.002], [87092.3, 0.005], [87092.4, 0.009], [87092.6, 0.005], [87092.8, 0.003]], "timestamp": "2025-12-16T10:45:32.922731+00:00"}, {"symbol": "BTCUSDT", "bids": [[87213.5, 7.731], [87213.4, 0.016], [87213.1, 0.01], [87212.9, 0.003], [87212.8, 0.002], [87212.4, 0.005], [87211.9, 0.003], [87211.8, 0.057], [87211.7, 0.002], [87211.6, 0.002], [87211.5, 0.005], [87211.4, 0.003], [87211.3, 0.173], [87211.2, 0.781], [87211.0, 4.267], [87210.9, 0.045], [87210.8, 0.037], [87210.7, 0.003], [87210.5, 0.002], [87210.4, 0.004]], "asks": [[87213.6, 2.937], [87213.7, 0.004], [87213.8, 0.003], [87214.0, 0.002], [87214.1, 0.002], [87214.2, 0.002], [87214.3, 0.003], [87214.4, 0.002], [87214.7, 0.021], [87214.8, 0.204], [87214.9, 0.002], [87215.0, 0.002], [87215.3, 0.006], [87215.4, 0.002], [87215.5, 0.002], [87215.6, 0.003], [87215.9, 0.003], [87216.0, 0.004], [87216.2, 0.003], [87216.4, 0.003]], "timestamp": "2025-12-16T10:46:25.480970+00:00"}, {"symbol": "BTCUSDT", "bids": [[87223.9, 3.363], [87223.8, 0.002], [87223.4, 0.003], [87223.0, 0.002], [87222.8, 0.009], [87222.6, 0.002], [87222.4, 0.003], [87222.3, 0.003], [87222.2, 0.002], [87221.8, 0.003], [87221.7, 0.006], [87221.5, 0.042], [87221.4, 0.239], [87221.3, 0.002], [87221.2, 0.007], [87220.9, 0.003], [87220.7, 0.003], [87220.5, 0.003], [87220.3, 0.003], [87220.2, 0.003]], "asks": [[87224.0, 7.752], [87224.1, 0.006], [87224.5, 0.002], [87225.2, 0.003], [87225.7, 0.003], [87226.0, 0.003], [87226.2, 0.062], [87226.7, 0.003], [87226.8, 0.003], [87227.2, 0.003], [87227.5, 0.003], [87227.7, 0.003], [87227.9, 0.002], [87228.0, 0.04], [87228.6, 0.003], [87228.8, 0.003], [87228.9, 0.002], [87229.1, 0.005], [87229.2, 0.003], [87229.7, 0.144]], "timestamp": "2025-12-16T10:47:17.826044+00:00"}, {"symbol": "BTCUSDT", "bids": [[87073.6, 23.531], [87073.5, 0.008], [87073.3, 0.466], [87073.1, 0.067], [87073.0, 0.009], [87072.9, 0.003], [87072.4, 0.006], [87072.3, 0.059], [87072.0, 0.18], [87071.9, 0.041], [87071.8, 0.004], [87071.6, 0.003], [87071.4, 0.178], [87071.3, 0.04], [87071.1, 0.003], [87070.7, 0.002], [87070.6, 0.002], [87070.3, 0.003], [87070.1, 0.04], [87070.0, 0.002]], "asks": [[87073.7, 0.059], [87073.8, 0.765], [87074.0, 0.005], [87074.1, 0.003], [87074.2, 0.002], [87074.3, 0.004], [87074.6, 0.003], [87074.9, 0.003], [87075.0, 0.004], [87075.1, 0.005], [87075.5, 0.003], [87075.6, 0.005], [87075.9, 0.002], [87076.0, 0.002], [87076.1, 0.006], [87076.6, 0.005], [87076.8, 0.005], [87076.9, 0.005], [87077.1, 0.005], [87077.2, 0.003]], "timestamp": "2025-12-16T10:48:09.952601+00:00"}, {"symbol": "BTCUSDT", "bids": [[87037.9, 3.041], [87037.8, 0.008], [87037.6, 0.002], [87037.4, 0.003], [87037.1, 0.002], [87037.0, 0.005], [87036.9, 0.003], [87036.7, 0.002], [87036.5, 0.182], [87036.4, 0.083], [87036.3, 0.002], [87036.2, 0.002], [87036.1, 0.002], [87035.9, 0.008], [87035.7, 0.002], [87035.6, 0.002], [87035.4, 0.003], [87035.2, 0.002], [87035.0, 0.008], [87034.9, 0.006]], "asks": [[87038.0, 7.323], [87038.1, 0.006], [87038.8, 0.003], [87039.0, 0.002], [87039.3, 0.003], [87039.8, 0.012], [87039.9, 0.04], [87040.0, 0.007], [87040.5, 0.006], [87040.6, 0.002], [87040.8, 0.034], [87040.9, 0.771], [87041.0, 0.65], [87041.1, 0.405], [87041.2, 0.005], [87041.3, 0.003], [87041.8, 0.003], [87041.9, 0.004], [87042.1, 0.967], [87042.3, 0.36]], "timestamp": "2025-12-16T10:49:01.899521+00:00"}, {"symbol": "BTCUSDT", "bids": [[86991.1, 0.332], [86991.0, 0.004], [86990.9, 0.002], [86990.8, 0.002], [86990.6, 0.003], [86990.3, 0.003], [86990.1, 0.003], [86990.0, 0.057], [86989.6, 0.003], [86989.3, 0.003], [86989.2, 0.005], [86989.1, 0.003], [86989.0, 0.005], [86988.9, 0.002], [86988.8, 0.002], [86988.5, 0.003], [86988.4, 0.109], [86988.2, 0.006], [86987.7, 0.006], [86987.5, 0.002]], "asks": [[86991.2, 6.458], [86991.3, 0.031], [86991.8, 0.005], [86992.1, 1.442], [86992.3, 0.003], [86992.8, 0.003], [86992.9, 0.023], [86993.0, 0.002], [86993.1, 0.057], [86993.2, 0.003], [86993.3, 0.115], [86993.4, 0.11], [86993.8, 0.005], [86994.0, 0.041], [86994.5, 1.232], [86994.6, 0.003], [86994.7, 0.137], [86994.8, 0.003], [86995.0, 0.032], [86995.1, 0.007]], "timestamp": "2025-12-16T10:49:54.140600+00:00"}, {"symbol": "BTCUSDT", "bids": [[86917.9, 8.312], [86917.8, 0.22], [86917.7, 0.088], [86917.6, 0.002], [86917.2, 0.003], [86916.7, 0.003], [86916.2, 0.005], [86915.9, 0.004], [86915.7, 0.088], [86915.4, 0.002], [86915.3, 0.002], [86915.2, 0.003], [86915.1, 0.004], [86915.0, 0.006], [86914.9, 1.005], [86914.8, 0.021], [86914.7, 0.003], [86914.4, 0.005], [86914.2, 0.008], [86914.1, 0.026]], "asks": [[86918.0, 2.481], [86918.1, 0.002], [86918.4, 0.062], [86918.7, 0.034], [86918.8, 0.002], [86919.1, 0.003], [86919.6, 0.007], [86919.8, 0.003], [86920.0, 0.003], [86920.1, 0.003], [86920.5, 0.046], [86920.6, 0.002], [86920.7, 0.003], [86920.8, 0.003], [86921.1, 0.011], [86921.3, 0.005], [86921.4, 0.002], [86921.5, 0.003], [86921.6, 0.062], [86921.7, 0.002]], "timestamp": "2025-12-16T10:50:47.077072+00:00"}, {"symbol": "BTCUSDT", "bids": [[86848.4, 1.998], [86848.3, 0.095], [86848.2, 0.002], [86848.0, 0.002], [86847.9, 0.003], [86847.8, 0.002], [86847.2, 0.009], [86847.1, 0.481], [86847.0, 0.291], [86846.8, 0.017], [86846.7, 0.007], [86846.4, 0.005], [86846.3, 0.034], [86846.1, 0.002], [86846.0, 0.002], [86845.9, 0.005], [86845.8, 0.002], [86845.7, 0.019], [86845.6, 0.003], [86845.4, 0.018]], "asks": [[86848.5, 2.181], [86848.6, 0.064], [86848.7, 0.003], [86848.9, 0.003], [86849.4, 0.003], [86850.0, 0.002], [86850.1, 0.003], [86850.3, 0.002], [86850.5, 0.003], [86850.6, 0.003], [86851.2, 0.003], [86851.3, 0.027], [86851.5, 0.002], [86851.6, 0.002], [86851.9, 0.003], [86852.0, 0.003], [86852.4, 0.003], [86852.9, 0.007], [86853.1, 0.024], [86853.2, 0.005]], "timestamp": "2025-12-16T10:51:39.306954+00:00"}, {"symbol": "BTCUSDT", "bids": [[86936.2, 2.819], [86936.1, 0.062], [86936.0, 0.082], [86935.4, 0.002], [86935.3, 0.002], [86934.6, 0.036], [86934.5, 0.003], [86934.3, 0.002], [86934.2, 0.003], [86934.0, 0.005], [86933.9, 0.013], [86933.6, 0.412], [86933.5, 0.578], [86933.4, 0.006], [86933.0, 1.002], [86932.9, 0.002], [86932.7, 0.003], [86932.6, 0.006], [86932.4, 0.002], [86932.2, 0.004]], "asks": [[86936.3, 2.111], [86936.4, 0.006], [86936.6, 0.002], [86936.7, 0.003], [86937.1, 0.002], [86937.3, 0.002], [86937.4, 0.003], [86937.6, 0.002], [86937.9, 0.003], [86938.0, 0.003], [86938.1, 0.002], [86938.3, 0.003], [86938.4, 0.006], [86938.8, 0.004], [86938.9, 0.003], [86939.1, 0.003], [86939.4, 0.005], [86939.7, 0.003], [86939.9, 0.005], [86940.0, 0.584]], "timestamp": "2025-12-16T10:52:31.080475+00:00"}, {"symbol": "BTCUSDT", "bids": [[86930.4, 6.245], [86930.3, 0.472], [86929.8, 0.003], [86929.7, 0.345], [86929.6, 0.716], [86929.4, 0.005], [86929.2, 0.002], [86929.1, 0.017], [86928.9, 0.003], [86928.8, 1.432], [86928.7, 0.002], [86928.6, 0.018], [86928.4, 0.002], [86928.2, 0.003], [86928.1, 0.003], [86927.8, 0.014], [86927.6, 0.003], [86927.5, 0.006], [86927.4, 0.005], [86927.1, 0.003]], "asks": [[86930.5, 0.38], [86930.6, 0.002], [86930.8, 0.003], [86930.9, 0.002], [86931.0, 0.004], [86931.2, 0.002], [86931.3, 0.003], [86932.1, 0.003], [86932.5, 0.003], [86932.6, 0.003], [86933.0, 0.002], [86933.1, 0.003], [86933.3, 0.003], [86933.6, 0.005], [86934.1, 0.003], [86934.4, 0.002], [86934.5, 0.003], [86934.9, 0.005], [86935.0, 0.003], [86935.2, 0.003]], "timestamp": "2025-12-16T10:53:22.984868+00:00"}, {"symbol": "BTCUSDT", "bids": [[87002.3, 0.795], [87002.2, 0.005], [87001.7, 0.005], [87001.6, 0.013], [87001.5, 0.003], [87001.4, 0.047], [87001.2, 0.002], [87001.1, 0.003], [87001.0, 0.023], [87000.9, 0.056], [87000.7, 0.009], [87000.6, 0.002], [87000.5, 0.005], [87000.4, 0.002], [87000.3, 0.003], [87000.0, 0.005], [86999.7, 0.003], [86999.6, 0.004], [86999.5, 0.003], [86999.0, 0.096]], "asks": [[87002.4, 20.439], [87002.5, 0.008], [87002.9, 0.023], [87003.0, 0.004], [87003.1, 0.01], [87003.2, 1.361], [87003.4, 0.003], [87003.9, 0.043], [87004.0, 0.527], [87004.1, 1.353], [87004.2, 1.146], [87004.3, 0.004], [87004.4, 1.025], [87004.5, 0.003], [87004.8, 0.004], [87005.0, 0.005], [87005.2, 0.003], [87005.4, 0.115], [87005.9, 0.459], [87006.2, 0.12]], "timestamp": "2025-12-16T10:54:15.148019+00:00"}, {"symbol": "BTCUSDT", "bids": [[87013.9, 13.403], [87013.8, 0.76], [87013.7, 0.031], [87013.6, 0.06], [87013.5, 0.046], [87013.4, 0.003], [87012.9, 0.004], [87012.8, 0.05], [87012.7, 0.002], [87012.6, 0.002], [87012.5, 0.003], [87012.1, 0.08], [87012.0, 0.007], [87011.9, 0.044], [87011.8, 0.016], [87011.7, 0.003], [87011.3, 0.003], [87011.1, 0.014], [87011.0, 0.056], [87010.9, 0.002]], "asks": [[87014.0, 0.785], [87014.1, 0.002], [87014.2, 0.002], [87014.4, 0.008], [87014.5, 0.029], [87014.7, 0.021], [87015.0, 0.017], [87015.1, 0.002], [87015.2, 0.002], [87015.3, 0.006], [87015.5, 0.003], [87015.9, 0.005], [87016.0, 0.002], [87016.1, 0.003], [87016.2, 0.003], [87016.4, 0.003], [87016.7, 0.005], [87016.8, 0.007], [87016.9, 0.002], [87017.0, 0.002]], "timestamp": "2025-12-16T10:55:07.321427+00:00"}, {"symbol": "BTCUSDT", "bids": [[87026.6, 15.496], [87026.5, 0.055], [87026.4, 0.007], [87026.3, 0.003], [87026.0, 0.08], [87025.6, 0.003], [87025.5, 0.011], [87025.2, 0.005], [87025.1, 0.003], [87025.0, 0.258], [87024.9, 0.401], [87024.6, 0.063], [87024.1, 1.226], [87023.9, 0.005], [87023.8, 0.003], [87023.7, 0.002], [87023.5, 0.455], [87023.4, 0.004], [87023.1, 0.028], [87023.0, 0.007]], "asks": [[87026.7, 0.107], [87026.8, 0.002], [87027.1, 0.003], [87027.2, 0.002], [87027.3, 0.002], [87027.4, 0.002], [87027.5, 0.003], [87027.9, 0.002], [87028.0, 0.047], [87028.2, 0.003], [87028.3, 0.002], [87028.5, 0.003], [87029.2, 0.002], [87029.3, 0.003], [87029.4, 0.003], [87029.5, 0.011], [87029.6, 0.003], [87029.8, 0.032], [87029.9, 0.003], [87030.0, 0.006]], "timestamp": "2025-12-16T10:55:58.742952+00:00"}, {"symbol": "BTCUSDT", "bids": [[87025.0, 3.254], [87024.9, 0.012], [87024.8, 0.053], [87024.6, 0.007], [87024.0, 0.05], [87023.9, 0.005], [87023.7, 0.002], [87023.4, 0.002], [87023.3, 0.003], [87023.1, 0.02], [87023.0, 0.005], [87022.8, 0.002], [87022.6, 0.003], [87022.3, 0.028], [87022.2, 0.005], [87022.0, 0.008], [87021.7, 0.002], [87021.6, 0.008], [87021.5, 0.236], [87021.4, 0.002]], "asks": [[87025.1, 2.31], [87025.2, 0.002], [87025.3, 0.09], [87025.4, 0.003], [87025.7, 0.002], [87026.2, 0.009], [87026.4, 0.002], [87026.8, 0.003], [87027.1, 0.05], [87027.2, 0.002], [87027.3, 0.073], [87027.4, 0.002], [87027.5, 0.003], [87027.6, 0.12], [87028.0, 0.279], [87028.1, 0.533], [87028.2, 0.024], [87028.3, 0.005], [87028.4, 0.138], [87028.7, 0.002]], "timestamp": "2025-12-16T10:56:50.771401+00:00"}, {"symbol": "BTCUSDT", "bids": [[87081.5, 8.977], [87081.4, 0.009], [87081.3, 0.019], [87080.8, 0.053], [87080.5, 0.002], [87080.4, 0.004], [87080.3, 0.057], [87080.0, 0.05], [87079.9, 0.003], [87079.5, 0.004], [87079.4, 0.003], [87079.3, 0.003], [87079.0, 1.035], [87078.9, 0.162], [87078.5, 0.003], [87078.4, 0.005], [87078.3, 0.002], [87077.9, 0.003], [87077.7, 1.146], [87077.6, 0.373]], "asks": [[87081.6, 2.17], [87081.7, 0.005], [87081.8, 0.002], [87082.0, 0.002], [87082.1, 0.006], [87082.2, 0.011], [87082.3, 0.02], [87082.9, 0.003], [87083.2, 0.002], [87083.6, 0.002], [87083.8, 0.003], [87083.9, 0.005], [87084.0, 0.002], [87084.1, 0.003], [87084.3, 0.003], [87084.4, 0.035], [87084.5, 0.11], [87084.8, 0.005], [87084.9, 0.003], [87085.0, 0.004]], "timestamp": "2025-12-16T10:57:43.428543+00:00"}, {"symbol": "BTCUSDT", "bids": [[87022.1, 2.482], [87022.0, 0.006], [87021.7, 0.003], [87021.4, 0.046], [87021.2, 0.005], [87021.0, 0.028], [87020.9, 6.868], [87020.8, 0.004], [87020.7, 0.003], [87020.6, 0.011], [87020.5, 0.003], [87020.4, 0.036], [87020.2, 0.02], [87020.0, 0.328], [87019.7, 0.003], [87019.4, 0.004], [87019.2, 0.009], [87019.1, 0.005], [87019.0, 0.003], [87018.9, 0.005]], "asks": [[87022.2, 6.127], [87022.3, 0.01], [87022.6, 0.003], [87022.8, 0.079], [87023.1, 0.003], [87023.4, 0.002], [87023.7, 0.013], [87023.8, 0.005], [87023.9, 0.281], [87024.0, 0.002], [87024.2, 0.003], [87024.3, 0.999], [87024.4, 0.266], [87024.5, 0.436], [87024.6, 0.034], [87024.7, 0.003], [87024.8, 0.002], [87024.9, 0.029], [87025.0, 0.005], [87025.1, 0.343]], "timestamp": "2025-12-16T10:58:36.616804+00:00"}, {"symbol": "BTCUSDT", "bids": [[86975.3, 4.542], [86975.2, 0.002], [86975.1, 0.002], [86974.8, 0.003], [86974.5, 0.002], [86974.3, 0.003], [86974.1, 0.068], [86973.5, 0.004], [86973.4, 0.003], [86973.3, 0.003], [86973.1, 0.118], [86973.0, 0.002], [86972.9, 0.003], [86972.5, 0.003], [86972.4, 0.005], [86971.9, 0.003], [86971.8, 0.002], [86971.7, 0.003], [86971.4, 0.004], [86971.3, 0.018]], "asks": [[86975.4, 2.09], [86975.5, 0.002], [86975.7, 0.003], [86975.9, 0.003], [86976.0, 0.002], [86976.1, 0.002], [86976.2, 0.002], [86976.3, 0.003], [86976.4, 0.004], [86976.8, 0.003], [86976.9, 0.004], [86977.1, 0.002], [86977.4, 0.003], [86977.6, 0.003], [86977.8, 0.017], [86977.9, 0.004], [86978.1, 0.003], [86978.2, 0.003], [86978.4, 0.002], [86978.5, 0.002]], "timestamp": "2025-12-16T10:59:29.151351+00:00"}, {"symbol": "BTCUSDT", "bids": [[86978.1, 3.347], [86978.0, 0.289], [86977.9, 3.623], [86977.8, 0.011], [86977.7, 0.006], [86977.3, 0.003], [86977.1, 0.002], [86977.0, 0.005], [86976.8, 0.003], [86976.5, 0.002], [86976.4, 0.003], [86976.3, 0.003], [86976.0, 0.004], [86975.9, 0.005], [86975.8, 0.002], [86975.6, 0.014], [86975.4, 0.005], [86975.2, 0.002], [86975.1, 0.002], [86975.0, 0.002]], "asks": [[86978.2, 0.976], [86978.3, 0.005], [86978.7, 0.002], [86978.8, 0.002], [86979.1, 0.003], [86979.5, 0.002], [86979.9, 0.003], [86980.0, 0.003], [86980.1, 0.002], [86980.4, 0.003], [86980.5, 0.068], [86981.1, 0.003], [86981.2, 0.005], [86981.4, 0.036], [86981.7, 0.003], [86981.8, 0.003], [86982.0, 0.095], [86982.1, 0.023], [86982.2, 0.005], [86982.3, 0.159]], "timestamp": "2025-12-16T11:00:20.934648+00:00"}, {"symbol": "BTCUSDT", "bids": [[86919.0, 20.3], [86918.9, 0.008], [86918.4, 0.118], [86918.3, 0.003], [86918.0, 0.002], [86917.3, 0.207], [86917.2, 0.006], [86917.0, 0.003], [86916.8, 0.037], [86916.7, 0.037], [86916.6, 0.024], [86916.5, 0.119], [86916.2, 0.003], [86916.0, 0.005], [86915.9, 0.118], [86915.8, 0.173], [86915.7, 0.383], [86915.6, 0.068], [86915.4, 0.003], [86915.3, 0.002]], "asks": [[86919.1, 0.023], [86919.2, 0.002], [86919.6, 0.003], [86920.1, 0.063], [86920.2, 0.002], [86920.4, 0.003], [86920.5, 0.002], [86920.8, 0.003], [86920.9, 0.003], [86921.2, 0.025], [86921.5, 0.005], [86921.7, 0.003], [86921.8, 0.002], [86921.9, 0.003], [86922.0, 0.059], [86922.1, 0.003], [86922.4, 0.003], [86922.6, 0.003], [86922.8, 0.002], [86923.0, 0.002]], "timestamp": "2025-12-16T11:01:12.686658+00:00"}, {"symbol": "BTCUSDT", "bids": [[86947.7, 2.226], [86947.6, 0.006], [86947.3, 0.044], [86947.1, 0.003], [86946.7, 0.002], [86946.6, 0.004], [86946.5, 0.003], [86946.0, 0.007], [86945.9, 0.002], [86945.8, 0.006], [86945.7, 0.164], [86945.6, 0.261], [86945.5, 0.003], [86945.4, 0.003], [86945.0, 0.758], [86944.9, 0.002], [86944.8, 0.003], [86944.6, 0.003], [86944.5, 0.002], [86944.2, 0.003]], "asks": [[86947.8, 6.127], [86947.9, 0.006], [86948.1, 0.002], [86948.4, 0.02], [86948.6, 0.003], [86949.0, 0.409], [86949.1, 0.495], [86949.2, 0.006], [86949.3, 0.003], [86949.4, 0.116], [86949.7, 0.012], [86949.8, 0.867], [86949.9, 0.034], [86950.0, 0.005], [86950.1, 0.116], [86950.3, 0.026], [86950.5, 0.003], [86950.6, 0.003], [86950.8, 0.002], [86950.9, 0.002]], "timestamp": "2025-12-16T11:02:04.718743+00:00"}, {"symbol": "BTCUSDT", "bids": [[86832.0, 11.551], [86831.9, 0.006], [86831.8, 0.024], [86831.7, 0.003], [86831.2, 0.005], [86831.1, 0.002], [86831.0, 0.028], [86830.7, 0.003], [86830.5, 0.003], [86830.2, 0.005], [86830.0, 0.027], [86829.9, 0.036], [86829.7, 0.003], [86829.6, 0.361], [86829.5, 0.522], [86829.3, 0.061], [86829.2, 0.003], [86829.1, 0.021], [86828.9, 0.002], [86828.8, 0.003]], "asks": [[86832.1, 0.774], [86832.2, 0.002], [86832.8, 0.002], [86833.0, 0.044], [86833.1, 0.003], [86833.6, 0.003], [86834.1, 0.003], [86834.2, 0.005], [86834.8, 0.003], [86834.9, 0.003], [86835.0, 0.003], [86835.1, 0.002], [86835.3, 0.003], [86835.4, 0.003], [86835.5, 0.002], [86835.6, 0.057], [86835.8, 0.006], [86836.0, 0.089], [86836.1, 0.173], [86836.2, 0.024]], "timestamp": "2025-12-16T11:02:57.026918+00:00"}, {"symbol": "BTCUSDT", "bids": [[86889.6, 12.525], [86889.5, 0.307], [86889.4, 0.002], [86888.7, 0.002], [86888.5, 0.002], [86888.4, 0.118], [86887.9, 0.132], [86887.8, 0.004], [86887.6, 0.003], [86886.9, 0.002], [86886.8, 0.789], [86886.7, 0.422], [86886.6, 0.017], [86886.3, 1.035], [86886.2, 0.02], [86886.1, 0.002], [86886.0, 0.009], [86885.9, 0.005], [86885.8, 0.002], [86885.7, 0.004]], "asks": [[86889.7, 0.14], [86889.8, 0.002], [86890.0, 0.012], [86890.1, 0.002], [86890.5, 0.003], [86891.0, 0.003], [86891.3, 0.002], [86891.5, 0.005], [86891.7, 0.003], [86891.9, 0.002], [86892.0, 0.009], [86892.1, 0.003], [86892.2, 0.005], [86892.4, 0.012], [86892.5, 0.008], [86892.6, 0.002], [86892.7, 0.002], [86892.9, 0.05], [86893.0, 0.03], [86893.3, 0.002]], "timestamp": "2025-12-16T11:03:49.530202+00:00"}, {"symbol": "BTCUSDT", "bids": [[86979.4, 2.057], [86979.3, 0.016], [86979.0, 0.444], [86978.9, 0.005], [86978.6, 0.068], [86978.4, 0.003], [86978.2, 0.002], [86978.0, 0.005], [86977.9, 0.005], [86977.8, 0.024], [86977.4, 0.002], [86977.3, 0.003], [86977.1, 0.002], [86977.0, 0.005], [86976.9, 0.002], [86976.5, 0.008], [86976.4, 0.006], [86976.3, 0.004], [86976.2, 0.006], [86976.0, 0.005]], "asks": [[86979.5, 4.377], [86979.6, 0.004], [86979.8, 0.003], [86979.9, 0.006], [86980.4, 0.003], [86981.0, 0.003], [86981.3, 0.002], [86981.5, 0.003], [86981.6, 0.003], [86982.1, 0.037], [86982.2, 0.009], [86982.3, 0.003], [86982.4, 0.015], [86982.5, 0.002], [86982.6, 0.005], [86982.9, 0.115], [86983.0, 0.004], [86983.1, 0.006], [86983.2, 0.002], [86983.3, 0.023]], "timestamp": "2025-12-16T11:04:42.386795+00:00"}, {"symbol": "BTCUSDT", "bids": [[86916.3, 4.747], [86916.2, 0.008], [86916.1, 0.012], [86915.9, 0.002], [86915.7, 0.003], [86915.5, 0.004], [86915.4, 0.004], [86915.2, 0.003], [86914.8, 0.021], [86914.7, 0.003], [86914.6, 0.037], [86914.5, 0.007], [86914.2, 0.003], [86914.1, 0.12], [86914.0, 0.002], [86913.9, 0.005], [86913.8, 0.068], [86913.7, 0.005], [86913.6, 0.018], [86913.2, 0.008]], "asks": [[86916.4, 2.148], [86916.5, 0.108], [86916.6, 0.003], [86917.0, 0.002], [86917.1, 0.002], [86917.3, 0.003], [86917.8, 0.003], [86917.9, 0.002], [86918.0, 0.002], [86918.2, 0.002], [86918.3, 0.003], [86918.4, 0.003], [86918.6, 0.002], [86918.7, 0.002], [86918.8, 0.003], [86919.2, 0.06], [86919.4, 0.003], [86919.6, 0.002], [86919.7, 0.002], [86919.9, 0.003]], "timestamp": "2025-12-16T11:05:35.683196+00:00"}, {"symbol": "BTCUSDT", "bids": [[86844.1, 4.674], [86844.0, 0.747], [86843.9, 0.059], [86843.8, 0.003], [86843.4, 0.007], [86843.3, 0.002], [86842.9, 0.003], [86842.8, 0.026], [86842.4, 0.002], [86842.3, 0.008], [86842.1, 0.018], [86841.7, 0.003], [86841.6, 0.009], [86841.5, 0.002], [86841.4, 0.073], [86841.3, 0.008], [86841.1, 0.002], [86841.0, 0.021], [86840.9, 0.027], [86840.7, 0.002]], "asks": [[86844.2, 0.666], [86844.3, 0.079], [86844.4, 0.003], [86845.0, 0.016], [86845.1, 0.003], [86845.2, 0.012], [86845.4, 0.002], [86845.6, 0.008], [86845.7, 0.086], [86845.8, 0.104], [86845.9, 0.002], [86846.0, 0.044], [86846.1, 0.003], [86846.3, 0.003], [86846.4, 0.057], [86846.5, 0.002], [86846.6, 0.082], [86846.7, 0.245], [86846.8, 0.003], [86847.0, 0.023]], "timestamp": "2025-12-16T11:06:28.744889+00:00"}, {"symbol": "BTCUSDT", "bids": [[86863.0, 7.222], [86862.9, 0.013], [86862.7, 0.035], [86862.6, 0.069], [86862.5, 0.003], [86862.4, 0.011], [86862.3, 0.006], [86862.2, 0.003], [86862.1, 0.003], [86862.0, 0.003], [86861.9, 0.069], [86861.8, 0.006], [86861.7, 0.002], [86861.6, 0.005], [86861.5, 0.002], [86861.3, 0.006], [86861.0, 0.003], [86860.8, 0.013], [86860.7, 0.002], [86860.5, 0.006]], "asks": [[86863.1, 0.151], [86863.2, 0.004], [86863.8, 0.003], [86864.0, 0.002], [86864.3, 0.003], [86864.8, 0.003], [86865.0, 0.016], [86865.1, 0.003], [86865.3, 0.003], [86865.9, 0.003], [86866.0, 0.005], [86866.2, 0.002], [86866.4, 0.003], [86866.5, 0.003], [86867.0, 0.005], [86867.2, 0.003], [86867.3, 0.054], [86867.4, 0.029], [86867.5, 0.002], [86867.6, 0.006]], "timestamp": "2025-12-16T11:07:20.665390+00:00"}, {"symbol": "BTCUSDT", "bids": [[86861.3, 6.834], [86861.2, 0.305], [86860.9, 0.051], [86860.8, 0.057], [86860.5, 0.249], [86860.3, 0.395], [86860.2, 0.002], [86860.0, 0.002], [86859.9, 0.002], [86859.6, 0.357], [86859.3, 0.003], [86859.0, 0.004], [86858.9, 0.003], [86858.8, 0.4], [86858.7, 0.01], [86858.3, 0.003], [86858.2, 0.049], [86858.1, 0.013], [86857.9, 0.005], [86857.8, 0.002]], "asks": [[86861.4, 0.057], [86861.5, 0.004], [86861.8, 0.006], [86862.0, 0.003], [86862.3, 0.002], [86862.6, 0.012], [86862.7, 0.005], [86863.1, 0.002], [86863.4, 0.008], [86863.6, 0.002], [86863.9, 0.003], [86864.0, 0.002], [86864.1, 0.003], [86864.2, 0.003], [86864.3, 0.006], [86864.4, 0.005], [86864.8, 0.259], [86864.9, 0.008], [86865.0, 0.01], [86865.2, 0.026]], "timestamp": "2025-12-16T11:08:13.136673+00:00"}, {"symbol": "BTCUSDT", "bids": [[86897.9, 11.815], [86897.8, 0.119], [86897.7, 0.031], [86897.3, 0.024], [86897.2, 0.002], [86897.1, 0.095], [86897.0, 0.003], [86896.8, 0.002], [86896.6, 0.005], [86896.3, 0.005], [86896.0, 0.218], [86895.9, 0.2], [86895.8, 0.006], [86895.2, 0.003], [86895.0, 0.064], [86894.9, 0.391], [86894.8, 0.002], [86894.5, 0.02], [86894.4, 0.762], [86894.3, 0.004]], "asks": [[86898.0, 0.79], [86898.1, 0.007], [86898.6, 0.006], [86898.7, 0.007], [86898.8, 0.005], [86899.2, 0.003], [86899.6, 0.002], [86899.8, 0.016], [86899.9, 0.003], [86900.0, 0.095], [86900.1, 0.003], [86900.2, 0.002], [86900.5, 0.102], [86900.6, 0.022], [86900.9, 0.002], [86901.0, 0.002], [86901.1, 0.003], [86901.3, 0.094], [86901.4, 0.008], [86901.5, 0.002]], "timestamp": "2025-12-16T11:09:05.079231+00:00"}, {"symbol": "BTCUSDT", "bids": [[86887.9, 2.118], [86887.8, 0.004], [86887.7, 0.114], [86887.6, 0.002], [86887.5, 0.005], [86887.0, 0.002], [86886.8, 0.002], [86886.7, 0.005], [86886.2, 0.021], [86886.0, 0.005], [86885.9, 0.008], [86885.8, 0.089], [86885.5, 0.007], [86885.2, 0.003], [86885.1, 0.002], [86885.0, 0.045], [86884.8, 0.002], [86884.6, 0.044], [86884.5, 0.003], [86884.2, 0.584]], "asks": [[86888.0, 11.099], [86888.1, 1.059], [86888.2, 0.003], [86888.7, 0.005], [86888.8, 0.012], [86888.9, 1.073], [86889.0, 0.004], [86889.1, 0.54], [86889.2, 0.003], [86889.4, 0.024], [86889.5, 0.101], [86889.6, 0.484], [86889.7, 0.002], [86889.8, 0.121], [86890.0, 0.006], [86890.1, 0.394], [86890.3, 0.003], [86890.4, 0.116], [86890.8, 0.005], [86890.9, 0.003]], "timestamp": "2025-12-16T11:09:57.111546+00:00"}, {"symbol": "BTCUSDT", "bids": [[86838.8, 4.737], [86838.7, 0.004], [86838.5, 0.002], [86838.2, 0.002], [86837.4, 0.002], [86837.3, 0.068], [86837.2, 0.002], [86837.0, 0.002], [86836.9, 0.005], [86836.8, 0.003], [86836.6, 0.106], [86836.5, 0.438], [86836.4, 0.002], [86836.3, 0.012], [86836.0, 0.025], [86835.9, 0.104], [86835.8, 0.044], [86835.6, 0.002], [86835.5, 0.005], [86835.2, 0.002]], "asks": [[86838.9, 0.158], [86839.0, 0.005], [86839.1, 0.003], [86839.6, 0.003], [86839.7, 0.002], [86839.8, 0.002], [86840.0, 0.012], [86840.3, 0.005], [86840.6, 0.005], [86840.7, 0.002], [86840.9, 0.006], [86841.0, 0.004], [86841.3, 0.002], [86841.4, 0.002], [86841.7, 0.042], [86841.8, 0.003], [86842.2, 0.003], [86842.3, 0.032], [86842.4, 0.002], [86842.5, 0.004]], "timestamp": "2025-12-16T11:10:49.344268+00:00"}, {"symbol": "BTCUSDT", "bids": [[86830.5, 6.02], [86830.4, 0.006], [86830.0, 0.003], [86829.9, 0.004], [86829.8, 0.013], [86829.7, 0.046], [86829.6, 0.002], [86829.5, 0.008], [86829.4, 0.002], [86829.3, 0.002], [86829.2, 0.029], [86829.1, 0.238], [86829.0, 0.003], [86828.7, 0.003], [86828.6, 0.002], [86828.5, 0.005], [86828.4, 0.005], [86828.0, 0.003], [86827.9, 0.003], [86827.8, 0.013]], "asks": [[86830.6, 2.227], [86830.7, 0.055], [86830.8, 0.074], [86831.1, 0.023], [86831.5, 0.003], [86832.0, 0.005], [86832.4, 0.002], [86832.5, 0.003], [86832.6, 0.03], [86832.9, 0.034], [86833.1, 0.006], [86833.6, 0.017], [86833.7, 0.002], [86833.9, 0.003], [86834.1, 0.032], [86834.2, 0.005], [86834.5, 0.002], [86834.6, 0.002], [86834.7, 0.121], [86834.8, 0.024]], "timestamp": "2025-12-16T11:11:41.804226+00:00"}, {"symbol": "BTCUSDT", "bids": [[86857.2, 0.034], [86857.1, 0.002], [86856.9, 0.003], [86856.8, 0.003], [86856.4, 0.003], [86855.8, 0.003], [86855.7, 0.002], [86855.6, 0.004], [86855.5, 0.003], [86855.3, 0.005], [86855.1, 0.003], [86855.0, 0.004], [86854.8, 0.005], [86854.6, 0.005], [86854.5, 0.003], [86854.2, 0.007], [86854.1, 0.003], [86853.8, 0.012], [86853.6, 0.009], [86853.5, 0.006]], "asks": [[86857.3, 16.324], [86857.5, 5.983], [86857.7, 4.384], [86857.9, 4.6], [86858.1, 0.526], [86858.2, 9.75], [86858.3, 1.149], [86858.4, 1.408], [86858.5, 3.841], [86858.6, 0.003], [86858.7, 1.675], [86858.9, 0.116], [86859.0, 0.002], [86859.1, 0.46], [86859.2, 2.512], [86859.5, 0.002], [86859.6, 1.36], [86859.7, 1.296], [86859.8, 2.398], [86859.9, 0.004]], "timestamp": "2025-12-16T11:12:34.581550+00:00"}