[{"id": "3017078724", "price": 87727.3, "amount": 0.491, "side": "sell", "timestamp": 1765928578872}, {"id": "3017078725", "price": 87727.3, "amount": 1.729, "side": "sell", "timestamp": 1765928579421}, {"id": "3017078726", "price": 87727.4, "amount": 0.034, "side": "buy", "timestamp": 1765928579424}, {"id": "3017078727", "price": 87727.5, "amount": 0.01, "side": "buy", "timestamp": 1765928579429}, {"id": "3017078728", "price": 87727.8, "amount": 0.002, "side": "buy", "timestamp": 1765928579429}, {"id": "3017078729", "price": 87728.0, "amount": 0.031, "side": "buy", "timestamp": 1765928579429}, {"id": "3017078730", "price": 87728.1, "amount": 0.002, "side": "buy", "timestamp": 1765928579450}, {"id": "3017078731", "price": 87728.2, "amount": 0.002, "side": "buy", "timestamp": 1765928579450}, {"id": "3017078732", "price": 87728.5, "amount": 0.01, "side": "buy", "timestamp": 1765928579450}, {"id": "3017078733", "price": 87728.4, "amount": 0.002, "side": "sell", "timestamp": 1765928579677}, {"id": "3017078734", "price": 87728.5, "amount": 0.002, "side": "buy", "timestamp": 1765928579824}, {"id": "3017078735", "price": 87728.4, "amount": 0.492, "side": "sell", "timestamp": 1765928579981}, {"id": "3017078736", "price": 87728.4, "amount": 0.097, "side": "sell", "timestamp": 1765928580529}, {"id": "3017078737", "price": 87728.3, "amount": 0.004, "side": "sell", "timestamp": 1765928580531}, {"id": "3017078738", "price": 87727.9, "amount": 0.015, "side": "sell", "timestamp": 1765928580531}, {"id": "3017078739", "price": 87727.6, "amount": 0.002, "side": "sell", "timestamp": 1765928580531}, {"id": "3017078740", "price": 87727.5, "amount": 0.002, "side": "sell", "timestamp": 1765928580531}, {"id": "3017078741", "price": 87727.3, "amount": 0.031, "side": "sell", "timestamp": 1765928580531}, {"id": "3017078742", "price": 87727.0, "amount": 0.002, "side": "sell", "timestamp": 1765928580531}, {"id": "3017078743", "price": 87726.7, "amount": 0.002, "side": "sell", "timestamp": 1765928580531}, {"id": "3017078744", "price": 87726.6, "amount": 0.004, "side": "sell", "timestamp": 1765928580531}, {"id": "3017078745", "price": 87726.5, "amount": 0.003, "side": "sell", "timestamp": 1765928580531}, {"id": "3017078746", "price": 87726.4, "amount": 0.003, "side": "sell", "timestamp": 1765928580531}, {"id": "3017078747", "price": 87726.2, "amount": 0.002, "side": "sell", "timestamp": 1765928580531}, {"id": "3017078748", "price": 87726.0, "amount": 0.009, "side": "sell", "timestamp": 1765928580531}, {"id": "3017078749", "price": 87725.8, "amount": 0.002, "side": "sell", "timestamp": 1765928580531}, {"id": "3017078750", "price": 87725.7, "amount": 0.002, "side": "sell", "timestamp": 1765928580531}, {"id": "3017078751", "price": 87725.6, "amount": 0.003, "side": "sell", "timestamp": 1765928580531}, {"id": "3017078752", "price": 87725.5, "amount": 0.003, "side": "sell", "timestamp": 1765928580531}, {"id": "3017078753", "price": 87725.2, "amount": 0.039, "side": "sell", "timestamp": 1765928580558}, {"id": "3017078754", "price": 87725.1, "amount": 0.002, "side": "sell", "timestamp": 1765928580612}, {"id": "3017078755", "price": 87724.9, "amount": 0.002, "side": "sell", "timestamp": 1765928580613}, {"id": "3017078756", "price": 87724.8, "amount": 0.073, "side": "sell", "timestamp": 1765928580617}, {"id": "3017078757", "price": 87724.3, "amount": 0.005, "side": "sell", "timestamp": 1765928580620}, {"id": "3017078758", "price": 87724.1, "amount": 0.003, "side": "sell", "timestamp": 1765928580620}, {"id": "3017078759", "price": 87724.0, "amount": 0.002, "side": "sell", "timestamp": 1765928580620}, {"id": "3017078760", "price": 87723.7, "amount": 0.003, "side": "sell", "timestamp": 1765928580620}, {"id": "3017078761", "price": 87723.6, "amount": 0.003, "side": "sell", "timestamp": 1765928580620}, {"id": "3017078762", "price": 87723.3, "amount": 0.003, "side": "sell", "timestamp": 1765928580622}, {"id": "3017078763", "price": 87723.1, "amount": 0.004, "side": "sell", "timestamp": 1765928581179}, {"id": "3017078764", "price": 87723.1, "amount": 0.171, "side": "sell", "timestamp": 1765928581579}, {"id": "3017078765", "price": 87723.0, "amount": 0.006, "side": "sell", "timestamp": 1765928581579}, {"id": "3017078766", "price": 87722.9, "amount": 0.003, "side": "sell", "timestamp": 1765928581579}, {"id": "3017078767", "price": 87722.4, "amount": 0.009, "side": "sell", "timestamp": 1765928581735}, {"id": "3017078768", "price": 87722.3, "amount": 0.004, "side": "sell", "timestamp": 1765928581774}, {"id": "3017078769", "price": 87722.2, "amount": 0.005, "side": "sell", "timestamp": 1765928581774}, {"id": "3017078770", "price": 87721.7, "amount": 0.005, "side": "sell", "timestamp": 1765928581777}, {"id": "3017078771", "price": 87721.4, "amount": 0.004, "side": "sell", "timestamp": 1765928581777}, {"id": "3017078772", "price": 87721.2, "amount": 0.008, "side": "sell", "timestamp": 1765928581850}, {"id": "3017078773", "price": 87721.1, "amount": 0.011, "side": "sell", "timestamp": 1765928581855}, {"id": "3017079033", "price": 87747.7, "amount": 0.002, "side": "sell", "timestamp": 1765928626660}, {"id": "3017079034", "price": 87747.4, "amount": 0.003, "side": "sell", "timestamp": 1765928626660}, {"id": "3017079035", "price": 87747.1, "amount": 0.003, "side": "sell", "timestamp": 1765928626662}, {"id": "3017079036", "price": 87746.9, "amount": 0.002, "side": "sell", "timestamp": 1765928626662}, {"id": "3017079037", "price": 87746.8, "amount": 0.008, "side": "sell", "timestamp": 1765928626662}, {"id": "3017079038", "price": 87746.3, "amount": 0.003, "side": "sell", "timestamp": 1765928626666}, {"id": "3017079039", "price": 87746.1, "amount": 0.132, "side": "sell", "timestamp": 1765928626669}, {"id": "3017079040", "price": 87746.0, "amount": 0.002, "side": "sell", "timestamp": 1765928626677}, {"id": "3017079041", "price": 87745.8, "amount": 0.002, "side": "sell", "timestamp": 1765928626677}, {"id": "3017079042", "price": 87745.5, "amount": 0.002, "side": "sell", "timestamp": 1765928626677}, {"id": "3017079043", "price": 87745.3, "amount": 0.003, "side": "sell", "timestamp": 1765928626677}, {"id": "3017079044", "price": 87745.1, "amount": 0.005, "side": "buy", "timestamp": 1765928626715}, {"id": "3017079045", "price": 87745.0, "amount": 0.499, "side": "sell", "timestamp": 1765928626968}, {"id": "3017079046", "price": 87745.1, "amount": 0.009, "side": "buy", "timestamp": 1765928627040}, {"id": "3017079047", "price": 87745.0, "amount": 1.497, "side": "sell", "timestamp": 1765928627040}, {"id": "3017079048", "price": 87745.1, "amount": 1.0, "side": "buy", "timestamp": 1765928627040}, {"id": "3017079049", "price": 87745.0, "amount": 0.008, "side": "sell", "timestamp": 1765928627044}, {"id": "3017079050", "price": 87744.9, "amount": 0.022, "side": "sell", "timestamp": 1765928627047}, {"id": "3017079051", "price": 87744.5, "amount": 0.003, "side": "sell", "timestamp": 1765928627052}, {"id": "3017079052", "price": 87743.9, "amount": 0.005, "side": "sell", "timestamp": 1765928627052}, {"id": "3017079053", "price": 87743.7, "amount": 0.003, "side": "sell", "timestamp": 1765928627054}, {"id": "3017079054", "price": 87743.6, "amount": 0.002, "side": "sell", "timestamp": 1765928627055}, {"id": "3017079055", "price": 87743.4, "amount": 0.012, "side": "sell", "timestamp": 1765928627059}, {"id": "3017079056", "price": 87742.9, "amount": 0.003, "side": "sell", "timestamp": 1765928627061}, {"id": "3017079057", "price": 87742.3, "amount": 0.006, "side": "sell", "timestamp": 1765928627061}, {"id": "3017079058", "price": 87742.2, "amount": 0.002, "side": "sell", "timestamp": 1765928627061}, {"id": "3017079059", "price": 87741.9, "amount": 0.007, "side": "sell", "timestamp": 1765928627239}, {"id": "3017079060", "price": 87742.0, "amount": 0.002, "side": "buy", "timestamp": 1765928627275}, {"id": "3017079061", "price": 87742.0, "amount": 0.013, "side": "buy", "timestamp": 1765928627661}, {"id": "3017079062", "price": 87741.9, "amount": 0.01, "side": "sell", "timestamp": 1765928628862}, {"id": "3017079063", "price": 87742.0, "amount": 0.029, "side": "buy", "timestamp": 1765928628918}, {"id": "3017079064", "price": 87741.9, "amount": 0.01, "side": "sell", "timestamp": 1765928628958}, {"id": "3017079065", "price": 87742.0, "amount": 0.004, "side": "buy", "timestamp": 1765928630911}, {"id": "3017079066", "price": 87741.9, "amount": 0.002, "side": "sell", "timestamp": 1765928631079}, {"id": "3017079067", "price": 87742.0, "amount": 0.04, "side": "buy", "timestamp": 1765928631568}, {"id": "3017079068", "price": 87741.9, "amount": 0.05, "side": "sell", "timestamp": 1765928632025}, {"id": "3017079069", "price": 87741.9, "amount": 0.013, "side": "sell", "timestamp": 1765928632341}, {"id": "3017079070", "price": 87742.0, "amount": 0.018, "side": "buy", "timestamp": 1765928632363}, {"id": "3017079071", "price": 87742.1, "amount": 0.003, "side": "buy", "timestamp": 1765928632417}, {"id": "3017079072", "price": 87742.2, "amount": 0.002, "side": "buy", "timestamp": 1765928632417}, {"id": "3017079073", "price": 87742.4, "amount": 0.002, "side": "buy", "timestamp": 1765928632417}, {"id": "3017079074", "price": 87743.8, "amount": 0.002, "side": "buy", "timestamp": 1765928632420}, {"id": "3017079075", "price": 87744.0, "amount": 0.003, "side": "buy", "timestamp": 1765928632420}, {"id": "3017079076", "price": 87744.1, "amount": 0.002, "side": "buy", "timestamp": 1765928632420}, {"id": "3017079077", "price": 87744.4, "amount": 0.003, "side": "buy", "timestamp": 1765928632420}, {"id": "3017079078", "price": 87744.8, "amount": 0.003, "side": "buy", "timestamp": 1765928632420}, {"id": "3017079079", "price": 87744.9, "amount": 0.003, "side": "buy", "timestamp": 1765928632420}, {"id": "3017079080", "price": 87745.0, "amount": 0.107, "side": "buy", "timestamp": 1765928632558}, {"id": "3017079081", "price": 87745.0, "amount": 0.014, "side": "buy", "timestamp": 1765928632755}, {"id": "3017079082", "price": 87745.0, "amount": 0.005, "side": "buy", "timestamp": 1765928633359}, {"id": "3017079233", "price": 87759.5, "amount": 0.019, "side": "buy", "timestamp": 1765928664327}, {"id": "3017079234", "price": 87759.5, "amount": 0.009, "side": "buy", "timestamp": 1765928664586}, {"id": "3017079235", "price": 87759.4, "amount": 0.011, "side": "sell", "timestamp": 1765928664860}, {"id": "3017079236", "price": 87759.5, "amount": 0.004, "side": "buy", "timestamp": 1765928664983}, {"id": "3017079237", "price": 87759.5, "amount": 1.191, "side": "buy", "timestamp": 1765928666035}, {"id": "3017079238", "price": 87759.5, "amount": 0.003, "side": "buy", "timestamp": 1765928666136}, {"id": "3017079239", "price": 87759.5, "amount": 0.008, "side": "buy", "timestamp": 1765928666578}, {"id": "3017079240", "price": 87759.5, "amount": 0.006, "side": "buy", "timestamp": 1765928666834}, {"id": "3017079241", "price": 87759.4, "amount": 0.005, "side": "sell", "timestamp": 1765928666912}, {"id": "3017079242", "price": 87759.4, "amount": 0.004, "side": "sell", "timestamp": 1765928667214}, {"id": "3017079243", "price": 87759.5, "amount": 0.039, "side": "buy", "timestamp": 1765928667785}, {"id": "3017079244", "price": 87759.4, "amount": 0.002, "side": "sell", "timestamp": 1765928667951}, {"id": "3017079245", "price": 87759.5, "amount": 0.023, "side": "buy", "timestamp": 1765928668188}, {"id": "3017079246", "price": 87759.4, "amount": 0.018, "side": "sell", "timestamp": 1765928669014}, {"id": "3017079247", "price": 87759.4, "amount": 0.004, "side": "sell", "timestamp": 1765928669561}, {"id": "3017079248", "price": 87759.5, "amount": 0.006, "side": "buy", "timestamp": 1765928669827}, {"id": "3017079249", "price": 87759.5, "amount": 0.114, "side": "buy", "timestamp": 1765928671041}, {"id": "3017079250", "price": 87759.4, "amount": 0.575, "side": "sell", "timestamp": 1765928671800}, {"id": "3017079251", "price": 87759.5, "amount": 0.037, "side": "buy", "timestamp": 1765928672123}, {"id": "3017079252", "price": 87759.4, "amount": 0.009, "side": "sell", "timestamp": 1765928672260}, {"id": "3017079253", "price": 87759.4, "amount": 0.002, "side": "sell", "timestamp": 1765928673138}, {"id": "3017079254", "price": 87759.5, "amount": 0.005, "side": "buy", "timestamp": 1765928673706}, {"id": "3017079255", "price": 87759.4, "amount": 0.003, "side": "sell", "timestamp": 1765928674255}, {"id": "3017079256", "price": 87759.4, "amount": 0.002, "side": "sell", "timestamp": 1765928674947}, {"id": "3017079257", "price": 87759.5, "amount": 0.006, "side": "buy", "timestamp": 1765928674975}, {"id": "3017079258", "price": 87759.4, "amount": 0.001, "side": "sell", "timestamp": 1765928675479}, {"id": "3017079259", "price": 87759.5, "amount": 0.006, "side": "buy", "timestamp": 1765928675631}, {"id": "3017079260", "price": 87759.4, "amount": 0.008, "side": "sell", "timestamp": 1765928675771}, {"id": "3017079261", "price": 87759.5, "amount": 0.007, "side": "buy", "timestamp": 1765928675892}, {"id": "3017079262", "price": 87759.4, "amount": 0.05, "side": "sell", "timestamp": 1765928676224}, {"id": "3017079263", "price": 87759.5, "amount": 0.114, "side": "buy", "timestamp": 1765928677024}, {"id": "3017079264", "price": 87759.5, "amount": 0.043, "side": "buy", "timestamp": 1765928677296}, {"id": "3017079265", "price": 87759.5, "amount": 0.028, "side": "buy", "timestamp": 1765928677467}, {"id": "3017079266", "price": 87759.5, "amount": 0.024, "side": "buy", "timestamp": 1765928677885}, {"id": "3017079267", "price": 87759.4, "amount": 0.004, "side": "sell", "timestamp": 1765928679074}, {"id": "3017079268", "price": 87759.4, "amount": 2.672, "side": "sell", "timestamp": 1765928679716}, {"id": "3017079269", "price": 87759.3, "amount": 0.022, "side": "sell", "timestamp": 1765928679728}, {"id": "3017079270", "price": 87759.2, "amount": 0.003, "side": "sell", "timestamp": 1765928679731}, {"id": "3017079271", "price": 87759.1, "amount": 0.002, "side": "sell", "timestamp": 1765928679731}, {"id": "3017079272", "price": 87759.0, "amount": 0.063, "side": "sell", "timestamp": 1765928679731}, {"id": "3017079273", "price": 87758.9, "amount": 0.019, "side": "sell", "timestamp": 1765928679738}, {"id": "3017079274", "price": 87759.0, "amount": 0.017, "side": "buy", "timestamp": 1765928680127}, {"id": "3017079275", "price": 87759.0, "amount": 0.7, "side": "buy", "timestamp": 1765928681926}, {"id": "3017079276", "price": 87758.9, "amount": 0.002, "side": "sell", "timestamp": 1765928682019}, {"id": "3017079277", "price": 87759.0, "amount": 0.057, "side": "buy", "timestamp": 1765928682770}, {"id": "3017079278", "price": 87758.9, "amount": 0.001, "side": "sell", "timestamp": 1765928684742}, {"id": "3017079279", "price": 87758.9, "amount": 0.001, "side": "sell", "timestamp": 1765928684905}, {"id": "3017079280", "price": 87759.0, "amount": 0.008, "side": "buy", "timestamp": 1765928685215}, {"id": "3017079281", "price": 87758.9, "amount": 0.002, "side": "sell", "timestamp": 1765928685239}, {"id": "3017079282", "price": 87758.9, "amount": 0.027, "side": "sell", "timestamp": 1765928686141}, {"id": "3017079649", "price": 87779.9, "amount": 0.396, "side": "sell", "timestamp": 1765928737641}, {"id": "3017079650", "price": 87780.0, "amount": 0.107, "side": "buy", "timestamp": 1765928737658}, {"id": "3017079651", "price": 87780.0, "amount": 0.002, "side": "buy", "timestamp": 1765928737895}, {"id": "3017079652", "price": 87780.0, "amount": 0.004, "side": "buy", "timestamp": 1765928738034}, {"id": "3017079653", "price": 87780.0, "amount": 0.002, "side": "buy", "timestamp": 1765928738213}, {"id": "3017079654", "price": 87780.0, "amount": 1.543, "side": "buy", "timestamp": 1765928738527}, {"id": "3017079655", "price": 87780.1, "amount": 0.014, "side": "buy", "timestamp": 1765928738569}, {"id": "3017079656", "price": 87780.2, "amount": 0.002, "side": "buy", "timestamp": 1765928738569}, {"id": "3017079657", "price": 87780.3, "amount": 0.003, "side": "buy", "timestamp": 1765928738569}, {"id": "3017079658", "price": 87780.5, "amount": 0.003, "side": "buy", "timestamp": 1765928738569}, {"id": "3017079659", "price": 87781.0, "amount": 0.01, "side": "buy", "timestamp": 1765928738569}, {"id": "3017079660", "price": 87781.2, "amount": 0.002, "side": "buy", "timestamp": 1765928738569}, {"id": "3017079661", "price": 87781.5, "amount": 0.003, "side": "buy", "timestamp": 1765928738569}, {"id": "3017079662", "price": 87781.8, "amount": 0.003, "side": "buy", "timestamp": 1765928738569}, {"id": "3017079663", "price": 87782.0, "amount": 0.024, "side": "buy", "timestamp": 1765928738569}, {"id": "3017079664", "price": 87782.5, "amount": 0.003, "side": "buy", "timestamp": 1765928738569}, {"id": "3017079665", "price": 87782.6, "amount": 0.005, "side": "buy", "timestamp": 1765928738569}, {"id": "3017079666", "price": 87782.9, "amount": 0.002, "side": "buy", "timestamp": 1765928738569}, {"id": "3017079667", "price": 87783.0, "amount": 0.003, "side": "buy", "timestamp": 1765928738569}, {"id": "3017079668", "price": 87783.3, "amount": 0.002, "side": "buy", "timestamp": 1765928738569}, {"id": "3017079669", "price": 87783.4, "amount": 0.003, "side": "buy", "timestamp": 1765928738569}, {"id": "3017079670", "price": 87783.5, "amount": 0.003, "side": "buy", "timestamp": 1765928738569}, {"id": "3017079671", "price": 87783.7, "amount": 0.008, "side": "buy", "timestamp": 1765928738569}, {"id": "3017079672", "price": 87783.8, "amount": 0.004, "side": "buy", "timestamp": 1765928738569}, {"id": "3017079673", "price": 87783.9, "amount": 0.01, "side": "buy", "timestamp": 1765928738569}, {"id": "3017079674", "price": 87784.0, "amount": 0.005, "side": "buy", "timestamp": 1765928738569}, {"id": "3017079675", "price": 87784.1, "amount": 0.005, "side": "buy", "timestamp": 1765928738569}, {"id": "3017079676", "price": 87784.2, "amount": 0.003, "side": "buy", "timestamp": 1765928738569}, {"id": "3017079677", "price": 87784.5, "amount": 0.005, "side": "buy", "timestamp": 1765928738569}, {"id": "3017079678", "price": 87784.6, "amount": 0.006, "side": "buy", "timestamp": 1765928738569}, {"id": "3017079679", "price": 87784.8, "amount": 0.003, "side": "buy", "timestamp": 1765928738569}, {"id": "3017079680", "price": 87785.0, "amount": 0.013, "side": "buy", "timestamp": 1765928738569}, {"id": "3017079681", "price": 87785.1, "amount": 0.002, "side": "buy", "timestamp": 1765928738569}, {"id": "3017079682", "price": 87785.4, "amount": 0.137, "side": "buy", "timestamp": 1765928738569}, {"id": "3017079683", "price": 87785.5, "amount": 0.003, "side": "buy", "timestamp": 1765928738569}, {"id": "3017079684", "price": 87785.6, "amount": 0.002, "side": "buy", "timestamp": 1765928738569}, {"id": "3017079685", "price": 87785.7, "amount": 0.007, "side": "buy", "timestamp": 1765928738569}, {"id": "3017079686", "price": 87785.8, "amount": 0.014, "side": "buy", "timestamp": 1765928738569}, {"id": "3017079687", "price": 87785.9, "amount": 0.007, "side": "buy", "timestamp": 1765928738569}, {"id": "3017079688", "price": 87786.0, "amount": 0.005, "side": "buy", "timestamp": 1765928738569}, {"id": "3017079689", "price": 87786.1, "amount": 0.147, "side": "buy", "timestamp": 1765928738569}, {"id": "3017079690", "price": 87786.0, "amount": 0.725, "side": "sell", "timestamp": 1765928738590}, {"id": "3017079691", "price": 87786.1, "amount": 0.002, "side": "buy", "timestamp": 1765928738748}, {"id": "3017079692", "price": 87786.1, "amount": 0.014, "side": "buy", "timestamp": 1765928738944}, {"id": "3017079693", "price": 87786.1, "amount": 0.002, "side": "buy", "timestamp": 1765928739124}, {"id": "3017079694", "price": 87786.1, "amount": 0.002, "side": "buy", "timestamp": 1765928739305}, {"id": "3017079695", "price": 87786.0, "amount": 0.009, "side": "sell", "timestamp": 1765928739445}, {"id": "3017079696", "price": 87786.1, "amount": 0.002, "side": "buy", "timestamp": 1765928739495}, {"id": "3017079697", "price": 87786.1, "amount": 0.002, "side": "buy", "timestamp": 1765928739680}, {"id": "3017079698", "price": 87786.0, "amount": 0.012, "side": "sell", "timestamp": 1765928739753}, {"id": "3017080361", "price": 87725.6, "amount": 0.039, "side": "sell", "timestamp": 1765928791667}, {"id": "3017080362", "price": 87725.5, "amount": 0.034, "side": "sell", "timestamp": 1765928791667}, {"id": "3017080363", "price": 87725.4, "amount": 0.002, "side": "sell", "timestamp": 1765928791667}, {"id": "3017080364", "price": 87725.3, "amount": 0.006, "side": "sell", "timestamp": 1765928791667}, {"id": "3017080365", "price": 87725.0, "amount": 0.012, "side": "sell", "timestamp": 1765928791667}, {"id": "3017080366", "price": 87724.9, "amount": 0.038, "side": "sell", "timestamp": 1765928791667}, {"id": "3017080367", "price": 87724.8, "amount": 0.003, "side": "sell", "timestamp": 1765928791684}, {"id": "3017080368", "price": 87724.3, "amount": 0.005, "side": "sell", "timestamp": 1765928791684}, {"id": "3017080369", "price": 87724.1, "amount": 0.006, "side": "sell", "timestamp": 1765928791698}, {"id": "3017080370", "price": 87724.0, "amount": 0.002, "side": "sell", "timestamp": 1765928791698}, {"id": "3017080371", "price": 87723.8, "amount": 0.003, "side": "sell", "timestamp": 1765928791698}, {"id": "3017080372", "price": 87723.7, "amount": 0.039, "side": "sell", "timestamp": 1765928791716}, {"id": "3017080373", "price": 87723.3, "amount": 0.003, "side": "sell", "timestamp": 1765928791733}, {"id": "3017080374", "price": 87723.2, "amount": 0.002, "side": "sell", "timestamp": 1765928791733}, {"id": "3017080375", "price": 87723.1, "amount": 0.002, "side": "sell", "timestamp": 1765928791733}, {"id": "3017080376", "price": 87723.0, "amount": 0.007, "side": "sell", "timestamp": 1765928791733}, {"id": "3017080377", "price": 87722.9, "amount": 0.003, "side": "sell", "timestamp": 1765928791733}, {"id": "3017080378", "price": 87722.8, "amount": 0.003, "side": "sell", "timestamp": 1765928791733}, {"id": "3017080379", "price": 87722.7, "amount": 0.002, "side": "sell", "timestamp": 1765928791747}, {"id": "3017080380", "price": 87722.5, "amount": 0.003, "side": "sell", "timestamp": 1765928791747}, {"id": "3017080381", "price": 87722.3, "amount": 0.003, "side": "sell", "timestamp": 1765928791747}, {"id": "3017080382", "price": 87722.0, "amount": 0.022, "side": "buy", "timestamp": 1765928791759}, {"id": "3017080383", "price": 87722.0, "amount": 0.196, "side": "buy", "timestamp": 1765928792130}, {"id": "3017080384", "price": 87722.0, "amount": 0.058, "side": "buy", "timestamp": 1765928792234}, {"id": "3017080385", "price": 87722.1, "amount": 0.002, "side": "buy", "timestamp": 1765928792236}, {"id": "3017080386", "price": 87722.2, "amount": 0.01, "side": "buy", "timestamp": 1765928792236}, {"id": "3017080387", "price": 87722.9, "amount": 0.006, "side": "buy", "timestamp": 1765928792238}, {"id": "3017080388", "price": 87723.0, "amount": 0.002, "side": "buy", "timestamp": 1765928792238}, {"id": "3017080389", "price": 87723.5, "amount": 0.003, "side": "buy", "timestamp": 1765928792238}, {"id": "3017080390", "price": 87724.0, "amount": 0.006, "side": "buy", "timestamp": 1765928792239}, {"id": "3017080391", "price": 87724.3, "amount": 0.002, "side": "buy", "timestamp": 1765928792239}, {"id": "3017080392", "price": 87724.7, "amount": 0.002, "side": "buy", "timestamp": 1765928792239}, {"id": "3017080393", "price": 87724.8, "amount": 0.067, "side": "buy", "timestamp": 1765928792248}, {"id": "3017080394", "price": 87724.9, "amount": 0.052, "side": "buy", "timestamp": 1765928792252}, {"id": "3017080395", "price": 87725.0, "amount": 0.005, "side": "buy", "timestamp": 1765928792258}, {"id": "3017080396", "price": 87725.3, "amount": 0.003, "side": "buy", "timestamp": 1765928792258}, {"id": "3017080397", "price": 87725.7, "amount": 0.053, "side": "buy", "timestamp": 1765928792337}, {"id": "3017080398", "price": 87725.7, "amount": 0.058, "side": "buy", "timestamp": 1765928792442}, {"id": "3017080399", "price": 87725.6, "amount": 0.083, "side": "sell", "timestamp": 1765928792502}, {"id": "3017080400", "price": 87725.7, "amount": 0.01, "side": "buy", "timestamp": 1765928792548}, {"id": "3017080401", "price": 87725.8, "amount": 0.005, "side": "buy", "timestamp": 1765928792553}, {"id": "3017080402", "price": 87725.9, "amount": 0.002, "side": "buy", "timestamp": 1765928792553}, {"id": "3017080403", "price": 87726.4, "amount": 0.003, "side": "buy", "timestamp": 1765928792553}, {"id": "3017080404", "price": 87726.6, "amount": 0.059, "side": "buy", "timestamp": 1765928792558}, {"id": "3017080405", "price": 87726.8, "amount": 0.045, "side": "buy", "timestamp": 1765928792561}, {"id": "3017080406", "price": 87726.9, "amount": 0.003, "side": "buy", "timestamp": 1765928792564}, {"id": "3017080407", "price": 87727.4, "amount": 0.006, "side": "buy", "timestamp": 1765928792564}, {"id": "3017080408", "price": 87727.9, "amount": 0.003, "side": "buy", "timestamp": 1765928792564}, {"id": "3017080409", "price": 87728.2, "amount": 0.057, "side": "buy", "timestamp": 1765928792567}, {"id": "3017080410", "price": 87728.1, "amount": 0.034, "side": "sell", "timestamp": 1765928792694}, {"id": "3017080734", "price": 87751.1, "amount": 0.002, "side": "buy", "timestamp": 1765928836279}, {"id": "3017080735", "price": 87751.4, "amount": 0.003, "side": "buy", "timestamp": 1765928836279}, {"id": "3017080736", "price": 87751.6, "amount": 0.003, "side": "buy", "timestamp": 1765928836279}, {"id": "3017080737", "price": 87751.8, "amount": 0.035, "side": "buy", "timestamp": 1765928836279}, {"id": "3017080738", "price": 87751.9, "amount": 0.03, "side": "buy", "timestamp": 1765928836279}, {"id": "3017080739", "price": 87752.1, "amount": 0.006, "side": "buy", "timestamp": 1765928836279}, {"id": "3017080740", "price": 87752.4, "amount": 0.002, "side": "buy", "timestamp": 1765928836279}, {"id": "3017080741", "price": 87752.5, "amount": 0.114, "side": "buy", "timestamp": 1765928836279}, {"id": "3017080742", "price": 87752.6, "amount": 0.005, "side": "buy", "timestamp": 1765928836279}, {"id": "3017080743", "price": 87752.7, "amount": 0.228, "side": "buy", "timestamp": 1765928836279}, {"id": "3017080744", "price": 87752.8, "amount": 0.227, "side": "buy", "timestamp": 1765928836279}, {"id": "3017080745", "price": 87752.9, "amount": 0.221, "side": "buy", "timestamp": 1765928836279}, {"id": "3017080746", "price": 87753.0, "amount": 0.003, "side": "buy", "timestamp": 1765928836279}, {"id": "3017080747", "price": 87753.1, "amount": 0.005, "side": "buy", "timestamp": 1765928836279}, {"id": "3017080748", "price": 87753.2, "amount": 0.057, "side": "buy", "timestamp": 1765928836279}, {"id": "3017080749", "price": 87753.2, "amount": 0.072, "side": "buy", "timestamp": 1765928837924}, {"id": "3017080750", "price": 87753.1, "amount": 0.002, "side": "sell", "timestamp": 1765928838204}, {"id": "3017080751", "price": 87753.2, "amount": 0.043, "side": "buy", "timestamp": 1765928838541}, {"id": "3017080752", "price": 87753.1, "amount": 0.002, "side": "sell", "timestamp": 1765928838842}, {"id": "3017080753", "price": 87753.2, "amount": 0.106, "side": "buy", "timestamp": 1765928839142}, {"id": "3017080754", "price": 87753.1, "amount": 0.018, "side": "sell", "timestamp": 1765928840503}, {"id": "3017080755", "price": 87753.2, "amount": 0.012, "side": "buy", "timestamp": 1765928840585}, {"id": "3017080756", "price": 87753.2, "amount": 0.007, "side": "buy", "timestamp": 1765928840741}, {"id": "3017080757", "price": 87753.2, "amount": 0.007, "side": "buy", "timestamp": 1765928840892}, {"id": "3017080758", "price": 87753.2, "amount": 0.003, "side": "buy", "timestamp": 1765928841092}, {"id": "3017080759", "price": 87753.1, "amount": 0.005, "side": "sell", "timestamp": 1765928841390}, {"id": "3017080760", "price": 87753.1, "amount": 0.002, "side": "sell", "timestamp": 1765928841653}, {"id": "3017080761", "price": 87753.2, "amount": 0.035, "side": "buy", "timestamp": 1765928842326}, {"id": "3017080762", "price": 87753.1, "amount": 0.004, "side": "sell", "timestamp": 1765928842521}, {"id": "3017080763", "price": 87753.2, "amount": 0.296, "side": "buy", "timestamp": 1765928842966}, {"id": "3017080764", "price": 87753.3, "amount": 0.005, "side": "buy", "timestamp": 1765928842993}, {"id": "3017080765", "price": 87753.7, "amount": 0.002, "side": "buy", "timestamp": 1765928842993}, {"id": "3017080766", "price": 87753.9, "amount": 0.003, "side": "buy", "timestamp": 1765928842993}, {"id": "3017080767", "price": 87754.4, "amount": 0.005, "side": "buy", "timestamp": 1765928842993}, {"id": "3017080768", "price": 87754.5, "amount": 0.006, "side": "buy", "timestamp": 1765928842998}, {"id": "3017080769", "price": 87754.7, "amount": 0.002, "side": "buy", "timestamp": 1765928842998}, {"id": "3017080770", "price": 87755.0, "amount": 0.006, "side": "buy", "timestamp": 1765928843002}, {"id": "3017080771", "price": 87755.1, "amount": 0.003, "side": "buy", "timestamp": 1765928843002}, {"id": "3017080772", "price": 87755.2, "amount": 0.002, "side": "buy", "timestamp": 1765928843002}, {"id": "3017080773", "price": 87755.3, "amount": 0.003, "side": "buy", "timestamp": 1765928843002}, {"id": "3017080774", "price": 87755.5, "amount": 0.002, "side": "buy", "timestamp": 1765928843002}, {"id": "3017080775", "price": 87755.6, "amount": 0.006, "side": "buy", "timestamp": 1765928843008}, {"id": "3017080776", "price": 87756.1, "amount": 0.003, "side": "buy", "timestamp": 1765928843012}, {"id": "3017080777", "price": 87756.4, "amount": 0.002, "side": "buy", "timestamp": 1765928843012}, {"id": "3017080778", "price": 87756.9, "amount": 0.005, "side": "buy", "timestamp": 1765928843012}, {"id": "3017080779", "price": 87757.0, "amount": 0.003, "side": "buy", "timestamp": 1765928843012}, {"id": "3017080780", "price": 87757.1, "amount": 0.002, "side": "buy", "timestamp": 1765928843012}, {"id": "3017080781", "price": 87757.3, "amount": 0.002, "side": "buy", "timestamp": 1765928843017}, {"id": "3017080782", "price": 87757.4, "amount": 0.023, "side": "sell", "timestamp": 1765928843137}, {"id": "3017080783", "price": 87757.4, "amount": 0.002, "side": "sell", "timestamp": 1765928844023}, {"id": "3017081043", "price": 87756.3, "amount": 0.028, "side": "sell", "timestamp": 1765928881282}, {"id": "3017081044", "price": 87756.4, "amount": 0.115, "side": "buy", "timestamp": 1765928881440}, {"id": "3017081045", "price": 87756.4, "amount": 0.02, "side": "buy", "timestamp": 1765928881681}, {"id": "3017081046", "price": 87756.5, "amount": 0.002, "side": "buy", "timestamp": 1765928881684}, {"id": "3017081047", "price": 87756.9, "amount": 0.003, "side": "buy", "timestamp": 1765928881684}, {"id": "3017081048", "price": 87757.1, "amount": 0.002, "side": "buy", "timestamp": 1765928881684}, {"id": "3017081049", "price": 87757.3, "amount": 0.002, "side": "buy", "timestamp": 1765928881684}, {"id": "3017081050", "price": 87757.4, "amount": 0.003, "side": "buy", "timestamp": 1765928881684}, {"id": "3017081051", "price": 87757.5, "amount": 0.002, "side": "buy", "timestamp": 1765928881684}, {"id": "3017081052", "price": 87757.8, "amount": 0.002, "side": "buy", "timestamp": 1765928881684}, {"id": "3017081053", "price": 87758.0, "amount": 0.025, "side": "buy", "timestamp": 1765928881687}, {"id": "3017081054", "price": 87758.0, "amount": 0.022, "side": "buy", "timestamp": 1765928881865}, {"id": "3017081055", "price": 87757.9, "amount": 0.003, "side": "sell", "timestamp": 1765928882158}, {"id": "3017081056", "price": 87757.9, "amount": 0.007, "side": "sell", "timestamp": 1765928882598}, {"id": "3017081057", "price": 87758.0, "amount": 0.013, "side": "buy", "timestamp": 1765928882939}, {"id": "3017081058", "price": 87758.0, "amount": 0.007, "side": "buy", "timestamp": 1765928883112}, {"id": "3017081059", "price": 87757.9, "amount": 0.008, "side": "sell", "timestamp": 1765928883421}, {"id": "3017081060", "price": 87758.0, "amount": 0.002, "side": "buy", "timestamp": 1765928884300}, {"id": "3017081061", "price": 87758.0, "amount": 0.011, "side": "buy", "timestamp": 1765928884451}, {"id": "3017081062", "price": 87758.0, "amount": 0.002, "side": "buy", "timestamp": 1765928884641}, {"id": "3017081063", "price": 87757.9, "amount": 0.003, "side": "sell", "timestamp": 1765928884670}, {"id": "3017081064", "price": 87758.0, "amount": 0.004, "side": "buy", "timestamp": 1765928884960}, {"id": "3017081065", "price": 87757.9, "amount": 0.465, "side": "sell", "timestamp": 1765928885314}, {"id": "3017081066", "price": 87758.0, "amount": 0.002, "side": "buy", "timestamp": 1765928885492}, {"id": "3017081067", "price": 87758.0, "amount": 0.002, "side": "buy", "timestamp": 1765928885610}, {"id": "3017081068", "price": 87758.0, "amount": 0.032, "side": "buy", "timestamp": 1765928885721}, {"id": "3017081069", "price": 87758.0, "amount": 0.011, "side": "buy", "timestamp": 1765928885893}, {"id": "3017081070", "price": 87757.9, "amount": 0.002, "side": "sell", "timestamp": 1765928886195}, {"id": "3017081071", "price": 87757.9, "amount": 0.444, "side": "sell", "timestamp": 1765928886319}, {"id": "3017081072", "price": 87757.9, "amount": 0.903, "side": "sell", "timestamp": 1765928886558}, {"id": "3017081073", "price": 87757.9, "amount": 0.105, "side": "sell", "timestamp": 1765928886683}, {"id": "3017081074", "price": 87757.9, "amount": 0.412, "side": "sell", "timestamp": 1765928886816}, {"id": "3017081075", "price": 87758.0, "amount": 0.077, "side": "buy", "timestamp": 1765928887069}, {"id": "3017081076", "price": 87758.0, "amount": 0.096, "side": "buy", "timestamp": 1765928887829}, {"id": "3017081077", "price": 87758.0, "amount": 0.008, "side": "buy", "timestamp": 1765928888787}, {"id": "3017081078", "price": 87758.0, "amount": 0.022, "side": "buy", "timestamp": 1765928889777}, {"id": "3017081079", "price": 87757.9, "amount": 0.561, "side": "sell", "timestamp": 1765928889946}, {"id": "3017081080", "price": 87758.0, "amount": 0.005, "side": "buy", "timestamp": 1765928890096}, {"id": "3017081081", "price": 87757.9, "amount": 0.498, "side": "sell", "timestamp": 1765928890314}, {"id": "3017081082", "price": 87758.0, "amount": 0.022, "side": "buy", "timestamp": 1765928891322}, {"id": "3017081083", "price": 87757.9, "amount": 0.002, "side": "sell", "timestamp": 1765928892038}, {"id": "3017081084", "price": 87757.9, "amount": 0.004, "side": "sell", "timestamp": 1765928893040}, {"id": "3017081085", "price": 87757.9, "amount": 0.047, "side": "sell", "timestamp": 1765928893255}, {"id": "3017081086", "price": 87758.0, "amount": 0.007, "side": "buy", "timestamp": 1765928893289}, {"id": "3017081087", "price": 87757.9, "amount": 0.011, "side": "sell", "timestamp": 1765928894505}, {"id": "3017081088", "price": 87758.0, "amount": 0.012, "side": "buy", "timestamp": 1765928894586}, {"id": "3017081089", "price": 87758.0, "amount": 0.003, "side": "buy", "timestamp": 1765928894705}, {"id": "3017081090", "price": 87758.0, "amount": 0.002, "side": "buy", "timestamp": 1765928894850}, {"id": "3017081091", "price": 87758.0, "amount": 0.054, "side": "buy", "timestamp": 1765928895294}, {"id": "3017081092", "price": 87757.9, "amount": 0.454, "side": "sell", "timestamp": 1765928895527}, {"id": "3017081397", "price": 87739.5, "amount": 0.006, "side": "sell", "timestamp": 1765928943207}, {"id": "3017081398", "price": 87738.9, "amount": 0.003, "side": "sell", "timestamp": 1765928943207}, {"id": "3017081399", "price": 87738.7, "amount": 0.008, "side": "sell", "timestamp": 1765928943213}, {"id": "3017081400", "price": 87738.4, "amount": 0.003, "side": "sell", "timestamp": 1765928943217}, {"id": "3017081401", "price": 87738.3, "amount": 0.003, "side": "sell", "timestamp": 1765928943217}, {"id": "3017081402", "price": 87738.1, "amount": 0.002, "side": "sell", "timestamp": 1765928943217}, {"id": "3017081403", "price": 87738.0, "amount": 0.002, "side": "sell", "timestamp": 1765928943217}, {"id": "3017081404", "price": 87737.7, "amount": 0.008, "side": "sell", "timestamp": 1765928943225}, {"id": "3017081405", "price": 87737.2, "amount": 0.002, "side": "sell", "timestamp": 1765928943227}, {"id": "3017081406", "price": 87737.1, "amount": 0.003, "side": "sell", "timestamp": 1765928943227}, {"id": "3017081407", "price": 87737.0, "amount": 0.005, "side": "sell", "timestamp": 1765928943227}, {"id": "3017081408", "price": 87736.4, "amount": 0.003, "side": "sell", "timestamp": 1765928943227}, {"id": "3017081409", "price": 87735.9, "amount": 0.002, "side": "sell", "timestamp": 1765928943227}, {"id": "3017081410", "price": 87735.8, "amount": 0.027, "side": "sell", "timestamp": 1765928943231}, {"id": "3017081411", "price": 87735.9, "amount": 0.126, "side": "buy", "timestamp": 1765928943421}, {"id": "3017081412", "price": 87735.9, "amount": 0.023, "side": "buy", "timestamp": 1765928943809}, {"id": "3017081413", "price": 87735.9, "amount": 0.005, "side": "buy", "timestamp": 1765928944040}, {"id": "3017081414", "price": 87735.8, "amount": 0.088, "side": "sell", "timestamp": 1765928944040}, {"id": "3017081415", "price": 87735.8, "amount": 0.053, "side": "sell", "timestamp": 1765928944150}, {"id": "3017081416", "price": 87735.8, "amount": 0.003, "side": "sell", "timestamp": 1765928944961}, {"id": "3017081417", "price": 87735.9, "amount": 0.002, "side": "buy", "timestamp": 1765928945095}, {"id": "3017081418", "price": 87735.8, "amount": 0.051, "side": "sell", "timestamp": 1765928945291}, {"id": "3017081419", "price": 87735.9, "amount": 0.002, "side": "buy", "timestamp": 1765928945342}, {"id": "3017081420", "price": 87735.9, "amount": 0.002, "side": "buy", "timestamp": 1765928945675}, {"id": "3017081421", "price": 87735.8, "amount": 0.009, "side": "sell", "timestamp": 1765928945847}, {"id": "3017081422", "price": 87735.8, "amount": 0.002, "side": "sell", "timestamp": 1765928946063}, {"id": "3017081423", "price": 87735.8, "amount": 0.01, "side": "sell", "timestamp": 1765928946419}, {"id": "3017081424", "price": 87735.9, "amount": 0.011, "side": "buy", "timestamp": 1765928947024}, {"id": "3017081425", "price": 87735.8, "amount": 0.044, "side": "sell", "timestamp": 1765928947644}, {"id": "3017081426", "price": 87735.8, "amount": 0.04, "side": "sell", "timestamp": 1765928948096}, {"id": "3017081427", "price": 87735.9, "amount": 0.002, "side": "buy", "timestamp": 1765928948170}, {"id": "3017081428", "price": 87735.8, "amount": 0.136, "side": "sell", "timestamp": 1765928948589}, {"id": "3017081429", "price": 87735.7, "amount": 0.002, "side": "sell", "timestamp": 1765928948589}, {"id": "3017081430", "price": 87735.5, "amount": 0.002, "side": "sell", "timestamp": 1765928948589}, {"id": "3017081431", "price": 87735.4, "amount": 0.002, "side": "sell", "timestamp": 1765928948589}, {"id": "3017081432", "price": 87735.3, "amount": 0.003, "side": "sell", "timestamp": 1765928948589}, {"id": "3017081433", "price": 87735.2, "amount": 0.003, "side": "sell", "timestamp": 1765928948589}, {"id": "3017081434", "price": 87734.6, "amount": 0.002, "side": "sell", "timestamp": 1765928948589}, {"id": "3017081435", "price": 87734.4, "amount": 0.002, "side": "sell", "timestamp": 1765928948589}, {"id": "3017081436", "price": 87734.3, "amount": 0.005, "side": "sell", "timestamp": 1765928948589}, {"id": "3017081437", "price": 87734.0, "amount": 0.002, "side": "sell", "timestamp": 1765928948589}, {"id": "3017081438", "price": 87733.8, "amount": 0.003, "side": "sell", "timestamp": 1765928948589}, {"id": "3017081439", "price": 87733.7, "amount": 0.005, "side": "sell", "timestamp": 1765928948589}, {"id": "3017081440", "price": 87733.3, "amount": 0.002, "side": "sell", "timestamp": 1765928948589}, {"id": "3017081441", "price": 87733.2, "amount": 0.01, "side": "sell", "timestamp": 1765928948589}, {"id": "3017081442", "price": 87732.9, "amount": 0.003, "side": "sell", "timestamp": 1765928948591}, {"id": "3017081443", "price": 87732.9, "amount": 0.007, "side": "sell", "timestamp": 1765928949022}, {"id": "3017081444", "price": 87733.0, "amount": 0.011, "side": "buy", "timestamp": 1765928949628}, {"id": "3017081445", "price": 87732.9, "amount": 0.018, "side": "sell", "timestamp": 1765928949740}, {"id": "3017081446", "price": 87732.9, "amount": 0.002, "side": "sell", "timestamp": 1765928949921}, {"id": "3017081798", "price": 87712.8, "amount": 0.003, "side": "buy", "timestamp": 1765929001485}, {"id": "3017081799", "price": 87712.9, "amount": 0.002, "side": "buy", "timestamp": 1765929001485}, {"id": "3017081800", "price": 87713.0, "amount": 0.002, "side": "buy", "timestamp": 1765929001485}, {"id": "3017081801", "price": 87713.3, "amount": 0.005, "side": "buy", "timestamp": 1765929001485}, {"id": "3017081802", "price": 87713.4, "amount": 0.002, "side": "buy", "timestamp": 1765929001485}, {"id": "3017081803", "price": 87713.6, "amount": 0.002, "side": "buy", "timestamp": 1765929001485}, {"id": "3017081804", "price": 87713.7, "amount": 0.005, "side": "buy", "timestamp": 1765929001485}, {"id": "3017081805", "price": 87713.8, "amount": 0.003, "side": "buy", "timestamp": 1765929001485}, {"id": "3017081806", "price": 87713.9, "amount": 0.003, "side": "buy", "timestamp": 1765929001485}, {"id": "3017081807", "price": 87714.0, "amount": 0.002, "side": "buy", "timestamp": 1765929001485}, {"id": "3017081808", "price": 87714.2, "amount": 0.008, "side": "buy", "timestamp": 1765929001485}, {"id": "3017081809", "price": 87714.3, "amount": 0.007, "side": "buy", "timestamp": 1765929001485}, {"id": "3017081810", "price": 87714.4, "amount": 0.008, "side": "buy", "timestamp": 1765929001485}, {"id": "3017081811", "price": 87714.5, "amount": 0.009, "side": "buy", "timestamp": 1765929001485}, {"id": "3017081812", "price": 87714.7, "amount": 0.003, "side": "buy", "timestamp": 1765929001485}, {"id": "3017081813", "price": 87715.0, "amount": 0.002, "side": "buy", "timestamp": 1765929001485}, {"id": "3017081814", "price": 87715.1, "amount": 0.005, "side": "buy", "timestamp": 1765929001485}, {"id": "3017081815", "price": 87715.2, "amount": 0.004, "side": "buy", "timestamp": 1765929001485}, {"id": "3017081816", "price": 87715.5, "amount": 0.003, "side": "buy", "timestamp": 1765929001485}, {"id": "3017081817", "price": 87715.6, "amount": 0.005, "side": "buy", "timestamp": 1765929001485}, {"id": "3017081818", "price": 87715.7, "amount": 0.002, "side": "buy", "timestamp": 1765929001485}, {"id": "3017081819", "price": 87715.9, "amount": 0.002, "side": "buy", "timestamp": 1765929001485}, {"id": "3017081820", "price": 87716.0, "amount": 0.002, "side": "buy", "timestamp": 1765929001485}, {"id": "3017081821", "price": 87716.1, "amount": 0.006, "side": "buy", "timestamp": 1765929001485}, {"id": "3017081822", "price": 87716.2, "amount": 0.006, "side": "buy", "timestamp": 1765929001485}, {"id": "3017081823", "price": 87716.3, "amount": 0.003, "side": "buy", "timestamp": 1765929001485}, {"id": "3017081824", "price": 87716.6, "amount": 0.005, "side": "buy", "timestamp": 1765929001485}, {"id": "3017081825", "price": 87716.8, "amount": 0.002, "side": "buy", "timestamp": 1765929001485}, {"id": "3017081826", "price": 87716.9, "amount": 0.003, "side": "buy", "timestamp": 1765929001485}, {"id": "3017081827", "price": 87717.0, "amount": 0.004, "side": "buy", "timestamp": 1765929001485}, {"id": "3017081828", "price": 87717.1, "amount": 0.003, "side": "buy", "timestamp": 1765929001485}, {"id": "3017081829", "price": 87717.3, "amount": 0.002, "side": "buy", "timestamp": 1765929001485}, {"id": "3017081830", "price": 87717.6, "amount": 0.025, "side": "buy", "timestamp": 1765929001485}, {"id": "3017081831", "price": 87717.7, "amount": 0.003, "side": "buy", "timestamp": 1765929001485}, {"id": "3017081832", "price": 87717.9, "amount": 0.185, "side": "sell", "timestamp": 1765929002264}, {"id": "3017081833", "price": 87717.9, "amount": 0.178, "side": "sell", "timestamp": 1765929002476}, {"id": "3017081834", "price": 87717.8, "amount": 0.002, "side": "sell", "timestamp": 1765929002476}, {"id": "3017081835", "price": 87717.4, "amount": 0.003, "side": "sell", "timestamp": 1765929002481}, {"id": "3017081836", "price": 87716.9, "amount": 0.003, "side": "sell", "timestamp": 1765929002481}, {"id": "3017081837", "price": 87716.4, "amount": 0.005, "side": "sell", "timestamp": 1765929002483}, {"id": "3017081838", "price": 87716.1, "amount": 0.002, "side": "sell", "timestamp": 1765929002483}, {"id": "3017081839", "price": 87716.0, "amount": 0.002, "side": "sell", "timestamp": 1765929002483}, {"id": "3017081840", "price": 87715.9, "amount": 0.003, "side": "sell", "timestamp": 1765929002483}, {"id": "3017081841", "price": 87715.7, "amount": 0.002, "side": "sell", "timestamp": 1765929002483}, {"id": "3017081842", "price": 87715.4, "amount": 0.003, "side": "sell", "timestamp": 1765929002483}, {"id": "3017081843", "price": 87715.0, "amount": 0.002, "side": "sell", "timestamp": 1765929002496}, {"id": "3017081844", "price": 87714.7, "amount": 0.006, "side": "sell", "timestamp": 1765929002496}, {"id": "3017081845", "price": 87714.6, "amount": 0.003, "side": "sell", "timestamp": 1765929002496}, {"id": "3017081846", "price": 87714.5, "amount": 0.002, "side": "sell", "timestamp": 1765929002496}, {"id": "3017081847", "price": 87714.3, "amount": 0.005, "side": "sell", "timestamp": 1765929002496}, {"id": "3017082161", "price": 87694.6, "amount": 0.002, "side": "buy", "timestamp": 1765929039706}, {"id": "3017082162", "price": 87694.9, "amount": 0.004, "side": "buy", "timestamp": 1765929039706}, {"id": "3017082163", "price": 87695.0, "amount": 0.009, "side": "buy", "timestamp": 1765929039706}, {"id": "3017082164", "price": 87695.1, "amount": 0.003, "side": "buy", "timestamp": 1765929039706}, {"id": "3017082165", "price": 87695.2, "amount": 0.003, "side": "buy", "timestamp": 1765929039706}, {"id": "3017082166", "price": 87695.4, "amount": 0.004, "side": "buy", "timestamp": 1765929039706}, {"id": "3017082167", "price": 87695.5, "amount": 0.004, "side": "buy", "timestamp": 1765929039706}, {"id": "3017082168", "price": 87695.7, "amount": 0.003, "side": "buy", "timestamp": 1765929039706}, {"id": "3017082169", "price": 87695.8, "amount": 0.007, "side": "buy", "timestamp": 1765929039706}, {"id": "3017082170", "price": 87696.0, "amount": 0.005, "side": "buy", "timestamp": 1765929039706}, {"id": "3017082171", "price": 87696.2, "amount": 0.003, "side": "buy", "timestamp": 1765929039706}, {"id": "3017082172", "price": 87696.4, "amount": 0.002, "side": "buy", "timestamp": 1765929039706}, {"id": "3017082173", "price": 87696.5, "amount": 0.003, "side": "buy", "timestamp": 1765929039706}, {"id": "3017082174", "price": 87696.6, "amount": 0.003, "side": "buy", "timestamp": 1765929039706}, {"id": "3017082175", "price": 87696.7, "amount": 0.002, "side": "buy", "timestamp": 1765929039706}, {"id": "3017082176", "price": 87696.9, "amount": 0.008, "side": "buy", "timestamp": 1765929039706}, {"id": "3017082177", "price": 87696.8, "amount": 0.004, "side": "sell", "timestamp": 1765929039734}, {"id": "3017082178", "price": 87696.8, "amount": 0.059, "side": "sell", "timestamp": 1765929040033}, {"id": "3017082179", "price": 87696.9, "amount": 0.003, "side": "buy", "timestamp": 1765929040464}, {"id": "3017082180", "price": 87696.8, "amount": 0.006, "side": "sell", "timestamp": 1765929040503}, {"id": "3017082181", "price": 87696.9, "amount": 0.009, "side": "buy", "timestamp": 1765929040536}, {"id": "3017082182", "price": 87697.0, "amount": 0.035, "side": "buy", "timestamp": 1765929040539}, {"id": "3017082183", "price": 87697.0, "amount": 0.006, "side": "buy", "timestamp": 1765929041279}, {"id": "3017082184", "price": 87697.0, "amount": 0.041, "side": "buy", "timestamp": 1765929041499}, {"id": "3017082185", "price": 87696.9, "amount": 0.059, "side": "sell", "timestamp": 1765929041781}, {"id": "3017082186", "price": 87697.0, "amount": 0.008, "side": "buy", "timestamp": 1765929042737}, {"id": "3017082187", "price": 87697.0, "amount": 0.006, "side": "buy", "timestamp": 1765929043158}, {"id": "3017082188", "price": 87696.9, "amount": 0.5, "side": "sell", "timestamp": 1765929043367}, {"id": "3017082189", "price": 87697.0, "amount": 0.004, "side": "buy", "timestamp": 1765929044293}, {"id": "3017082190", "price": 87697.0, "amount": 0.018, "side": "buy", "timestamp": 1765929045647}, {"id": "3017082191", "price": 87696.9, "amount": 0.57, "side": "sell", "timestamp": 1765929046282}, {"id": "3017082192", "price": 87696.9, "amount": 0.003, "side": "sell", "timestamp": 1765929046479}, {"id": "3017082193", "price": 87697.0, "amount": 0.001, "side": "buy", "timestamp": 1765929046631}, {"id": "3017082194", "price": 87696.9, "amount": 0.058, "side": "sell", "timestamp": 1765929047263}, {"id": "3017082195", "price": 87697.0, "amount": 0.01, "side": "buy", "timestamp": 1765929047661}, {"id": "3017082196", "price": 87696.9, "amount": 0.018, "side": "sell", "timestamp": 1765929047928}, {"id": "3017082197", "price": 87697.0, "amount": 0.002, "side": "buy", "timestamp": 1765929048184}, {"id": "3017082198", "price": 87696.9, "amount": 0.015, "side": "sell", "timestamp": 1765929048929}, {"id": "3017082199", "price": 87697.0, "amount": 0.002, "side": "buy", "timestamp": 1765929049137}, {"id": "3017082200", "price": 87697.0, "amount": 0.238, "side": "buy", "timestamp": 1765929050715}, {"id": "3017082201", "price": 87697.0, "amount": 0.005, "side": "buy", "timestamp": 1765929051070}, {"id": "3017082202", "price": 87696.9, "amount": 0.014, "side": "sell", "timestamp": 1765929051692}, {"id": "3017082203", "price": 87696.9, "amount": 0.011, "side": "sell", "timestamp": 1765929052037}, {"id": "3017082204", "price": 87696.9, "amount": 0.079, "side": "sell", "timestamp": 1765929052443}, {"id": "3017082205", "price": 87696.9, "amount": 0.003, "side": "sell", "timestamp": 1765929052754}, {"id": "3017082206", "price": 87696.9, "amount": 0.003, "side": "sell", "timestamp": 1765929052998}, {"id": "3017082207", "price": 87696.9, "amount": 0.007, "side": "sell", "timestamp": 1765929053116}, {"id": "3017082208", "price": 87697.0, "amount": 0.002, "side": "buy", "timestamp": 1765929053209}, {"id": "3017082209", "price": 87696.9, "amount": 0.018, "side": "sell", "timestamp": 1765929054330}, {"id": "3017082210", "price": 87696.9, "amount": 0.009, "side": "sell", "timestamp": 1765929054735}, {"id": "3017082539", "price": 87736.0, "amount": 0.114, "side": "buy", "timestamp": 1765929102787}, {"id": "3017082540", "price": 87736.1, "amount": 0.006, "side": "buy", "timestamp": 1765929102787}, {"id": "3017082541", "price": 87736.2, "amount": 0.006, "side": "buy", "timestamp": 1765929102787}, {"id": "3017082542", "price": 87736.3, "amount": 0.08, "side": "buy", "timestamp": 1765929102787}, {"id": "3017082543", "price": 87736.5, "amount": 0.002, "side": "buy", "timestamp": 1765929102787}, {"id": "3017082544", "price": 87736.6, "amount": 0.005, "side": "buy", "timestamp": 1765929102787}, {"id": "3017082545", "price": 87736.7, "amount": 0.025, "side": "buy", "timestamp": 1765929102787}, {"id": "3017082546", "price": 87736.8, "amount": 0.003, "side": "buy", "timestamp": 1765929102787}, {"id": "3017082547", "price": 87736.9, "amount": 0.002, "side": "buy", "timestamp": 1765929102787}, {"id": "3017082548", "price": 87737.0, "amount": 0.118, "side": "buy", "timestamp": 1765929102787}, {"id": "3017082549", "price": 87737.1, "amount": 0.008, "side": "buy", "timestamp": 1765929102787}, {"id": "3017082550", "price": 87737.2, "amount": 0.002, "side": "buy", "timestamp": 1765929102787}, {"id": "3017082551", "price": 87737.3, "amount": 0.152, "side": "buy", "timestamp": 1765929102787}, {"id": "3017082552", "price": 87737.4, "amount": 0.294, "side": "buy", "timestamp": 1765929102787}, {"id": "3017082553", "price": 87737.6, "amount": 0.008, "side": "buy", "timestamp": 1765929102787}, {"id": "3017082554", "price": 87737.7, "amount": 0.005, "side": "buy", "timestamp": 1765929102787}, {"id": "3017082555", "price": 87737.9, "amount": 0.003, "side": "buy", "timestamp": 1765929102787}, {"id": "3017082556", "price": 87738.0, "amount": 0.125, "side": "buy", "timestamp": 1765929102787}, {"id": "3017082557", "price": 87738.1, "amount": 0.005, "side": "buy", "timestamp": 1765929102787}, {"id": "3017082558", "price": 87738.3, "amount": 0.002, "side": "buy", "timestamp": 1765929102787}, {"id": "3017082559", "price": 87738.4, "amount": 0.008, "side": "buy", "timestamp": 1765929102787}, {"id": "3017082560", "price": 87738.3, "amount": 0.147, "side": "sell", "timestamp": 1765929103045}, {"id": "3017082561", "price": 87738.2, "amount": 0.002, "side": "sell", "timestamp": 1765929103045}, {"id": "3017082562", "price": 87738.2, "amount": 0.006, "side": "buy", "timestamp": 1765929103047}, {"id": "3017082563", "price": 87738.1, "amount": 0.003, "side": "sell", "timestamp": 1765929103049}, {"id": "3017082564", "price": 87738.0, "amount": 0.002, "side": "sell", "timestamp": 1765929103049}, {"id": "3017082565", "price": 87737.2, "amount": 0.005, "side": "sell", "timestamp": 1765929103052}, {"id": "3017082566", "price": 87736.7, "amount": 0.003, "side": "sell", "timestamp": 1765929103052}, {"id": "3017082567", "price": 87736.5, "amount": 0.002, "side": "sell", "timestamp": 1765929103052}, {"id": "3017082568", "price": 87736.2, "amount": 0.006, "side": "sell", "timestamp": 1765929103058}, {"id": "3017082569", "price": 87736.1, "amount": 0.002, "side": "sell", "timestamp": 1765929103058}, {"id": "3017082570", "price": 87735.8, "amount": 0.056, "side": "sell", "timestamp": 1765929103061}, {"id": "3017082571", "price": 87735.4, "amount": 0.003, "side": "sell", "timestamp": 1765929103061}, {"id": "3017082572", "price": 87735.3, "amount": 0.003, "side": "sell", "timestamp": 1765929103061}, {"id": "3017082573", "price": 87734.8, "amount": 0.003, "side": "sell", "timestamp": 1765929103061}, {"id": "3017082574", "price": 87734.0, "amount": 0.003, "side": "sell", "timestamp": 1765929103063}, {"id": "3017082575", "price": 87733.9, "amount": 0.002, "side": "sell", "timestamp": 1765929103063}, {"id": "3017082576", "price": 87733.8, "amount": 0.003, "side": "sell", "timestamp": 1765929103063}, {"id": "3017082577", "price": 87733.5, "amount": 0.005, "side": "sell", "timestamp": 1765929103063}, {"id": "3017082578", "price": 87733.5, "amount": 0.5, "side": "buy", "timestamp": 1765929103195}, {"id": "3017082579", "price": 87733.4, "amount": 0.05, "side": "sell", "timestamp": 1765929103429}, {"id": "3017082580", "price": 87733.5, "amount": 0.5, "side": "buy", "timestamp": 1765929104196}, {"id": "3017082581", "price": 87733.4, "amount": 0.002, "side": "sell", "timestamp": 1765929104959}, {"id": "3017082582", "price": 87733.4, "amount": 0.002, "side": "sell", "timestamp": 1765929105115}, {"id": "3017082583", "price": 87733.5, "amount": 0.5, "side": "buy", "timestamp": 1765929105197}, {"id": "3017082584", "price": 87733.5, "amount": 0.005, "side": "buy", "timestamp": 1765929105851}, {"id": "3017082585", "price": 87733.5, "amount": 0.5, "side": "buy", "timestamp": 1765929106197}, {"id": "3017082586", "price": 87733.4, "amount": 1.005, "side": "sell", "timestamp": 1765929106930}, {"id": "3017082587", "price": 87733.5, "amount": 0.005, "side": "buy", "timestamp": 1765929107007}, {"id": "3017082588", "price": 87733.5, "amount": 0.516, "side": "buy", "timestamp": 1765929107200}, {"id": "3017082843", "price": 87746.1, "amount": 0.012, "side": "sell", "timestamp": 1765929158638}, {"id": "3017082844", "price": 87746.0, "amount": 0.009, "side": "sell", "timestamp": 1765929158638}, {"id": "3017082845", "price": 87745.9, "amount": 0.006, "side": "sell", "timestamp": 1765929158638}, {"id": "3017082846", "price": 87745.8, "amount": 0.002, "side": "sell", "timestamp": 1765929158638}, {"id": "3017082847", "price": 87745.7, "amount": 0.003, "side": "sell", "timestamp": 1765929158638}, {"id": "3017082848", "price": 87745.6, "amount": 0.003, "side": "sell", "timestamp": 1765929158638}, {"id": "3017082849", "price": 87745.3, "amount": 0.002, "side": "sell", "timestamp": 1765929158644}, {"id": "3017082850", "price": 87745.1, "amount": 0.002, "side": "sell", "timestamp": 1765929158644}, {"id": "3017082851", "price": 87745.0, "amount": 0.002, "side": "sell", "timestamp": 1765929158644}, {"id": "3017082852", "price": 87744.7, "amount": 0.003, "side": "sell", "timestamp": 1765929158644}, {"id": "3017082853", "price": 87744.2, "amount": 0.006, "side": "sell", "timestamp": 1765929158655}, {"id": "3017082854", "price": 87744.1, "amount": 0.002, "side": "sell", "timestamp": 1765929158661}, {"id": "3017082855", "price": 87743.6, "amount": 0.003, "side": "sell", "timestamp": 1765929158661}, {"id": "3017082856", "price": 87743.4, "amount": 0.002, "side": "sell", "timestamp": 1765929158661}, {"id": "3017082857", "price": 87743.3, "amount": 0.002, "side": "sell", "timestamp": 1765929158661}, {"id": "3017082858", "price": 87742.9, "amount": 0.003, "side": "sell", "timestamp": 1765929158842}, {"id": "3017082859", "price": 87742.9, "amount": 0.002, "side": "sell", "timestamp": 1765929159063}, {"id": "3017082860", "price": 87742.9, "amount": 0.011, "side": "sell", "timestamp": 1765929159170}, {"id": "3017082861", "price": 87742.8, "amount": 0.002, "side": "sell", "timestamp": 1765929159170}, {"id": "3017082862", "price": 87742.7, "amount": 0.005, "side": "sell", "timestamp": 1765929159170}, {"id": "3017082863", "price": 87742.5, "amount": 0.002, "side": "sell", "timestamp": 1765929159170}, {"id": "3017082864", "price": 87742.4, "amount": 0.005, "side": "sell", "timestamp": 1765929159170}, {"id": "3017082865", "price": 87742.2, "amount": 0.002, "side": "sell", "timestamp": 1765929159170}, {"id": "3017082866", "price": 87741.9, "amount": 0.006, "side": "sell", "timestamp": 1765929159170}, {"id": "3017082867", "price": 87741.6, "amount": 0.001, "side": "sell", "timestamp": 1765929159170}, {"id": "3017082868", "price": 87741.5, "amount": 0.004, "side": "sell", "timestamp": 1765929159173}, {"id": "3017082869", "price": 87741.6, "amount": 0.5, "side": "buy", "timestamp": 1765929159210}, {"id": "3017082870", "price": 87741.5, "amount": 0.018, "side": "sell", "timestamp": 1765929159649}, {"id": "3017082871", "price": 87741.5, "amount": 0.3, "side": "sell", "timestamp": 1765929159842}, {"id": "3017082872", "price": 87741.6, "amount": 0.21, "side": "buy", "timestamp": 1765929160211}, {"id": "3017082873", "price": 87741.5, "amount": 0.179, "side": "sell", "timestamp": 1765929160495}, {"id": "3017082874", "price": 87741.4, "amount": 0.005, "side": "sell", "timestamp": 1765929160495}, {"id": "3017082875", "price": 87741.1, "amount": 0.002, "side": "sell", "timestamp": 1765929160495}, {"id": "3017082876", "price": 87741.0, "amount": 0.002, "side": "sell", "timestamp": 1765929160495}, {"id": "3017082877", "price": 87740.9, "amount": 0.003, "side": "sell", "timestamp": 1765929160495}, {"id": "3017082878", "price": 87740.8, "amount": 0.003, "side": "sell", "timestamp": 1765929160495}, {"id": "3017082879", "price": 87740.6, "amount": 0.002, "side": "sell", "timestamp": 1765929160498}, {"id": "3017082880", "price": 87740.3, "amount": 0.082, "side": "sell", "timestamp": 1765929160498}, {"id": "3017082881", "price": 87740.1, "amount": 0.002, "side": "sell", "timestamp": 1765929160499}, {"id": "3017082882", "price": 87739.8, "amount": 0.003, "side": "sell", "timestamp": 1765929160504}, {"id": "3017082883", "price": 87739.6, "amount": 0.002, "side": "sell", "timestamp": 1765929160504}, {"id": "3017082884", "price": 87739.5, "amount": 0.003, "side": "sell", "timestamp": 1765929160504}, {"id": "3017082885", "price": 87739.2, "amount": 0.003, "side": "sell", "timestamp": 1765929160504}, {"id": "3017082886", "price": 87739.1, "amount": 0.003, "side": "sell", "timestamp": 1765929160536}, {"id": "3017082887", "price": 87739.0, "amount": 0.004, "side": "sell", "timestamp": 1765929160536}, {"id": "3017082888", "price": 87738.9, "amount": 0.006, "side": "sell", "timestamp": 1765929160539}, {"id": "3017082889", "price": 87738.6, "amount": 0.003, "side": "sell", "timestamp": 1765929160539}, {"id": "3017082890", "price": 87738.1, "amount": 0.002, "side": "sell", "timestamp": 1765929160539}, {"id": "3017082891", "price": 87737.7, "amount": 0.003, "side": "sell", "timestamp": 1765929160539}, {"id": "3017082892", "price": 87737.3, "amount": 0.005, "side": "sell", "timestamp": 1765929160559}, {"id": "3017083248", "price": 87756.2, "amount": 0.045, "side": "buy", "timestamp": 1765929205735}, {"id": "3017083249", "price": 87756.3, "amount": 0.037, "side": "buy", "timestamp": 1765929205742}, {"id": "3017083250", "price": 87756.3, "amount": 0.004, "side": "buy", "timestamp": 1765929205881}, {"id": "3017083251", "price": 87756.2, "amount": 0.002, "side": "sell", "timestamp": 1765929206130}, {"id": "3017083252", "price": 87756.2, "amount": 0.009, "side": "sell", "timestamp": 1765929206373}, {"id": "3017083253", "price": 87756.2, "amount": 0.002, "side": "sell", "timestamp": 1765929207028}, {"id": "3017083254", "price": 87756.3, "amount": 0.2, "side": "buy", "timestamp": 1765929207100}, {"id": "3017083255", "price": 87756.2, "amount": 0.005, "side": "sell", "timestamp": 1765929207231}, {"id": "3017083256", "price": 87756.2, "amount": 0.078, "side": "sell", "timestamp": 1765929207352}, {"id": "3017083257", "price": 87756.3, "amount": 0.002, "side": "buy", "timestamp": 1765929208099}, {"id": "3017083258", "price": 87756.2, "amount": 0.002, "side": "sell", "timestamp": 1765929208736}, {"id": "3017083259", "price": 87756.2, "amount": 0.016, "side": "sell", "timestamp": 1765929209070}, {"id": "3017083260", "price": 87756.2, "amount": 0.121, "side": "sell", "timestamp": 1765929210004}, {"id": "3017083261", "price": 87756.2, "amount": 0.038, "side": "sell", "timestamp": 1765929210162}, {"id": "3017083262", "price": 87756.2, "amount": 0.001, "side": "sell", "timestamp": 1765929210614}, {"id": "3017083263", "price": 87756.2, "amount": 0.017, "side": "sell", "timestamp": 1765929210863}, {"id": "3017083264", "price": 87756.3, "amount": 0.215, "side": "buy", "timestamp": 1765929211023}, {"id": "3017083265", "price": 87756.4, "amount": 0.002, "side": "buy", "timestamp": 1765929211031}, {"id": "3017083266", "price": 87756.9, "amount": 0.003, "side": "buy", "timestamp": 1765929211032}, {"id": "3017083267", "price": 87757.2, "amount": 0.002, "side": "buy", "timestamp": 1765929211032}, {"id": "3017083268", "price": 87757.4, "amount": 0.002, "side": "buy", "timestamp": 1765929211032}, {"id": "3017083269", "price": 87757.5, "amount": 0.003, "side": "buy", "timestamp": 1765929211032}, {"id": "3017083270", "price": 87757.7, "amount": 0.002, "side": "buy", "timestamp": 1765929211032}, {"id": "3017083271", "price": 87758.0, "amount": 0.013, "side": "buy", "timestamp": 1765929211035}, {"id": "3017083272", "price": 87758.1, "amount": 0.007, "side": "buy", "timestamp": 1765929211039}, {"id": "3017083273", "price": 87758.2, "amount": 0.002, "side": "buy", "timestamp": 1765929211039}, {"id": "3017083274", "price": 87758.3, "amount": 0.003, "side": "buy", "timestamp": 1765929211043}, {"id": "3017083275", "price": 87758.5, "amount": 0.003, "side": "buy", "timestamp": 1765929211043}, {"id": "3017083276", "price": 87758.7, "amount": 0.002, "side": "buy", "timestamp": 1765929211043}, {"id": "3017083277", "price": 87759.0, "amount": 0.007, "side": "buy", "timestamp": 1765929211043}, {"id": "3017083278", "price": 87759.1, "amount": 0.003, "side": "buy", "timestamp": 1765929211046}, {"id": "3017083279", "price": 87759.5, "amount": 0.005, "side": "buy", "timestamp": 1765929211046}, {"id": "3017083280", "price": 87759.9, "amount": 0.036, "side": "buy", "timestamp": 1765929211051}, {"id": "3017083281", "price": 87760.0, "amount": 0.005, "side": "buy", "timestamp": 1765929211053}, {"id": "3017083282", "price": 87760.4, "amount": 0.002, "side": "buy", "timestamp": 1765929211053}, {"id": "3017083283", "price": 87760.5, "amount": 0.003, "side": "buy", "timestamp": 1765929211053}, {"id": "3017083284", "price": 87760.6, "amount": 0.002, "side": "buy", "timestamp": 1765929211053}, {"id": "3017083285", "price": 87760.7, "amount": 0.002, "side": "buy", "timestamp": 1765929211053}, {"id": "3017083286", "price": 87760.8, "amount": 0.003, "side": "buy", "timestamp": 1765929211058}, {"id": "3017083287", "price": 87761.0, "amount": 0.003, "side": "buy", "timestamp": 1765929211059}, {"id": "3017083288", "price": 87761.2, "amount": 0.003, "side": "buy", "timestamp": 1765929211059}, {"id": "3017083289", "price": 87761.6, "amount": 0.002, "side": "buy", "timestamp": 1765929211059}, {"id": "3017083290", "price": 87761.7, "amount": 0.043, "side": "buy", "timestamp": 1765929211063}, {"id": "3017083291", "price": 87761.8, "amount": 0.002, "side": "buy", "timestamp": 1765929211141}, {"id": "3017083292", "price": 87762.0, "amount": 0.002, "side": "buy", "timestamp": 1765929211141}, {"id": "3017083293", "price": 87762.1, "amount": 0.002, "side": "buy", "timestamp": 1765929211141}, {"id": "3017083294", "price": 87762.2, "amount": 0.003, "side": "buy", "timestamp": 1765929211141}, {"id": "3017083295", "price": 87762.4, "amount": 0.003, "side": "buy", "timestamp": 1765929211141}, {"id": "3017083296", "price": 87762.5, "amount": 0.054, "side": "buy", "timestamp": 1765929211146}, {"id": "3017083297", "price": 87762.6, "amount": 0.002, "side": "buy", "timestamp": 1765929212424}, {"id": "3017083665", "price": 87795.6, "amount": 0.002, "side": "buy", "timestamp": 1765929258767}, {"id": "3017083666", "price": 87795.9, "amount": 0.003, "side": "buy", "timestamp": 1765929258767}, {"id": "3017083667", "price": 87796.0, "amount": 0.053, "side": "buy", "timestamp": 1765929258767}, {"id": "3017083668", "price": 87796.1, "amount": 0.058, "side": "buy", "timestamp": 1765929258811}, {"id": "3017083669", "price": 87796.2, "amount": 0.002, "side": "buy", "timestamp": 1765929258811}, {"id": "3017083670", "price": 87796.4, "amount": 0.003, "side": "buy", "timestamp": 1765929258811}, {"id": "3017083671", "price": 87796.7, "amount": 0.05, "side": "buy", "timestamp": 1765929258812}, {"id": "3017083672", "price": 87796.8, "amount": 0.004, "side": "buy", "timestamp": 1765929258812}, {"id": "3017083673", "price": 87797.1, "amount": 0.006, "side": "buy", "timestamp": 1765929258812}, {"id": "3017083674", "price": 87797.4, "amount": 0.002, "side": "buy", "timestamp": 1765929258812}, {"id": "3017083675", "price": 87797.6, "amount": 0.017, "side": "buy", "timestamp": 1765929258812}, {"id": "3017083676", "price": 87798.0, "amount": 0.002, "side": "buy", "timestamp": 1765929258812}, {"id": "3017083677", "price": 87798.1, "amount": 0.017, "side": "buy", "timestamp": 1765929258812}, {"id": "3017083678", "price": 87798.2, "amount": 0.003, "side": "buy", "timestamp": 1765929258812}, {"id": "3017083679", "price": 87798.5, "amount": 0.012, "side": "buy", "timestamp": 1765929258818}, {"id": "3017083680", "price": 87798.6, "amount": 0.009, "side": "buy", "timestamp": 1765929258820}, {"id": "3017083681", "price": 87798.7, "amount": 5.0, "side": "sell", "timestamp": 1765929259602}, {"id": "3017083682", "price": 87798.7, "amount": 4.073, "side": "sell", "timestamp": 1765929259843}, {"id": "3017083683", "price": 87798.7, "amount": 0.245, "side": "sell", "timestamp": 1765929259952}, {"id": "3017083684", "price": 87798.7, "amount": 0.961, "side": "sell", "timestamp": 1765929260059}, {"id": "3017083685", "price": 87798.8, "amount": 0.024, "side": "buy", "timestamp": 1765929260382}, {"id": "3017083686", "price": 87798.8, "amount": 0.028, "side": "buy", "timestamp": 1765929260491}, {"id": "3017083687", "price": 87798.7, "amount": 0.007, "side": "sell", "timestamp": 1765929260579}, {"id": "3017083688", "price": 87798.8, "amount": 0.007, "side": "buy", "timestamp": 1765929260589}, {"id": "3017083689", "price": 87798.7, "amount": 0.002, "side": "sell", "timestamp": 1765929261035}, {"id": "3017083690", "price": 87798.7, "amount": 0.013, "side": "sell", "timestamp": 1765929261359}, {"id": "3017083691", "price": 87798.8, "amount": 0.009, "side": "buy", "timestamp": 1765929261578}, {"id": "3017083692", "price": 87798.8, "amount": 0.002, "side": "buy", "timestamp": 1765929262157}, {"id": "3017083693", "price": 87798.8, "amount": 0.752, "side": "buy", "timestamp": 1765929262805}, {"id": "3017083694", "price": 87798.7, "amount": 2.768, "side": "sell", "timestamp": 1765929264521}, {"id": "3017083695", "price": 87798.6, "amount": 0.004, "side": "sell", "timestamp": 1765929264521}, {"id": "3017083696", "price": 87798.5, "amount": 0.005, "side": "sell", "timestamp": 1765929264521}, {"id": "3017083697", "price": 87798.4, "amount": 0.003, "side": "sell", "timestamp": 1765929264521}, {"id": "3017083698", "price": 87797.9, "amount": 0.003, "side": "sell", "timestamp": 1765929264521}, {"id": "3017083699", "price": 87797.8, "amount": 0.002, "side": "sell", "timestamp": 1765929264521}, {"id": "3017083700", "price": 87797.4, "amount": 0.002, "side": "sell", "timestamp": 1765929264521}, {"id": "3017083701", "price": 87797.0, "amount": 0.003, "side": "sell", "timestamp": 1765929264521}, {"id": "3017083702", "price": 87796.9, "amount": 0.002, "side": "sell", "timestamp": 1765929264521}, {"id": "3017083703", "price": 87796.7, "amount": 0.003, "side": "sell", "timestamp": 1765929264521}, {"id": "3017083704", "price": 87796.6, "amount": 0.002, "side": "sell", "timestamp": 1765929264521}, {"id": "3017083705", "price": 87796.5, "amount": 0.003, "side": "sell", "timestamp": 1765929264521}, {"id": "3017083706", "price": 87796.1, "amount": 0.084, "side": "sell", "timestamp": 1765929264521}, {"id": "3017083707", "price": 87796.0, "amount": 0.027, "side": "sell", "timestamp": 1765929264521}, {"id": "3017083708", "price": 87795.9, "amount": 0.006, "side": "sell", "timestamp": 1765929264521}, {"id": "3017083709", "price": 87795.8, "amount": 0.006, "side": "sell", "timestamp": 1765929264521}, {"id": "3017083710", "price": 87795.4, "amount": 0.003, "side": "sell", "timestamp": 1765929264521}, {"id": "3017083711", "price": 87795.3, "amount": 0.002, "side": "sell", "timestamp": 1765929264521}, {"id": "3017083712", "price": 87795.1, "amount": 0.003, "side": "sell", "timestamp": 1765929264521}, {"id": "3017083713", "price": 87795.0, "amount": 0.071, "side": "sell", "timestamp": 1765929264521}, {"id": "3017083714", "price": 87794.9, "amount": 0.015, "side": "sell", "timestamp": 1765929264524}, {"id": "3017084133", "price": 87824.3, "amount": 0.007, "side": "sell", "timestamp": 1765929309366}, {"id": "3017084134", "price": 87824.4, "amount": 0.003, "side": "buy", "timestamp": 1765929309904}, {"id": "3017084135", "price": 87824.3, "amount": 0.008, "side": "sell", "timestamp": 1765929309913}, {"id": "3017084136", "price": 87824.4, "amount": 0.003, "side": "buy", "timestamp": 1765929310064}, {"id": "3017084137", "price": 87824.4, "amount": 0.012, "side": "buy", "timestamp": 1765929310893}, {"id": "3017084138", "price": 87824.4, "amount": 0.04, "side": "buy", "timestamp": 1765929311136}, {"id": "3017084139", "price": 87824.3, "amount": 1.884, "side": "sell", "timestamp": 1765929311687}, {"id": "3017084140", "price": 87824.4, "amount": 0.003, "side": "buy", "timestamp": 1765929311760}, {"id": "3017084141", "price": 87824.4, "amount": 0.074, "side": "buy", "timestamp": 1765929312044}, {"id": "3017084142", "price": 87824.3, "amount": 0.301, "side": "sell", "timestamp": 1765929312044}, {"id": "3017084143", "price": 87824.2, "amount": 0.032, "side": "sell", "timestamp": 1765929312131}, {"id": "3017084144", "price": 87824.1, "amount": 0.002, "side": "sell", "timestamp": 1765929312131}, {"id": "3017084145", "price": 87824.0, "amount": 0.003, "side": "sell", "timestamp": 1765929312133}, {"id": "3017084146", "price": 87823.8, "amount": 0.056, "side": "sell", "timestamp": 1765929312137}, {"id": "3017084147", "price": 87823.5, "amount": 0.003, "side": "sell", "timestamp": 1765929312139}, {"id": "3017084148", "price": 87823.3, "amount": 0.002, "side": "sell", "timestamp": 1765929312139}, {"id": "3017084149", "price": 87823.2, "amount": 0.002, "side": "sell", "timestamp": 1765929312139}, {"id": "3017084150", "price": 87823.0, "amount": 0.003, "side": "sell", "timestamp": 1765929312139}, {"id": "3017084151", "price": 87822.5, "amount": 0.003, "side": "sell", "timestamp": 1765929312139}, {"id": "3017084152", "price": 87822.4, "amount": 0.002, "side": "sell", "timestamp": 1765929312139}, {"id": "3017084153", "price": 87822.3, "amount": 0.003, "side": "sell", "timestamp": 1765929312143}, {"id": "3017084154", "price": 87822.2, "amount": 0.003, "side": "sell", "timestamp": 1765929312143}, {"id": "3017084155", "price": 87822.0, "amount": 0.005, "side": "sell", "timestamp": 1765929312146}, {"id": "3017084156", "price": 87821.5, "amount": 0.004, "side": "sell", "timestamp": 1765929312146}, {"id": "3017084157", "price": 87821.3, "amount": 0.003, "side": "sell", "timestamp": 1765929312146}, {"id": "3017084158", "price": 87821.1, "amount": 0.022, "side": "sell", "timestamp": 1765929312149}, {"id": "3017084159", "price": 87820.8, "amount": 0.02, "side": "sell", "timestamp": 1765929312247}, {"id": "3017084160", "price": 87820.8, "amount": 0.946, "side": "sell", "timestamp": 1765929312785}, {"id": "3017084161", "price": 87820.7, "amount": 0.009, "side": "sell", "timestamp": 1765929312811}, {"id": "3017084162", "price": 87820.7, "amount": 0.033, "side": "buy", "timestamp": 1765929313138}, {"id": "3017084163", "price": 87820.6, "amount": 0.005, "side": "sell", "timestamp": 1765929313406}, {"id": "3017084164", "price": 87820.7, "amount": 2.057, "side": "buy", "timestamp": 1765929313438}, {"id": "3017084165", "price": 87820.7, "amount": 0.428, "side": "buy", "timestamp": 1765929313676}, {"id": "3017084166", "price": 87820.6, "amount": 0.935, "side": "sell", "timestamp": 1765929313837}, {"id": "3017084167", "price": 87820.7, "amount": 0.013, "side": "buy", "timestamp": 1765929313850}, {"id": "3017084168", "price": 87820.7, "amount": 0.238, "side": "buy", "timestamp": 1765929314162}, {"id": "3017084169", "price": 87820.6, "amount": 0.013, "side": "sell", "timestamp": 1765929314522}, {"id": "3017084170", "price": 87820.7, "amount": 0.009, "side": "buy", "timestamp": 1765929314529}, {"id": "3017084171", "price": 87820.6, "amount": 0.002, "side": "sell", "timestamp": 1765929314573}, {"id": "3017084172", "price": 87820.6, "amount": 0.216, "side": "sell", "timestamp": 1765929314886}, {"id": "3017084173", "price": 87820.7, "amount": 0.008, "side": "buy", "timestamp": 1765929314922}, {"id": "3017084174", "price": 87820.6, "amount": 0.002, "side": "sell", "timestamp": 1765929315011}, {"id": "3017084175", "price": 87820.6, "amount": 0.002, "side": "sell", "timestamp": 1765929315161}, {"id": "3017084176", "price": 87820.6, "amount": 0.064, "side": "sell", "timestamp": 1765929315335}, {"id": "3017084177", "price": 87820.7, "amount": 0.002, "side": "buy", "timestamp": 1765929315654}, {"id": "3017084178", "price": 87820.6, "amount": 0.484, "side": "sell", "timestamp": 1765929315908}, {"id": "3017084179", "price": 87820.7, "amount": 0.017, "side": "buy", "timestamp": 1765929316170}, {"id": "3017084180", "price": 87820.7, "amount": 0.2, "side": "buy", "timestamp": 1765929317253}, {"id": "3017084181", "price": 87820.7, "amount": 0.038, "side": "buy", "timestamp": 1765929317889}, {"id": "3017084182", "price": 87820.6, "amount": 0.097, "side": "sell", "timestamp": 1765929318007}, {"id": "3017084852", "price": 87792.4, "amount": 0.06, "side": "sell", "timestamp": 1765929365833}, {"id": "3017084853", "price": 87792.3, "amount": 0.002, "side": "sell", "timestamp": 1765929365906}, {"id": "3017084854", "price": 87792.1, "amount": 0.005, "side": "sell", "timestamp": 1765929365906}, {"id": "3017084855", "price": 87791.7, "amount": 0.002, "side": "sell", "timestamp": 1765929365906}, {"id": "3017084856", "price": 87791.6, "amount": 0.003, "side": "sell", "timestamp": 1765929365906}, {"id": "3017084857", "price": 87791.5, "amount": 0.002, "side": "sell", "timestamp": 1765929365906}, {"id": "3017084858", "price": 87791.1, "amount": 0.003, "side": "sell", "timestamp": 1765929365906}, {"id": "3017084859", "price": 87790.6, "amount": 0.019, "side": "sell", "timestamp": 1765929365916}, {"id": "3017084860", "price": 87790.7, "amount": 0.012, "side": "buy", "timestamp": 1765929365932}, {"id": "3017084861", "price": 87790.7, "amount": 0.003, "side": "buy", "timestamp": 1765929366449}, {"id": "3017084862", "price": 87790.7, "amount": 0.002, "side": "buy", "timestamp": 1765929366733}, {"id": "3017084863", "price": 87790.6, "amount": 0.002, "side": "sell", "timestamp": 1765929367065}, {"id": "3017084864", "price": 87790.7, "amount": 0.502, "side": "buy", "timestamp": 1765929367264}, {"id": "3017084865", "price": 87790.6, "amount": 0.002, "side": "sell", "timestamp": 1765929367577}, {"id": "3017084866", "price": 87790.7, "amount": 0.003, "side": "buy", "timestamp": 1765929368162}, {"id": "3017084867", "price": 87790.7, "amount": 0.021, "side": "buy", "timestamp": 1765929368596}, {"id": "3017084868", "price": 87790.6, "amount": 0.002, "side": "sell", "timestamp": 1765929368926}, {"id": "3017084869", "price": 87790.6, "amount": 0.002, "side": "sell", "timestamp": 1765929369191}, {"id": "3017084870", "price": 87790.6, "amount": 0.117, "side": "sell", "timestamp": 1765929369431}, {"id": "3017084871", "price": 87790.7, "amount": 0.026, "side": "buy", "timestamp": 1765929370428}, {"id": "3017084872", "price": 87790.7, "amount": 0.129, "side": "buy", "timestamp": 1765929370531}, {"id": "3017084873", "price": 87790.8, "amount": 0.005, "side": "buy", "timestamp": 1765929370535}, {"id": "3017084874", "price": 87790.9, "amount": 0.003, "side": "buy", "timestamp": 1765929370535}, {"id": "3017084875", "price": 87791.0, "amount": 0.003, "side": "buy", "timestamp": 1765929370535}, {"id": "3017084876", "price": 87791.4, "amount": 0.002, "side": "buy", "timestamp": 1765929370535}, {"id": "3017084877", "price": 87791.6, "amount": 0.002, "side": "buy", "timestamp": 1765929370535}, {"id": "3017084878", "price": 87791.9, "amount": 0.018, "side": "buy", "timestamp": 1765929370540}, {"id": "3017084879", "price": 87792.4, "amount": 0.002, "side": "buy", "timestamp": 1765929370541}, {"id": "3017084880", "price": 87792.5, "amount": 0.002, "side": "buy", "timestamp": 1765929370541}, {"id": "3017084881", "price": 87792.7, "amount": 0.009, "side": "buy", "timestamp": 1765929370607}, {"id": "3017084882", "price": 87792.8, "amount": 0.002, "side": "buy", "timestamp": 1765929370607}, {"id": "3017084883", "price": 87793.1, "amount": 0.002, "side": "buy", "timestamp": 1765929370608}, {"id": "3017084884", "price": 87793.3, "amount": 0.002, "side": "buy", "timestamp": 1765929370608}, {"id": "3017084885", "price": 87793.8, "amount": 0.003, "side": "buy", "timestamp": 1765929370608}, {"id": "3017084886", "price": 87794.5, "amount": 0.003, "side": "buy", "timestamp": 1765929370614}, {"id": "3017084887", "price": 87794.7, "amount": 0.003, "side": "buy", "timestamp": 1765929370614}, {"id": "3017084888", "price": 87795.0, "amount": 0.005, "side": "buy", "timestamp": 1765929370621}, {"id": "3017084889", "price": 87795.1, "amount": 0.002, "side": "buy", "timestamp": 1765929370621}, {"id": "3017084890", "price": 87795.2, "amount": 0.003, "side": "buy", "timestamp": 1765929370621}, {"id": "3017084891", "price": 87795.4, "amount": 0.016, "side": "buy", "timestamp": 1765929370629}, {"id": "3017084892", "price": 87795.5, "amount": 0.005, "side": "buy", "timestamp": 1765929370629}, {"id": "3017084893", "price": 87796.1, "amount": 0.003, "side": "buy", "timestamp": 1765929370639}, {"id": "3017084894", "price": 87796.7, "amount": 0.003, "side": "buy", "timestamp": 1765929370639}, {"id": "3017084895", "price": 87796.8, "amount": 0.002, "side": "buy", "timestamp": 1765929370639}, {"id": "3017084896", "price": 87796.9, "amount": 0.002, "side": "buy", "timestamp": 1765929370639}, {"id": "3017084897", "price": 87797.1, "amount": 0.028, "side": "buy", "timestamp": 1765929370639}, {"id": "3017084898", "price": 87797.2, "amount": 0.003, "side": "buy", "timestamp": 1765929370650}, {"id": "3017084899", "price": 87797.4, "amount": 0.002, "side": "buy", "timestamp": 1765929370650}, {"id": "3017084900", "price": 87797.7, "amount": 0.006, "side": "buy", "timestamp": 1765929370660}, {"id": "3017084901", "price": 87797.9, "amount": 0.091, "side": "buy", "timestamp": 1765929370667}, {"id": "3017085435", "price": 87820.3, "amount": 0.002, "side": "sell", "timestamp": 1765929422027}, {"id": "3017085436", "price": 87820.2, "amount": 0.005, "side": "sell", "timestamp": 1765929422027}, {"id": "3017085437", "price": 87820.0, "amount": 0.002, "side": "sell", "timestamp": 1765929422027}, {"id": "3017085438", "price": 87819.9, "amount": 0.005, "side": "sell", "timestamp": 1765929422027}, {"id": "3017085439", "price": 87819.6, "amount": 0.021, "side": "sell", "timestamp": 1765929422027}, {"id": "3017085440", "price": 87819.5, "amount": 0.455, "side": "sell", "timestamp": 1765929422027}, {"id": "3017085441", "price": 87819.4, "amount": 0.003, "side": "sell", "timestamp": 1765929422027}, {"id": "3017085442", "price": 87819.3, "amount": 0.005, "side": "sell", "timestamp": 1765929422027}, {"id": "3017085443", "price": 87819.2, "amount": 0.002, "side": "sell", "timestamp": 1765929422027}, {"id": "3017085444", "price": 87819.0, "amount": 0.002, "side": "sell", "timestamp": 1765929422027}, {"id": "3017085445", "price": 87818.9, "amount": 0.004, "side": "sell", "timestamp": 1765929422027}, {"id": "3017085446", "price": 87818.8, "amount": 0.005, "side": "sell", "timestamp": 1765929422027}, {"id": "3017085447", "price": 87818.6, "amount": 0.055, "side": "sell", "timestamp": 1765929422027}, {"id": "3017085448", "price": 87818.3, "amount": 0.037, "side": "sell", "timestamp": 1765929422027}, {"id": "3017085449", "price": 87818.2, "amount": 0.057, "side": "sell", "timestamp": 1765929422027}, {"id": "3017085450", "price": 87818.1, "amount": 0.006, "side": "sell", "timestamp": 1765929422027}, {"id": "3017085451", "price": 87818.0, "amount": 0.003, "side": "sell", "timestamp": 1765929422027}, {"id": "3017085452", "price": 87817.7, "amount": 0.006, "side": "sell", "timestamp": 1765929422027}, {"id": "3017085453", "price": 87817.6, "amount": 0.008, "side": "sell", "timestamp": 1765929422027}, {"id": "3017085454", "price": 87817.5, "amount": 0.006, "side": "sell", "timestamp": 1765929422027}, {"id": "3017085455", "price": 87817.4, "amount": 0.002, "side": "sell", "timestamp": 1765929422027}, {"id": "3017085456", "price": 87817.3, "amount": 0.002, "side": "sell", "timestamp": 1765929422027}, {"id": "3017085457", "price": 87817.1, "amount": 0.171, "side": "sell", "timestamp": 1765929422027}, {"id": "3017085458", "price": 87817.0, "amount": 0.005, "side": "sell", "timestamp": 1765929422027}, {"id": "3017085459", "price": 87816.9, "amount": 0.005, "side": "sell", "timestamp": 1765929422027}, {"id": "3017085460", "price": 87816.8, "amount": 0.006, "side": "sell", "timestamp": 1765929422027}, {"id": "3017085461", "price": 87816.5, "amount": 0.005, "side": "sell", "timestamp": 1765929422027}, {"id": "3017085462", "price": 87816.4, "amount": 0.855, "side": "sell", "timestamp": 1765929422027}, {"id": "3017085463", "price": 87816.3, "amount": 0.1, "side": "sell", "timestamp": 1765929422027}, {"id": "3017085464", "price": 87816.2, "amount": 0.073, "side": "sell", "timestamp": 1765929422027}, {"id": "3017085465", "price": 87816.1, "amount": 0.142, "side": "sell", "timestamp": 1765929422027}, {"id": "3017085466", "price": 87816.0, "amount": 0.009, "side": "sell", "timestamp": 1765929422027}, {"id": "3017085467", "price": 87815.7, "amount": 0.002, "side": "sell", "timestamp": 1765929422027}, {"id": "3017085468", "price": 87815.6, "amount": 0.005, "side": "sell", "timestamp": 1765929422027}, {"id": "3017085469", "price": 87815.5, "amount": 0.003, "side": "sell", "timestamp": 1765929422027}, {"id": "3017085470", "price": 87815.4, "amount": 0.201, "side": "sell", "timestamp": 1765929422027}, {"id": "3017085471", "price": 87815.3, "amount": 0.054, "side": "sell", "timestamp": 1765929422027}, {"id": "3017085472", "price": 87815.1, "amount": 0.003, "side": "sell", "timestamp": 1765929422027}, {"id": "3017085473", "price": 87815.0, "amount": 0.011, "side": "sell", "timestamp": 1765929422027}, {"id": "3017085474", "price": 87814.9, "amount": 0.002, "side": "sell", "timestamp": 1765929422027}, {"id": "3017085475", "price": 87814.8, "amount": 0.106, "side": "sell", "timestamp": 1765929422027}, {"id": "3017085476", "price": 87814.7, "amount": 0.83, "side": "sell", "timestamp": 1765929422027}, {"id": "3017085477", "price": 87814.6, "amount": 0.124, "side": "sell", "timestamp": 1765929422027}, {"id": "3017085478", "price": 87814.5, "amount": 0.05, "side": "sell", "timestamp": 1765929422027}, {"id": "3017085479", "price": 87814.6, "amount": 0.944, "side": "buy", "timestamp": 1765929422043}, {"id": "3017085480", "price": 87814.5, "amount": 0.691, "side": "sell", "timestamp": 1765929422231}, {"id": "3017085481", "price": 87814.6, "amount": 0.022, "side": "buy", "timestamp": 1765929422434}, {"id": "3017085482", "price": 87814.6, "amount": 0.01, "side": "buy", "timestamp": 1765929422970}, {"id": "3017085483", "price": 87814.5, "amount": 0.002, "side": "sell", "timestamp": 1765929423147}, {"id": "3017085484", "price": 87814.6, "amount": 0.012, "side": "buy", "timestamp": 1765929423451}, {"id": "3017085770", "price": 87826.0, "amount": 0.003, "side": "buy", "timestamp": 1765929473562}, {"id": "3017085771", "price": 87826.5, "amount": 0.003, "side": "buy", "timestamp": 1765929473562}, {"id": "3017085772", "price": 87826.7, "amount": 0.002, "side": "buy", "timestamp": 1765929473562}, {"id": "3017085773", "price": 87826.8, "amount": 0.044, "side": "buy", "timestamp": 1765929473562}, {"id": "3017085774", "price": 87827.1, "amount": 0.002, "side": "buy", "timestamp": 1765929473562}, {"id": "3017085775", "price": 87827.2, "amount": 0.003, "side": "buy", "timestamp": 1765929473562}, {"id": "3017085776", "price": 87827.3, "amount": 0.002, "side": "buy", "timestamp": 1765929473562}, {"id": "3017085777", "price": 87827.4, "amount": 0.008, "side": "buy", "timestamp": 1765929473562}, {"id": "3017085778", "price": 87827.5, "amount": 0.004, "side": "buy", "timestamp": 1765929473562}, {"id": "3017085779", "price": 87827.7, "amount": 0.079, "side": "buy", "timestamp": 1765929473562}, {"id": "3017085780", "price": 87827.8, "amount": 0.003, "side": "buy", "timestamp": 1765929473562}, {"id": "3017085781", "price": 87827.9, "amount": 0.005, "side": "buy", "timestamp": 1765929473562}, {"id": "3017085782", "price": 87828.0, "amount": 0.002, "side": "buy", "timestamp": 1765929473562}, {"id": "3017085783", "price": 87828.3, "amount": 0.003, "side": "buy", "timestamp": 1765929473562}, {"id": "3017085784", "price": 87828.4, "amount": 0.003, "side": "buy", "timestamp": 1765929473562}, {"id": "3017085785", "price": 87828.5, "amount": 1.009, "side": "buy", "timestamp": 1765929473586}, {"id": "3017085786", "price": 87828.5, "amount": 0.428, "side": "buy", "timestamp": 1765929473882}, {"id": "3017085787", "price": 87828.4, "amount": 0.025, "side": "sell", "timestamp": 1765929473966}, {"id": "3017085788", "price": 87828.5, "amount": 0.174, "side": "buy", "timestamp": 1765929473972}, {"id": "3017085789", "price": 87828.4, "amount": 0.002, "side": "sell", "timestamp": 1765929474245}, {"id": "3017085790", "price": 87828.5, "amount": 0.002, "side": "buy", "timestamp": 1765929474299}, {"id": "3017085791", "price": 87828.5, "amount": 0.013, "side": "buy", "timestamp": 1765929474438}, {"id": "3017085792", "price": 87828.5, "amount": 0.003, "side": "buy", "timestamp": 1765929474773}, {"id": "3017085793", "price": 87828.4, "amount": 0.005, "side": "sell", "timestamp": 1765929475042}, {"id": "3017085794", "price": 87828.5, "amount": 0.004, "side": "buy", "timestamp": 1765929475364}, {"id": "3017085795", "price": 87828.4, "amount": 0.48, "side": "sell", "timestamp": 1765929475861}, {"id": "3017085796", "price": 87828.3, "amount": 0.002, "side": "sell", "timestamp": 1765929475862}, {"id": "3017085797", "price": 87827.9, "amount": 0.003, "side": "sell", "timestamp": 1765929475862}, {"id": "3017085798", "price": 87827.5, "amount": 0.002, "side": "sell", "timestamp": 1765929475862}, {"id": "3017085799", "price": 87827.4, "amount": 0.003, "side": "sell", "timestamp": 1765929475862}, {"id": "3017085800", "price": 87826.7, "amount": 0.003, "side": "sell", "timestamp": 1765929475875}, {"id": "3017085801", "price": 87826.6, "amount": 0.002, "side": "sell", "timestamp": 1765929475875}, {"id": "3017085802", "price": 87826.4, "amount": 0.003, "side": "sell", "timestamp": 1765929475875}, {"id": "3017085803", "price": 87826.2, "amount": 0.003, "side": "sell", "timestamp": 1765929475875}, {"id": "3017085804", "price": 87825.9, "amount": 0.002, "side": "sell", "timestamp": 1765929475875}, {"id": "3017085805", "price": 87825.7, "amount": 0.003, "side": "sell", "timestamp": 1765929475875}, {"id": "3017085806", "price": 87825.6, "amount": 0.009, "side": "sell", "timestamp": 1765929475892}, {"id": "3017085807", "price": 87825.4, "amount": 0.66, "side": "sell", "timestamp": 1765929475892}, {"id": "3017085808", "price": 87825.3, "amount": 0.002, "side": "sell", "timestamp": 1765929475892}, {"id": "3017085809", "price": 87825.0, "amount": 0.005, "side": "sell", "timestamp": 1765929475896}, {"id": "3017085810", "price": 87824.9, "amount": 0.147, "side": "sell", "timestamp": 1765929475896}, {"id": "3017085811", "price": 87824.8, "amount": 0.006, "side": "sell", "timestamp": 1765929475896}, {"id": "3017085812", "price": 87824.6, "amount": 0.056, "side": "sell", "timestamp": 1765929475896}, {"id": "3017085813", "price": 87824.3, "amount": 0.003, "side": "sell", "timestamp": 1765929475896}, {"id": "3017085814", "price": 87824.0, "amount": 0.005, "side": "sell", "timestamp": 1765929475903}, {"id": "3017085815", "price": 87823.9, "amount": 0.003, "side": "sell", "timestamp": 1765929475903}, {"id": "3017085816", "price": 87823.8, "amount": 0.014, "side": "sell", "timestamp": 1765929475903}, {"id": "3017085817", "price": 87823.3, "amount": 0.003, "side": "sell", "timestamp": 1765929475946}, {"id": "3017085818", "price": 87823.2, "amount": 0.002, "side": "sell", "timestamp": 1765929475946}, {"id": "3017085819", "price": 87823.1, "amount": 0.004, "side": "sell", "timestamp": 1765929475946}, {"id": "3017086174", "price": 87814.5, "amount": 0.003, "side": "buy", "timestamp": 1765929525692}, {"id": "3017086175", "price": 87814.6, "amount": 0.023, "side": "buy", "timestamp": 1765929525695}, {"id": "3017086176", "price": 87814.6, "amount": 0.043, "side": "sell", "timestamp": 1765929525739}, {"id": "3017086177", "price": 87814.6, "amount": 0.018, "side": "sell", "timestamp": 1765929525907}, {"id": "3017086178", "price": 87814.6, "amount": 0.044, "side": "sell", "timestamp": 1765929526390}, {"id": "3017086179", "price": 87814.7, "amount": 0.002, "side": "buy", "timestamp": 1765929526719}, {"id": "3017086180", "price": 87814.7, "amount": 0.042, "side": "buy", "timestamp": 1765929527016}, {"id": "3017086181", "price": 87814.8, "amount": 0.002, "side": "buy", "timestamp": 1765929527017}, {"id": "3017086182", "price": 87815.0, "amount": 0.002, "side": "buy", "timestamp": 1765929527017}, {"id": "3017086183", "price": 87815.4, "amount": 0.003, "side": "buy", "timestamp": 1765929527017}, {"id": "3017086184", "price": 87815.9, "amount": 0.003, "side": "buy", "timestamp": 1765929527017}, {"id": "3017086185", "price": 87816.0, "amount": 0.003, "side": "buy", "timestamp": 1765929527017}, {"id": "3017086186", "price": 87816.5, "amount": 0.003, "side": "buy", "timestamp": 1765929527017}, {"id": "3017086187", "price": 87816.6, "amount": 0.002, "side": "buy", "timestamp": 1765929527017}, {"id": "3017086188", "price": 87816.7, "amount": 0.002, "side": "buy", "timestamp": 1765929527022}, {"id": "3017086189", "price": 87817.1, "amount": 0.003, "side": "buy", "timestamp": 1765929527025}, {"id": "3017086190", "price": 87817.3, "amount": 0.003, "side": "buy", "timestamp": 1765929527025}, {"id": "3017086191", "price": 87817.6, "amount": 0.002, "side": "buy", "timestamp": 1765929527025}, {"id": "3017086192", "price": 87817.8, "amount": 0.003, "side": "buy", "timestamp": 1765929527025}, {"id": "3017086193", "price": 87817.9, "amount": 0.003, "side": "buy", "timestamp": 1765929527025}, {"id": "3017086194", "price": 87818.4, "amount": 0.003, "side": "buy", "timestamp": 1765929527025}, {"id": "3017086195", "price": 87818.7, "amount": 0.084, "side": "buy", "timestamp": 1765929527063}, {"id": "3017086196", "price": 87818.8, "amount": 0.002, "side": "buy", "timestamp": 1765929527063}, {"id": "3017086197", "price": 87818.9, "amount": 0.002, "side": "buy", "timestamp": 1765929527063}, {"id": "3017086198", "price": 87819.0, "amount": 0.002, "side": "buy", "timestamp": 1765929527063}, {"id": "3017086199", "price": 87819.1, "amount": 0.109, "side": "buy", "timestamp": 1765929527063}, {"id": "3017086200", "price": 87819.2, "amount": 0.02, "side": "buy", "timestamp": 1765929527063}, {"id": "3017086201", "price": 87819.6, "amount": 0.003, "side": "buy", "timestamp": 1765929527063}, {"id": "3017086202", "price": 87819.8, "amount": 0.025, "side": "buy", "timestamp": 1765929527063}, {"id": "3017086203", "price": 87820.1, "amount": 0.003, "side": "buy", "timestamp": 1765929527063}, {"id": "3017086204", "price": 87820.2, "amount": 0.002, "side": "buy", "timestamp": 1765929527063}, {"id": "3017086205", "price": 87820.4, "amount": 0.003, "side": "buy", "timestamp": 1765929527063}, {"id": "3017086206", "price": 87820.5, "amount": 0.002, "side": "buy", "timestamp": 1765929527063}, {"id": "3017086207", "price": 87820.6, "amount": 0.003, "side": "buy", "timestamp": 1765929527063}, {"id": "3017086208", "price": 87820.8, "amount": 0.003, "side": "buy", "timestamp": 1765929527063}, {"id": "3017086209", "price": 87821.1, "amount": 0.025, "side": "buy", "timestamp": 1765929527063}, {"id": "3017086210", "price": 87821.5, "amount": 0.005, "side": "buy", "timestamp": 1765929527063}, {"id": "3017086211", "price": 87821.7, "amount": 0.003, "side": "buy", "timestamp": 1765929527063}, {"id": "3017086212", "price": 87822.0, "amount": 0.002, "side": "buy", "timestamp": 1765929527063}, {"id": "3017086213", "price": 87822.2, "amount": 0.003, "side": "buy", "timestamp": 1765929527063}, {"id": "3017086214", "price": 87822.3, "amount": 0.003, "side": "buy", "timestamp": 1765929527063}, {"id": "3017086215", "price": 87822.4, "amount": 0.003, "side": "buy", "timestamp": 1765929527063}, {"id": "3017086216", "price": 87822.6, "amount": 0.004, "side": "buy", "timestamp": 1765929527063}, {"id": "3017086217", "price": 87822.7, "amount": 0.011, "side": "buy", "timestamp": 1765929527063}, {"id": "3017086218", "price": 87822.8, "amount": 0.002, "side": "buy", "timestamp": 1765929527063}, {"id": "3017086219", "price": 87822.9, "amount": 0.002, "side": "buy", "timestamp": 1765929527063}, {"id": "3017086220", "price": 87823.0, "amount": 0.002, "side": "buy", "timestamp": 1765929527063}, {"id": "3017086221", "price": 87823.2, "amount": 0.008, "side": "buy", "timestamp": 1765929527063}, {"id": "3017086222", "price": 87823.4, "amount": 0.01, "side": "buy", "timestamp": 1765929527067}, {"id": "3017086223", "price": 87823.3, "amount": 0.041, "side": "sell", "timestamp": 1765929528045}, {"id": "3017086472", "price": 87810.4, "amount": 0.151, "side": "buy", "timestamp": 1765929567299}, {"id": "3017086473", "price": 87810.3, "amount": 0.004, "side": "sell", "timestamp": 1765929567350}, {"id": "3017086474", "price": 87810.4, "amount": 0.002, "side": "buy", "timestamp": 1765929567412}, {"id": "3017086475", "price": 87810.4, "amount": 0.095, "side": "buy", "timestamp": 1765929567748}, {"id": "3017086476", "price": 87810.3, "amount": 0.047, "side": "sell", "timestamp": 1765929567975}, {"id": "3017086477", "price": 87810.4, "amount": 0.01, "side": "buy", "timestamp": 1765929568390}, {"id": "3017086478", "price": 87810.3, "amount": 0.2, "side": "sell", "timestamp": 1765929568883}, {"id": "3017086479", "price": 87810.4, "amount": 0.322, "side": "buy", "timestamp": 1765929568900}, {"id": "3017086480", "price": 87810.3, "amount": 0.041, "side": "sell", "timestamp": 1765929569074}, {"id": "3017086481", "price": 87810.3, "amount": 0.037, "side": "sell", "timestamp": 1765929569349}, {"id": "3017086482", "price": 87810.4, "amount": 0.383, "side": "buy", "timestamp": 1765929569920}, {"id": "3017086483", "price": 87810.4, "amount": 0.003, "side": "buy", "timestamp": 1765929570638}, {"id": "3017086484", "price": 87810.3, "amount": 0.021, "side": "sell", "timestamp": 1765929570743}, {"id": "3017086485", "price": 87810.4, "amount": 0.006, "side": "buy", "timestamp": 1765929570892}, {"id": "3017086486", "price": 87810.3, "amount": 0.01, "side": "sell", "timestamp": 1765929571121}, {"id": "3017086487", "price": 87810.3, "amount": 0.004, "side": "sell", "timestamp": 1765929571405}, {"id": "3017086488", "price": 87810.3, "amount": 0.79, "side": "sell", "timestamp": 1765929571731}, {"id": "3017086489", "price": 87810.4, "amount": 0.013, "side": "buy", "timestamp": 1765929571891}, {"id": "3017086490", "price": 87810.4, "amount": 0.012, "side": "buy", "timestamp": 1765929571995}, {"id": "3017086491", "price": 87810.3, "amount": 0.047, "side": "sell", "timestamp": 1765929572464}, {"id": "3017086492", "price": 87810.4, "amount": 0.003, "side": "buy", "timestamp": 1765929572848}, {"id": "3017086493", "price": 87810.3, "amount": 0.012, "side": "sell", "timestamp": 1765929572893}, {"id": "3017086494", "price": 87810.3, "amount": 0.002, "side": "sell", "timestamp": 1765929573085}, {"id": "3017086495", "price": 87810.4, "amount": 0.387, "side": "buy", "timestamp": 1765929573893}, {"id": "3017086496", "price": 87810.3, "amount": 0.287, "side": "sell", "timestamp": 1765929573908}, {"id": "3017086497", "price": 87810.4, "amount": 0.451, "side": "buy", "timestamp": 1765929574053}, {"id": "3017086498", "price": 87810.3, "amount": 0.567, "side": "sell", "timestamp": 1765929574056}, {"id": "3017086499", "price": 87810.3, "amount": 1.602, "side": "buy", "timestamp": 1765929574058}, {"id": "3017086500", "price": 87810.3, "amount": 0.11, "side": "sell", "timestamp": 1765929574059}, {"id": "3017086501", "price": 87810.3, "amount": 0.006, "side": "sell", "timestamp": 1765929574275}, {"id": "3017086502", "price": 87810.3, "amount": 0.186, "side": "sell", "timestamp": 1765929574682}, {"id": "3017086503", "price": 87810.4, "amount": 0.011, "side": "buy", "timestamp": 1765929574808}, {"id": "3017086504", "price": 87810.3, "amount": 0.009, "side": "sell", "timestamp": 1765929575007}, {"id": "3017086505", "price": 87810.4, "amount": 0.082, "side": "buy", "timestamp": 1765929575464}, {"id": "3017086506", "price": 87810.3, "amount": 0.04, "side": "sell", "timestamp": 1765929575485}, {"id": "3017086507", "price": 87810.3, "amount": 0.497, "side": "sell", "timestamp": 1765929575914}, {"id": "3017086508", "price": 87810.3, "amount": 0.008, "side": "sell", "timestamp": 1765929577447}, {"id": "3017086509", "price": 87810.4, "amount": 0.206, "side": "buy", "timestamp": 1765929577617}, {"id": "3017086510", "price": 87810.3, "amount": 0.433, "side": "sell", "timestamp": 1765929577915}, {"id": "3017086511", "price": 87810.4, "amount": 0.09, "side": "buy", "timestamp": 1765929578290}, {"id": "3017086512", "price": 87810.3, "amount": 0.009, "side": "sell", "timestamp": 1765929578686}, {"id": "3017086513", "price": 87810.4, "amount": 0.002, "side": "buy", "timestamp": 1765929578975}, {"id": "3017086514", "price": 87810.3, "amount": 0.002, "side": "sell", "timestamp": 1765929579196}, {"id": "3017086515", "price": 87810.3, "amount": 0.004, "side": "sell", "timestamp": 1765929579437}, {"id": "3017086516", "price": 87810.4, "amount": 0.008, "side": "buy", "timestamp": 1765929579619}