[{"symbol": "ADAUSDT", "bids": [[0.4144, 87790.0], [0.4143, 157284.0], [0.4142, 410710.0], [0.4141, 282898.0], [0.414, 171819.0], [0.4139, 197509.0], [0.4138, 243800.0], [0.4137, 280490.0], [0.4136, 191168.0], [0.4135, 161915.0], [0.4134, 290206.0], [0.4133, 221403.0], [0.4132, 248935.0], [0.4131, 104865.0], [0.413, 179016.0], [0.4129, 141687.0], [0.4128, 166650.0], [0.4127, 112216.0], [0.4126, 97482.0], [0.4125, 202940.0]], "asks": [[0.4145, 15972.0], [0.4146, 173451.0], [0.4147, 266246.0], [0.4148, 309488.0], [0.4149, 195257.0], [0.415, 119994.0], [0.4151, 235838.0], [0.4152, 129020.0], [0.4153, 205217.0], [0.4154, 170742.0], [0.4155, 215031.0], [0.4156, 103526.0], [0.4157, 376969.0], [0.4158, 145963.0], [0.4159, 202126.0], [0.416, 249325.0], [0.4161, 164057.0], [0.4162, 107200.0], [0.4163, 165630.0], [0.4164, 209991.0]], "timestamp": "2025-12-06T04:50:53.522491+00:00"}, {"symbol": "ADAUSDT", "bids": [[0.4143, 138170.0], [0.4142, 333828.0], [0.4141, 221501.0], [0.414, 243073.0], [0.4139, 200078.0], [0.4138, 260256.0], [0.4137, 286366.0], [0.4136, 178776.0], [0.4135, 159966.0], [0.4134, 268387.0], [0.4133, 218982.0], [0.4132, 165847.0], [0.4131, 231911.0], [0.413, 172702.0], [0.4129, 141672.0], [0.4128, 190869.0], [0.4127, 112216.0], [0.4126, 97482.0], [0.4125, 192077.0], [0.4124, 195852.0]], "asks": [[0.4144, 10565.0], [0.4145, 142664.0], [0.4146, 276190.0], [0.4147, 193164.0], [0.4148, 303504.0], [0.4149, 152901.0], [0.415, 109716.0], [0.4151, 246841.0], [0.4152, 145822.0], [0.4153, 216079.0], [0.4154, 193892.0], [0.4155, 152706.0], [0.4156, 75524.0], [0.4157, 213387.0], [0.4158, 262166.0], [0.4159, 232139.0], [0.416, 249325.0], [0.4161, 171875.0], [0.4162, 144660.0], [0.4163, 172060.0]], "timestamp": "2025-12-06T04:51:34.676046+00:00"}, {"symbol": "ADAUSDT", "bids": [[0.4143, 72868.0], [0.4142, 204581.0], [0.4141, 164451.0], [0.414, 327671.0], [0.4139, 204322.0], [0.4138, 207336.0], [0.4137, 276267.0], [0.4136, 275900.0], [0.4135, 164073.0], [0.4134, 254403.0], [0.4133, 265785.0], [0.4132, 138388.0], [0.4131, 109461.0], [0.413, 284924.0], [0.4129, 146500.0], [0.4128, 190869.0], [0.4127, 118078.0], [0.4126, 97482.0], [0.4125, 192092.0], [0.4124, 195852.0]], "asks": [[0.4144, 7475.0], [0.4145, 203181.0], [0.4146, 282344.0], [0.4147, 273413.0], [0.4148, 201793.0], [0.4149, 177196.0], [0.415, 107956.0], [0.4151, 229509.0], [0.4152, 153103.0], [0.4153, 229968.0], [0.4154, 132357.0], [0.4155, 157632.0], [0.4156, 88793.0], [0.4157, 309343.0], [0.4158, 145963.0], [0.4159, 232139.0], [0.416, 243930.0], [0.4161, 173607.0], [0.4162, 142884.0], [0.4163, 172060.0]], "timestamp": "2025-12-06T04:52:25.790758+00:00"}, {"symbol": "ADAUSDT", "bids": [[0.4144, 85497.0], [0.4143, 188676.0], [0.4142, 278915.0], [0.4141, 298099.0], [0.414, 175295.0], [0.4139, 217657.0], [0.4138, 274574.0], [0.4137, 260280.0], [0.4136, 202600.0], [0.4135, 137403.0], [0.4134, 213807.0], [0.4133, 299760.0], [0.4132, 367899.0], [0.4131, 109117.0], [0.413, 175217.0], [0.4129, 141672.0], [0.4128, 168173.0], [0.4127, 111176.0], [0.4126, 99601.0], [0.4125, 192092.0]], "asks": [[0.4145, 28442.0], [0.4146, 165383.0], [0.4147, 263993.0], [0.4148, 312019.0], [0.4149, 193343.0], [0.415, 123143.0], [0.4151, 163747.0], [0.4152, 219890.0], [0.4153, 192299.0], [0.4154, 137653.0], [0.4155, 209189.0], [0.4156, 75417.0], [0.4157, 208901.0], [0.4158, 231683.0], [0.4159, 232139.0], [0.416, 249325.0], [0.4161, 173629.0], [0.4162, 142884.0], [0.4163, 172542.0], [0.4164, 209991.0]], "timestamp": "2025-12-06T04:53:17.080088+00:00"}, {"symbol": "ADAUSDT", "bids": [[0.4144, 37690.0], [0.4143, 201017.0], [0.4142, 307523.0], [0.4141, 345869.0], [0.414, 154373.0], [0.4139, 240318.0], [0.4138, 236816.0], [0.4137, 273884.0], [0.4136, 203530.0], [0.4135, 133519.0], [0.4134, 206889.0], [0.4133, 268554.0], [0.4132, 263106.0], [0.4131, 225040.0], [0.413, 174933.0], [0.4129, 141672.0], [0.4128, 168173.0], [0.4127, 111176.0], [0.4126, 99601.0], [0.4125, 192171.0]], "asks": [[0.4145, 44108.0], [0.4146, 200104.0], [0.4147, 233253.0], [0.4148, 303520.0], [0.4149, 177756.0], [0.415, 113615.0], [0.4151, 187972.0], [0.4152, 214027.0], [0.4153, 201273.0], [0.4154, 200454.0], [0.4155, 183917.0], [0.4156, 75960.0], [0.4157, 200030.0], [0.4158, 231683.0], [0.4159, 233750.0], [0.416, 249325.0], [0.4161, 173629.0], [0.4162, 155908.0], [0.4163, 168845.0], [0.4164, 209991.0]], "timestamp": "2025-12-06T04:54:08.137713+00:00"}, {"symbol": "ADAUSDT", "bids": [[0.4143, 10470.0], [0.4142, 241908.0], [0.4141, 194818.0], [0.414, 302922.0], [0.4139, 225247.0], [0.4138, 194449.0], [0.4137, 306539.0], [0.4136, 214233.0], [0.4135, 122117.0], [0.4134, 212316.0], [0.4133, 267824.0], [0.4132, 261460.0], [0.4131, 119849.0], [0.413, 290676.0], [0.4129, 141672.0], [0.4128, 192393.0], [0.4127, 111176.0], [0.4126, 99601.0], [0.4125, 176844.0], [0.4124, 110543.0]], "asks": [[0.4144, 68903.0], [0.4145, 252646.0], [0.4146, 267911.0], [0.4147, 285975.0], [0.4148, 186860.0], [0.4149, 181830.0], [0.415, 138923.0], [0.4151, 245211.0], [0.4152, 141713.0], [0.4153, 205321.0], [0.4154, 161332.0], [0.4155, 164896.0], [0.4156, 75509.0], [0.4157, 199005.0], [0.4158, 231683.0], [0.4159, 233750.0], [0.416, 249325.0], [0.4161, 173629.0], [0.4162, 155908.0], [0.4163, 168845.0]], "timestamp": "2025-12-06T04:54:59.697255+00:00"}, {"symbol": "ADAUSDT", "bids": [[0.4142, 61265.0], [0.4141, 217260.0], [0.414, 282242.0], [0.4139, 313579.0], [0.4138, 248810.0], [0.4137, 270798.0], [0.4136, 215210.0], [0.4135, 157977.0], [0.4134, 214726.0], [0.4133, 290746.0], [0.4132, 388225.0], [0.4131, 136854.0], [0.413, 170746.0], [0.4129, 146842.0], [0.4128, 168029.0], [0.4127, 141258.0], [0.4126, 123826.0], [0.4125, 187790.0], [0.4124, 167497.0], [0.4123, 308628.0]], "asks": [[0.4143, 40756.0], [0.4144, 179359.0], [0.4145, 253094.0], [0.4146, 311768.0], [0.4147, 167271.0], [0.4148, 196294.0], [0.4149, 181721.0], [0.415, 142327.0], [0.4151, 228564.0], [0.4152, 168484.0], [0.4153, 215597.0], [0.4154, 142254.0], [0.4155, 165251.0], [0.4156, 75093.0], [0.4157, 199081.0], [0.4158, 231670.0], [0.4159, 233750.0], [0.416, 243448.0], [0.4161, 175305.0], [0.4162, 155908.0]], "timestamp": "2025-12-06T04:55:51.111273+00:00"}, {"symbol": "ADAUSDT", "bids": [[0.4144, 9693.0], [0.4143, 205706.0], [0.4142, 287520.0], [0.4141, 315786.0], [0.414, 199348.0], [0.4139, 186656.0], [0.4138, 207139.0], [0.4137, 317568.0], [0.4136, 253949.0], [0.4135, 112671.0], [0.4134, 212227.0], [0.4133, 276375.0], [0.4132, 269185.0], [0.4131, 230045.0], [0.413, 165075.0], [0.4129, 103311.0], [0.4128, 177188.0], [0.4127, 149491.0], [0.4126, 99646.0], [0.4125, 190128.0]], "asks": [[0.4145, 98594.0], [0.4146, 154348.0], [0.4147, 303703.0], [0.4148, 257818.0], [0.4149, 166451.0], [0.415, 137582.0], [0.4151, 212817.0], [0.4152, 144701.0], [0.4153, 157276.0], [0.4154, 148757.0], [0.4155, 166088.0], [0.4156, 75448.0], [0.4157, 199086.0], [0.4158, 231712.0], [0.4159, 203750.0], [0.416, 279310.0], [0.4161, 175305.0], [0.4162, 152692.0], [0.4163, 210308.0], [0.4164, 242326.0]], "timestamp": "2025-12-06T04:56:42.172419+00:00"}, {"symbol": "ADAUSDT", "bids": [[0.4144, 30855.0], [0.4143, 160858.0], [0.4142, 257016.0], [0.4141, 299584.0], [0.414, 195383.0], [0.4139, 204200.0], [0.4138, 283182.0], [0.4137, 250697.0], [0.4136, 247971.0], [0.4135, 117194.0], [0.4134, 242131.0], [0.4133, 195303.0], [0.4132, 280644.0], [0.4131, 230715.0], [0.413, 169920.0], [0.4129, 103332.0], [0.4128, 177188.0], [0.4127, 173712.0], [0.4126, 99646.0], [0.4125, 201612.0]], "asks": [[0.4145, 68939.0], [0.4146, 139331.0], [0.4147, 273773.0], [0.4148, 274918.0], [0.4149, 166692.0], [0.415, 136731.0], [0.4151, 212403.0], [0.4152, 138614.0], [0.4153, 151509.0], [0.4154, 152340.0], [0.4155, 166073.0], [0.4156, 117251.0], [0.4157, 299674.0], [0.4158, 115978.0], [0.4159, 233750.0], [0.416, 279310.0], [0.4161, 149545.0], [0.4162, 176720.0], [0.4163, 210321.0], [0.4164, 155503.0]], "timestamp": "2025-12-06T04:57:34.280382+00:00"}, {"symbol": "ADAUSDT", "bids": [[0.4143, 91881.0], [0.4142, 222440.0], [0.4141, 245911.0], [0.414, 318972.0], [0.4139, 188516.0], [0.4138, 181849.0], [0.4137, 345380.0], [0.4136, 239636.0], [0.4135, 143063.0], [0.4134, 253072.0], [0.4133, 245491.0], [0.4132, 288187.0], [0.4131, 219517.0], [0.413, 165221.0], [0.4129, 108156.0], [0.4128, 147427.0], [0.4127, 210077.0], [0.4126, 97548.0], [0.4125, 190149.0], [0.4124, 167518.0]], "asks": [[0.4144, 7494.0], [0.4145, 218559.0], [0.4146, 168891.0], [0.4147, 248182.0], [0.4148, 168030.0], [0.4149, 177339.0], [0.415, 184281.0], [0.4151, 143369.0], [0.4152, 118557.0], [0.4153, 162393.0], [0.4154, 172179.0], [0.4155, 175008.0], [0.4156, 112317.0], [0.4157, 299614.0], [0.4158, 115978.0], [0.4159, 233750.0], [0.416, 273433.0], [0.4161, 173576.0], [0.4162, 152707.0], [0.4163, 210321.0]], "timestamp": "2025-12-06T04:58:26.085119+00:00"}, {"symbol": "ADAUSDT", "bids": [[0.4141, 135383.0], [0.414, 202945.0], [0.4139, 183712.0], [0.4138, 320591.0], [0.4137, 308413.0], [0.4136, 277555.0], [0.4135, 227333.0], [0.4134, 286747.0], [0.4133, 230189.0], [0.4132, 275527.0], [0.4131, 139511.0], [0.413, 291345.0], [0.4129, 105431.0], [0.4128, 152613.0], [0.4127, 224355.0], [0.4126, 127649.0], [0.4125, 182877.0], [0.4124, 166184.0], [0.4123, 233236.0], [0.4122, 237462.0]], "asks": [[0.4142, 7232.0], [0.4143, 169437.0], [0.4144, 160550.0], [0.4145, 354941.0], [0.4146, 133048.0], [0.4147, 159669.0], [0.4148, 165895.0], [0.4149, 229570.0], [0.415, 111302.0], [0.4151, 144540.0], [0.4152, 148442.0], [0.4153, 179732.0], [0.4154, 78203.0], [0.4155, 173757.0], [0.4156, 87271.0], [0.4157, 299736.0], [0.4158, 135735.0], [0.4159, 226277.0], [0.416, 273237.0], [0.4161, 149545.0]], "timestamp": "2025-12-06T04:59:17.368017+00:00"}, {"symbol": "ADAUSDT", "bids": [[0.4141, 72179.0], [0.414, 169786.0], [0.4139, 239351.0], [0.4138, 303664.0], [0.4137, 200516.0], [0.4136, 309339.0], [0.4135, 199573.0], [0.4134, 227899.0], [0.4133, 231765.0], [0.4132, 299594.0], [0.4131, 221307.0], [0.413, 337667.0], [0.4129, 95027.0], [0.4128, 152598.0], [0.4127, 193888.0], [0.4126, 127636.0], [0.4125, 180526.0], [0.4124, 166249.0], [0.4123, 234347.0], [0.4122, 237369.0]], "asks": [[0.4142, 14022.0], [0.4143, 195839.0], [0.4144, 158760.0], [0.4145, 276788.0], [0.4146, 122552.0], [0.4147, 156655.0], [0.4148, 134523.0], [0.4149, 224958.0], [0.415, 85575.0], [0.4151, 129335.0], [0.4152, 111693.0], [0.4153, 142440.0], [0.4154, 122909.0], [0.4155, 338032.0], [0.4156, 75017.0], [0.4157, 183813.0], [0.4158, 135735.0], [0.4159, 197938.0], [0.416, 243222.0], [0.4161, 154301.0]], "timestamp": "2025-12-06T05:00:08.675159+00:00"}, {"symbol": "ADAUSDT", "bids": [[0.4144, 134540.0], [0.4143, 119248.0], [0.4142, 314470.0], [0.4141, 345238.0], [0.414, 211906.0], [0.4139, 256242.0], [0.4138, 221239.0], [0.4137, 292225.0], [0.4136, 330845.0], [0.4135, 187638.0], [0.4134, 213663.0], [0.4133, 223129.0], [0.4132, 261244.0], [0.4131, 211318.0], [0.413, 169258.0], [0.4129, 133413.0], [0.4128, 171347.0], [0.4127, 149164.0], [0.4126, 98047.0], [0.4125, 199096.0]], "asks": [[0.4145, 33910.0], [0.4146, 161094.0], [0.4147, 305315.0], [0.4148, 237739.0], [0.4149, 188398.0], [0.415, 96240.0], [0.4151, 200012.0], [0.4152, 80288.0], [0.4153, 165922.0], [0.4154, 101230.0], [0.4155, 208091.0], [0.4156, 141115.0], [0.4157, 299951.0], [0.4158, 148246.0], [0.4159, 201298.0], [0.416, 249596.0], [0.4161, 185831.0], [0.4162, 153985.0], [0.4163, 206758.0], [0.4164, 171744.0]], "timestamp": "2025-12-06T05:01:00.042403+00:00"}, {"symbol": "ADAUSDT", "bids": [[0.4147, 21849.0], [0.4146, 79712.0], [0.4145, 207700.0], [0.4144, 232420.0], [0.4143, 284967.0], [0.4142, 168161.0], [0.4141, 235556.0], [0.414, 315614.0], [0.4139, 253890.0], [0.4138, 210232.0], [0.4137, 187178.0], [0.4136, 246308.0], [0.4135, 242890.0], [0.4134, 154035.0], [0.4133, 252745.0], [0.4132, 327852.0], [0.4131, 109095.0], [0.413, 182355.0], [0.4129, 196859.0], [0.4128, 109956.0]], "asks": [[0.4148, 96024.0], [0.4149, 269345.0], [0.415, 308995.0], [0.4151, 168025.0], [0.4152, 195075.0], [0.4153, 146889.0], [0.4154, 97053.0], [0.4155, 209173.0], [0.4156, 109643.0], [0.4157, 225714.0], [0.4158, 255683.0], [0.4159, 189868.0], [0.416, 251581.0], [0.4161, 180427.0], [0.4162, 172288.0], [0.4163, 212620.0], [0.4164, 167713.0], [0.4165, 180810.0], [0.4166, 137657.0], [0.4167, 151532.0]], "timestamp": "2025-12-06T05:01:51.383731+00:00"}, {"symbol": "ADAUSDT", "bids": [[0.4146, 23819.0], [0.4145, 114917.0], [0.4144, 329764.0], [0.4143, 166252.0], [0.4142, 293170.0], [0.4141, 214228.0], [0.414, 326963.0], [0.4139, 267998.0], [0.4138, 222055.0], [0.4137, 273197.0], [0.4136, 242743.0], [0.4135, 308384.0], [0.4134, 160483.0], [0.4133, 322884.0], [0.4132, 212277.0], [0.4131, 101295.0], [0.413, 124219.0], [0.4129, 201069.0], [0.4128, 117085.0], [0.4127, 156345.0]], "asks": [[0.4147, 138650.0], [0.4148, 184496.0], [0.4149, 362954.0], [0.415, 103237.0], [0.4151, 135644.0], [0.4152, 122241.0], [0.4153, 208399.0], [0.4154, 206710.0], [0.4155, 243918.0], [0.4156, 75654.0], [0.4157, 199982.0], [0.4158, 115927.0], [0.4159, 203020.0], [0.416, 367264.0], [0.4161, 173995.0], [0.4162, 172303.0], [0.4163, 212605.0], [0.4164, 167713.0], [0.4165, 172772.0], [0.4166, 54093.0]], "timestamp": "2025-12-06T05:02:42.606198+00:00"}, {"symbol": "ADAUSDT", "bids": [[0.4146, 118168.0], [0.4145, 166453.0], [0.4144, 378624.0], [0.4143, 321234.0], [0.4142, 198598.0], [0.4141, 211966.0], [0.414, 233668.0], [0.4139, 359958.0], [0.4138, 231601.0], [0.4137, 240548.0], [0.4136, 237322.0], [0.4135, 273866.0], [0.4134, 277711.0], [0.4133, 202121.0], [0.4132, 226843.0], [0.4131, 159038.0], [0.413, 130489.0], [0.4129, 195267.0], [0.4128, 109817.0], [0.4127, 158739.0]], "asks": [[0.4147, 7677.0], [0.4148, 128051.0], [0.4149, 286326.0], [0.415, 202480.0], [0.4151, 146933.0], [0.4152, 121775.0], [0.4153, 165476.0], [0.4154, 204736.0], [0.4155, 252956.0], [0.4156, 112095.0], [0.4157, 184314.0], [0.4158, 170932.0], [0.4159, 200209.0], [0.416, 374762.0], [0.4161, 174120.0], [0.4162, 172303.0], [0.4163, 206758.0], [0.4164, 143702.0], [0.4165, 196779.0], [0.4166, 54093.0]], "timestamp": "2025-12-06T05:03:33.985459+00:00"}, {"symbol": "ADAUSDT", "bids": [[0.4145, 94404.0], [0.4144, 325596.0], [0.4143, 228965.0], [0.4142, 337180.0], [0.4141, 217760.0], [0.414, 295988.0], [0.4139, 286542.0], [0.4138, 269052.0], [0.4137, 241870.0], [0.4136, 237398.0], [0.4135, 294826.0], [0.4134, 149174.0], [0.4133, 317440.0], [0.4132, 231234.0], [0.4131, 183240.0], [0.413, 130706.0], [0.4129, 260391.0], [0.4128, 109817.0], [0.4127, 148380.0], [0.4126, 106461.0]], "asks": [[0.4146, 14818.0], [0.4147, 173133.0], [0.4148, 191319.0], [0.4149, 233320.0], [0.415, 222524.0], [0.4151, 154507.0], [0.4152, 189736.0], [0.4153, 142667.0], [0.4154, 121243.0], [0.4155, 175454.0], [0.4156, 189430.0], [0.4157, 213258.0], [0.4158, 141399.0], [0.4159, 200220.0], [0.416, 350723.0], [0.4161, 204120.0], [0.4162, 173819.0], [0.4163, 206758.0], [0.4164, 143702.0], [0.4165, 196779.0]], "timestamp": "2025-12-06T05:04:25.263483+00:00"}, {"symbol": "ADAUSDT", "bids": [[0.4145, 75282.0], [0.4144, 244967.0], [0.4143, 206255.0], [0.4142, 347770.0], [0.4141, 210948.0], [0.414, 202683.0], [0.4139, 358666.0], [0.4138, 262607.0], [0.4137, 231882.0], [0.4136, 226431.0], [0.4135, 275498.0], [0.4134, 191563.0], [0.4133, 309885.0], [0.4132, 231234.0], [0.4131, 183240.0], [0.413, 142145.0], [0.4129, 284599.0], [0.4128, 109817.0], [0.4127, 148380.0], [0.4126, 106340.0]], "asks": [[0.4146, 22488.0], [0.4147, 189823.0], [0.4148, 195799.0], [0.4149, 321055.0], [0.415, 98163.0], [0.4151, 163219.0], [0.4152, 115181.0], [0.4153, 239981.0], [0.4154, 96382.0], [0.4155, 220127.0], [0.4156, 237021.0], [0.4157, 183679.0], [0.4158, 157397.0], [0.4159, 295355.0], [0.416, 235051.0], [0.4161, 205584.0], [0.4162, 173819.0], [0.4163, 207240.0], [0.4164, 146916.0], [0.4165, 196779.0]], "timestamp": "2025-12-06T05:05:16.794451+00:00"}, {"symbol": "ADAUSDT", "bids": [[0.4147, 15276.0], [0.4146, 91890.0], [0.4145, 264328.0], [0.4144, 321924.0], [0.4143, 261808.0], [0.4142, 174100.0], [0.4141, 223816.0], [0.414, 243744.0], [0.4139, 237795.0], [0.4138, 257577.0], [0.4137, 212313.0], [0.4136, 264433.0], [0.4135, 270765.0], [0.4134, 237553.0], [0.4133, 182244.0], [0.4132, 214522.0], [0.4131, 101295.0], [0.413, 136066.0], [0.4129, 226278.0], [0.4128, 87083.0]], "asks": [[0.4148, 182513.0], [0.4149, 282435.0], [0.415, 212478.0], [0.4151, 144316.0], [0.4152, 126960.0], [0.4153, 185276.0], [0.4154, 206721.0], [0.4155, 216931.0], [0.4156, 182209.0], [0.4157, 193795.0], [0.4158, 140983.0], [0.4159, 185638.0], [0.416, 351251.0], [0.4161, 205584.0], [0.4162, 179846.0], [0.4163, 242520.0], [0.4164, 146916.0], [0.4165, 194892.0], [0.4166, 74852.0], [0.4167, 151632.0]], "timestamp": "2025-12-06T05:06:08.001870+00:00"}, {"symbol": "ADAUSDT", "bids": [[0.4145, 71164.0], [0.4144, 146765.0], [0.4143, 178616.0], [0.4142, 341408.0], [0.4141, 215075.0], [0.414, 160878.0], [0.4139, 291055.0], [0.4138, 259525.0], [0.4137, 237463.0], [0.4136, 270438.0], [0.4135, 246454.0], [0.4134, 179090.0], [0.4133, 304502.0], [0.4132, 220507.0], [0.4131, 109951.0], [0.413, 195988.0], [0.4129, 226293.0], [0.4128, 87083.0], [0.4127, 150954.0], [0.4126, 104720.0]], "asks": [[0.4146, 61484.0], [0.4147, 188106.0], [0.4148, 196327.0], [0.4149, 334311.0], [0.415, 114510.0], [0.4151, 141842.0], [0.4152, 92363.0], [0.4153, 178466.0], [0.4154, 185705.0], [0.4155, 204107.0], [0.4156, 188373.0], [0.4157, 183679.0], [0.4158, 141369.0], [0.4159, 184990.0], [0.416, 350712.0], [0.4161, 205584.0], [0.4162, 173819.0], [0.4163, 236658.0], [0.4164, 146916.0], [0.4165, 196673.0]], "timestamp": "2025-12-06T05:06:59.399431+00:00"}, {"symbol": "ADAUSDT", "bids": [[0.4144, 37315.0], [0.4143, 133037.0], [0.4142, 267084.0], [0.4141, 258396.0], [0.414, 174954.0], [0.4139, 192904.0], [0.4138, 332594.0], [0.4137, 225653.0], [0.4136, 231774.0], [0.4135, 293459.0], [0.4134, 215904.0], [0.4133, 284718.0], [0.4132, 244110.0], [0.4131, 230421.0], [0.413, 196046.0], [0.4129, 257040.0], [0.4128, 79817.0], [0.4127, 150954.0], [0.4126, 91592.0], [0.4125, 173135.0]], "asks": [[0.4145, 434090.0], [0.4146, 148760.0], [0.4147, 255372.0], [0.4148, 266018.0], [0.4149, 150269.0], [0.415, 120495.0], [0.4151, 153249.0], [0.4152, 157335.0], [0.4153, 159785.0], [0.4154, 148028.0], [0.4155, 200479.0], [0.4156, 192438.0], [0.4157, 299678.0], [0.4158, 155161.0], [0.4159, 179625.0], [0.416, 220820.0], [0.4161, 205584.0], [0.4162, 167942.0], [0.4163, 236658.0], [0.4164, 157113.0]], "timestamp": "2025-12-06T05:07:50.761292+00:00"}, {"symbol": "ADAUSDT", "bids": [[0.4144, 19892.0], [0.4143, 146550.0], [0.4142, 271843.0], [0.4141, 278346.0], [0.414, 152818.0], [0.4139, 239476.0], [0.4138, 246460.0], [0.4137, 303635.0], [0.4136, 231750.0], [0.4135, 258692.0], [0.4134, 232800.0], [0.4133, 262085.0], [0.4132, 249644.0], [0.4131, 230421.0], [0.413, 196528.0], [0.4129, 258004.0], [0.4128, 79817.0], [0.4127, 148554.0], [0.4126, 91592.0], [0.4125, 172653.0]], "asks": [[0.4145, 448567.0], [0.4146, 152561.0], [0.4147, 239925.0], [0.4148, 265929.0], [0.4149, 141036.0], [0.415, 130826.0], [0.4151, 213242.0], [0.4152, 100691.0], [0.4153, 143125.0], [0.4154, 152152.0], [0.4155, 175433.0], [0.4156, 151230.0], [0.4157, 197977.0], [0.4158, 269757.0], [0.4159, 179625.0], [0.416, 220820.0], [0.4161, 205584.0], [0.4162, 167942.0], [0.4163, 243088.0], [0.4164, 157499.0]], "timestamp": "2025-12-06T05:08:41.921535+00:00"}, {"symbol": "ADAUSDT", "bids": [[0.4146, 75904.0], [0.4145, 177543.0], [0.4144, 289909.0], [0.4143, 251842.0], [0.4142, 221955.0], [0.4141, 201539.0], [0.414, 193328.0], [0.4139, 263006.0], [0.4138, 265157.0], [0.4137, 326711.0], [0.4136, 197763.0], [0.4135, 232434.0], [0.4134, 221596.0], [0.4133, 314809.0], [0.4132, 215345.0], [0.4131, 109484.0], [0.413, 196716.0], [0.4129, 226386.0], [0.4128, 79817.0], [0.4127, 148554.0]], "asks": [[0.4147, 21477.0], [0.4148, 147560.0], [0.4149, 316156.0], [0.415, 237293.0], [0.4151, 169448.0], [0.4152, 186390.0], [0.4153, 143594.0], [0.4154, 113449.0], [0.4155, 182793.0], [0.4156, 154435.0], [0.4157, 189797.0], [0.4158, 276169.0], [0.4159, 192941.0], [0.416, 220820.0], [0.4161, 175584.0], [0.4162, 177811.0], [0.4163, 267108.0], [0.4164, 167718.0], [0.4165, 164560.0], [0.4166, 50831.0]], "timestamp": "2025-12-06T05:09:33.340678+00:00"}, {"symbol": "ADAUSDT", "bids": [[0.4145, 101427.0], [0.4144, 234711.0], [0.4143, 165405.0], [0.4142, 372789.0], [0.4141, 210560.0], [0.414, 201709.0], [0.4139, 258104.0], [0.4138, 250999.0], [0.4137, 315574.0], [0.4136, 201177.0], [0.4135, 226880.0], [0.4134, 222186.0], [0.4133, 359749.0], [0.4132, 217856.0], [0.4131, 113102.0], [0.413, 226703.0], [0.4129, 257125.0], [0.4128, 79817.0], [0.4127, 148554.0], [0.4126, 106432.0]], "asks": [[0.4146, 13267.0], [0.4147, 217904.0], [0.4148, 205646.0], [0.4149, 200958.0], [0.415, 230926.0], [0.4151, 156741.0], [0.4152, 88792.0], [0.4153, 222304.0], [0.4154, 113604.0], [0.4155, 182282.0], [0.4156, 211999.0], [0.4157, 202759.0], [0.4158, 270184.0], [0.4159, 179431.0], [0.416, 220820.0], [0.4161, 183415.0], [0.4162, 171278.0], [0.4163, 267108.0], [0.4164, 167719.0], [0.4165, 164768.0]], "timestamp": "2025-12-06T05:10:24.629903+00:00"}, {"symbol": "ADAUSDT", "bids": [[0.4145, 92733.0], [0.4144, 218291.0], [0.4143, 166758.0], [0.4142, 370010.0], [0.4141, 228377.0], [0.414, 237067.0], [0.4139, 240253.0], [0.4138, 225978.0], [0.4137, 295214.0], [0.4136, 187560.0], [0.4135, 226808.0], [0.4134, 215079.0], [0.4133, 343198.0], [0.4132, 212257.0], [0.4131, 103117.0], [0.413, 226834.0], [0.4129, 257125.0], [0.4128, 79817.0], [0.4127, 147868.0], [0.4126, 106432.0]], "asks": [[0.4146, 49784.0], [0.4147, 226315.0], [0.4148, 197905.0], [0.4149, 217493.0], [0.415, 137780.0], [0.4151, 160941.0], [0.4152, 88161.0], [0.4153, 222319.0], [0.4154, 113604.0], [0.4155, 178363.0], [0.4156, 182420.0], [0.4157, 206490.0], [0.4158, 169406.0], [0.4159, 295122.0], [0.416, 250820.0], [0.4161, 181614.0], [0.4162, 171278.0], [0.4163, 238508.0], [0.4164, 171415.0], [0.4165, 164560.0]], "timestamp": "2025-12-06T05:11:16.107398+00:00"}, {"symbol": "ADAUSDT", "bids": [[0.4144, 44493.0], [0.4143, 112468.0], [0.4142, 262889.0], [0.4141, 304778.0], [0.414, 229758.0], [0.4139, 194981.0], [0.4138, 302033.0], [0.4137, 278370.0], [0.4136, 190044.0], [0.4135, 226779.0], [0.4134, 196087.0], [0.4133, 255418.0], [0.4132, 336114.0], [0.4131, 134665.0], [0.413, 197036.0], [0.4129, 257002.0], [0.4128, 80269.0], [0.4127, 147928.0], [0.4126, 92215.0], [0.4125, 185133.0]], "asks": [[0.4145, 121382.0], [0.4146, 178863.0], [0.4147, 252357.0], [0.4148, 256952.0], [0.4149, 172414.0], [0.415, 83088.0], [0.4151, 159170.0], [0.4152, 114695.0], [0.4153, 222940.0], [0.4154, 142884.0], [0.4155, 175343.0], [0.4156, 181125.0], [0.4157, 176961.0], [0.4158, 168975.0], [0.4159, 295062.0], [0.416, 263406.0], [0.4161, 175569.0], [0.4162, 171263.0], [0.4163, 239939.0], [0.4164, 146931.0]], "timestamp": "2025-12-06T05:12:08.139813+00:00"}, {"symbol": "ADAUSDT", "bids": [[0.4144, 72153.0], [0.4143, 142648.0], [0.4142, 249069.0], [0.4141, 281118.0], [0.414, 215265.0], [0.4139, 169675.0], [0.4138, 387626.0], [0.4137, 253333.0], [0.4136, 215765.0], [0.4135, 223678.0], [0.4134, 225666.0], [0.4133, 249878.0], [0.4132, 236093.0], [0.4131, 157350.0], [0.413, 312752.0], [0.4129, 230718.0], [0.4128, 86321.0], [0.4127, 147928.0], [0.4126, 119027.0], [0.4125, 172655.0]], "asks": [[0.4145, 94789.0], [0.4146, 212182.0], [0.4147, 243900.0], [0.4148, 233777.0], [0.4149, 176691.0], [0.415, 89612.0], [0.4151, 142339.0], [0.4152, 163675.0], [0.4153, 197062.0], [0.4154, 108009.0], [0.4155, 200439.0], [0.4156, 181728.0], [0.4157, 191932.0], [0.4158, 269733.0], [0.4159, 179341.0], [0.416, 250820.0], [0.4161, 212295.0], [0.4162, 202495.0], [0.4163, 208074.0], [0.4164, 146946.0]], "timestamp": "2025-12-06T05:12:59.858496+00:00"}, {"symbol": "ADAUSDT", "bids": [[0.4146, 138130.0], [0.4145, 151074.0], [0.4144, 278628.0], [0.4143, 265258.0], [0.4142, 215709.0], [0.4141, 226561.0], [0.414, 277898.0], [0.4139, 171279.0], [0.4138, 259134.0], [0.4137, 264077.0], [0.4136, 197858.0], [0.4135, 242753.0], [0.4134, 322558.0], [0.4133, 189029.0], [0.4132, 214243.0], [0.4131, 135698.0], [0.413, 196102.0], [0.4129, 200461.0], [0.4128, 81433.0], [0.4127, 162298.0]], "asks": [[0.4147, 65249.0], [0.4148, 149937.0], [0.4149, 267581.0], [0.415, 178292.0], [0.4151, 174337.0], [0.4152, 101311.0], [0.4153, 177636.0], [0.4154, 186278.0], [0.4155, 176332.0], [0.4156, 181170.0], [0.4157, 176941.0], [0.4158, 169823.0], [0.4159, 192868.0], [0.416, 380745.0], [0.4161, 218828.0], [0.4162, 201909.0], [0.4163, 232091.0], [0.4164, 143747.0], [0.4165, 162764.0], [0.4166, 62091.0]], "timestamp": "2025-12-06T05:13:51.462940+00:00"}, {"symbol": "ADAUSDT", "bids": [[0.4146, 65199.0], [0.4145, 143783.0], [0.4144, 275336.0], [0.4143, 248183.0], [0.4142, 159377.0], [0.4141, 262022.0], [0.414, 279087.0], [0.4139, 178540.0], [0.4138, 365694.0], [0.4137, 290405.0], [0.4136, 174241.0], [0.4135, 164912.0], [0.4134, 306921.0], [0.4133, 183490.0], [0.4132, 214228.0], [0.4131, 135698.0], [0.413, 166019.0], [0.4129, 226894.0], [0.4128, 88699.0], [0.4127, 162298.0]], "asks": [[0.4147, 73501.0], [0.4148, 134847.0], [0.4149, 240520.0], [0.415, 188518.0], [0.4151, 141327.0], [0.4152, 109638.0], [0.4153, 183446.0], [0.4154, 187383.0], [0.4155, 176147.0], [0.4156, 182273.0], [0.4157, 177453.0], [0.4158, 170492.0], [0.4159, 198443.0], [0.416, 386803.0], [0.4161, 212881.0], [0.4162, 201924.0], [0.4163, 239829.0], [0.4164, 143762.0], [0.4165, 162764.0], [0.4166, 50816.0]], "timestamp": "2025-12-06T05:14:43.292556+00:00"}, {"symbol": "ADAUSDT", "bids": [[0.4146, 5895.0], [0.4145, 153846.0], [0.4144, 292224.0], [0.4143, 250581.0], [0.4142, 152359.0], [0.4141, 197985.0], [0.414, 232751.0], [0.4139, 269038.0], [0.4138, 258315.0], [0.4137, 269743.0], [0.4136, 189890.0], [0.4135, 278651.0], [0.4134, 217942.0], [0.4133, 315608.0], [0.4132, 215790.0], [0.4131, 135190.0], [0.413, 166802.0], [0.4129, 226894.0], [0.4128, 81433.0], [0.4127, 176127.0]], "asks": [[0.4147, 173911.0], [0.4148, 160092.0], [0.4149, 364211.0], [0.415, 107578.0], [0.4151, 151598.0], [0.4152, 93643.0], [0.4153, 239846.0], [0.4154, 97253.0], [0.4155, 176390.0], [0.4156, 157779.0], [0.4157, 203472.0], [0.4158, 156996.0], [0.4159, 183187.0], [0.416, 253177.0], [0.4161, 187116.0], [0.4162, 201909.0], [0.4163, 233296.0], [0.4164, 150175.0], [0.4165, 186810.0], [0.4166, 50816.0]], "timestamp": "2025-12-06T05:15:34.989838+00:00"}, {"symbol": "ADAUSDT", "bids": [[0.4145, 46348.0], [0.4144, 187288.0], [0.4143, 178026.0], [0.4142, 251956.0], [0.4141, 160134.0], [0.414, 229208.0], [0.4139, 307693.0], [0.4138, 267384.0], [0.4137, 257953.0], [0.4136, 172469.0], [0.4135, 295516.0], [0.4134, 238279.0], [0.4133, 207053.0], [0.4132, 336613.0], [0.4131, 128977.0], [0.413, 166772.0], [0.4129, 251098.0], [0.4128, 108463.0], [0.4127, 186406.0], [0.4126, 178470.0]], "asks": [[0.4146, 146854.0], [0.4147, 208753.0], [0.4148, 152146.0], [0.4149, 307802.0], [0.415, 95586.0], [0.4151, 148031.0], [0.4152, 154943.0], [0.4153, 215493.0], [0.4154, 134317.0], [0.4155, 206376.0], [0.4156, 176882.0], [0.4157, 178711.0], [0.4158, 158153.0], [0.4159, 255032.0], [0.416, 127807.0], [0.4161, 187101.0], [0.4162, 220908.0], [0.4163, 233296.0], [0.4164, 150190.0], [0.4165, 192800.0]], "timestamp": "2025-12-06T05:16:26.399104+00:00"}, {"symbol": "ADAUSDT", "bids": [[0.4142, 26849.0], [0.4141, 109096.0], [0.414, 272118.0], [0.4139, 346941.0], [0.4138, 197741.0], [0.4137, 223896.0], [0.4136, 303298.0], [0.4135, 185468.0], [0.4134, 241192.0], [0.4133, 247410.0], [0.4132, 164918.0], [0.4131, 283725.0], [0.413, 166203.0], [0.4129, 286381.0], [0.4128, 117819.0], [0.4127, 305806.0], [0.4126, 125817.0], [0.4125, 178092.0], [0.4124, 78123.0], [0.4123, 162029.0]], "asks": [[0.4143, 80540.0], [0.4144, 194751.0], [0.4145, 263111.0], [0.4146, 321987.0], [0.4147, 176146.0], [0.4148, 121534.0], [0.4149, 176050.0], [0.415, 157541.0], [0.4151, 155098.0], [0.4152, 143426.0], [0.4153, 138416.0], [0.4154, 84845.0], [0.4155, 199406.0], [0.4156, 336090.0], [0.4157, 172854.0], [0.4158, 136514.0], [0.4159, 163786.0], [0.416, 116611.0], [0.4161, 188214.0], [0.4162, 169863.0]], "timestamp": "2025-12-06T05:17:17.747955+00:00"}, {"symbol": "ADAUSDT", "bids": [[0.414, 19819.0], [0.4139, 122621.0], [0.4138, 241442.0], [0.4137, 275701.0], [0.4136, 285430.0], [0.4135, 238345.0], [0.4134, 199179.0], [0.4133, 251151.0], [0.4132, 192214.0], [0.4131, 221302.0], [0.413, 342819.0], [0.4129, 99352.0], [0.4128, 102115.0], [0.4127, 353061.0], [0.4126, 128286.0], [0.4125, 184943.0], [0.4124, 166697.0], [0.4123, 173129.0], [0.4122, 365393.0], [0.4121, 283225.0]], "asks": [[0.4141, 73919.0], [0.4142, 268829.0], [0.4143, 351856.0], [0.4144, 262237.0], [0.4145, 175128.0], [0.4146, 164337.0], [0.4147, 192719.0], [0.4148, 102356.0], [0.4149, 172621.0], [0.415, 156873.0], [0.4151, 139206.0], [0.4152, 135500.0], [0.4153, 137949.0], [0.4154, 101447.0], [0.4155, 212963.0], [0.4156, 339801.0], [0.4157, 164926.0], [0.4158, 126628.0], [0.4159, 138798.0], [0.416, 116626.0]], "timestamp": "2025-12-06T05:18:09.148557+00:00"}, {"symbol": "ADAUSDT", "bids": [[0.4142, 129131.0], [0.4141, 170629.0], [0.414, 270253.0], [0.4139, 194354.0], [0.4138, 195340.0], [0.4137, 205357.0], [0.4136, 224162.0], [0.4135, 183397.0], [0.4134, 261059.0], [0.4133, 262547.0], [0.4132, 194541.0], [0.4131, 194999.0], [0.413, 188017.0], [0.4129, 205385.0], [0.4128, 178830.0], [0.4127, 144797.0], [0.4126, 122527.0], [0.4125, 175005.0], [0.4124, 172407.0], [0.4123, 172848.0]], "asks": [[0.4143, 19474.0], [0.4144, 106114.0], [0.4145, 359081.0], [0.4146, 296426.0], [0.4147, 189259.0], [0.4148, 125056.0], [0.4149, 169014.0], [0.415, 146166.0], [0.4151, 134154.0], [0.4152, 179744.0], [0.4153, 286254.0], [0.4154, 144830.0], [0.4155, 202253.0], [0.4156, 171649.0], [0.4157, 163561.0], [0.4158, 166348.0], [0.4159, 142706.0], [0.416, 145508.0], [0.4161, 254936.0], [0.4162, 135591.0]], "timestamp": "2025-12-06T05:19:00.744967+00:00"}, {"symbol": "ADAUSDT", "bids": [[0.4143, 21746.0], [0.4142, 134564.0], [0.4141, 202367.0], [0.414, 374670.0], [0.4139, 127411.0], [0.4138, 211059.0], [0.4137, 202815.0], [0.4136, 160716.0], [0.4135, 229615.0], [0.4134, 232879.0], [0.4133, 241072.0], [0.4132, 194525.0], [0.4131, 192999.0], [0.413, 187728.0], [0.4129, 309273.0], [0.4128, 76764.0], [0.4127, 191165.0], [0.4126, 122954.0], [0.4125, 160657.0], [0.4124, 162998.0]], "asks": [[0.4144, 186479.0], [0.4145, 256535.0], [0.4146, 227600.0], [0.4147, 284281.0], [0.4148, 137479.0], [0.4149, 237644.0], [0.415, 99193.0], [0.4151, 134140.0], [0.4152, 140612.0], [0.4153, 190557.0], [0.4154, 147791.0], [0.4155, 317455.0], [0.4156, 185849.0], [0.4157, 163575.0], [0.4158, 166361.0], [0.4159, 143202.0], [0.416, 145985.0], [0.4161, 163253.0], [0.4162, 145693.0], [0.4163, 265142.0]], "timestamp": "2025-12-06T05:19:52.770917+00:00"}, {"symbol": "ADAUSDT", "bids": [[0.4146, 15723.0], [0.4145, 137963.0], [0.4144, 303508.0], [0.4143, 292027.0], [0.4142, 228431.0], [0.4141, 228039.0], [0.414, 244983.0], [0.4139, 138954.0], [0.4138, 202625.0], [0.4137, 181159.0], [0.4136, 144820.0], [0.4135, 142303.0], [0.4134, 236191.0], [0.4133, 441090.0], [0.4132, 172034.0], [0.4131, 195423.0], [0.413, 147022.0], [0.4129, 92014.0], [0.4128, 91815.0], [0.4127, 226305.0]], "asks": [[0.4147, 102458.0], [0.4148, 121704.0], [0.4149, 283994.0], [0.415, 179731.0], [0.4151, 162553.0], [0.4152, 161559.0], [0.4153, 141686.0], [0.4154, 90152.0], [0.4155, 238949.0], [0.4156, 109952.0], [0.4157, 212730.0], [0.4158, 187561.0], [0.4159, 170442.0], [0.416, 239114.0], [0.4161, 170358.0], [0.4162, 177592.0], [0.4163, 237282.0], [0.4164, 176677.0], [0.4165, 188401.0], [0.4166, 88463.0]], "timestamp": "2025-12-06T05:20:44.429116+00:00"}, {"symbol": "ADAUSDT", "bids": [[0.4143, 134351.0], [0.4142, 217420.0], [0.4141, 203332.0], [0.414, 318989.0], [0.4139, 149358.0], [0.4138, 316421.0], [0.4137, 155952.0], [0.4136, 161426.0], [0.4135, 146696.0], [0.4134, 261190.0], [0.4133, 374482.0], [0.4132, 215874.0], [0.4131, 198396.0], [0.413, 306115.0], [0.4129, 108528.0], [0.4128, 118857.0], [0.4127, 222244.0], [0.4126, 98838.0], [0.4125, 180800.0], [0.4124, 165604.0]], "asks": [[0.4144, 4910.0], [0.4145, 209362.0], [0.4146, 254809.0], [0.4147, 383572.0], [0.4148, 159771.0], [0.4149, 191982.0], [0.415, 151695.0], [0.4151, 258554.0], [0.4152, 103902.0], [0.4153, 231867.0], [0.4154, 132491.0], [0.4155, 167992.0], [0.4156, 75197.0], [0.4157, 157347.0], [0.4158, 119399.0], [0.4159, 180046.0], [0.416, 226559.0], [0.4161, 155053.0], [0.4162, 165777.0], [0.4163, 238532.0]], "timestamp": "2025-12-06T05:21:35.953381+00:00"}, {"symbol": "ADAUSDT", "bids": [[0.4143, 19535.0], [0.4142, 166840.0], [0.4141, 212793.0], [0.414, 315188.0], [0.4139, 132756.0], [0.4138, 191575.0], [0.4137, 241763.0], [0.4136, 213344.0], [0.4135, 166641.0], [0.4134, 266326.0], [0.4133, 368768.0], [0.4132, 188203.0], [0.4131, 210630.0], [0.413, 311490.0], [0.4129, 103144.0], [0.4128, 143026.0], [0.4127, 222214.0], [0.4126, 98838.0], [0.4125, 188513.0], [0.4124, 195609.0]], "asks": [[0.4144, 104840.0], [0.4145, 254633.0], [0.4146, 219972.0], [0.4147, 375203.0], [0.4148, 156786.0], [0.4149, 168884.0], [0.415, 153525.0], [0.4151, 240512.0], [0.4152, 124330.0], [0.4153, 197415.0], [0.4154, 166514.0], [0.4155, 172600.0], [0.4156, 99551.0], [0.4157, 266632.0], [0.4158, 119399.0], [0.4159, 168607.0], [0.416, 110853.0], [0.4161, 179066.0], [0.4162, 165762.0], [0.4163, 238532.0]], "timestamp": "2025-12-06T05:22:27.623273+00:00"}, {"symbol": "ADAUSDT", "bids": [[0.4143, 139648.0], [0.4142, 234182.0], [0.4141, 197052.0], [0.414, 316984.0], [0.4139, 162704.0], [0.4138, 174150.0], [0.4137, 172497.0], [0.4136, 269160.0], [0.4135, 153096.0], [0.4134, 233343.0], [0.4133, 271045.0], [0.4132, 225949.0], [0.4131, 207472.0], [0.413, 272646.0], [0.4129, 209057.0], [0.4128, 128368.0], [0.4127, 241174.0], [0.4126, 97545.0], [0.4125, 184841.0], [0.4124, 187763.0]], "asks": [[0.4144, 30506.0], [0.4145, 190445.0], [0.4146, 316498.0], [0.4147, 309763.0], [0.4148, 156321.0], [0.4149, 176389.0], [0.415, 142274.0], [0.4151, 261332.0], [0.4152, 99062.0], [0.4153, 212319.0], [0.4154, 229118.0], [0.4155, 286362.0], [0.4156, 113442.0], [0.4157, 163834.0], [0.4158, 76768.0], [0.4159, 169306.0], [0.416, 134774.0], [0.4161, 186658.0], [0.4162, 145738.0], [0.4163, 292916.0]], "timestamp": "2025-12-06T05:23:19.154886+00:00"}, {"symbol": "ADAUSDT", "bids": [[0.4143, 127801.0], [0.4142, 174504.0], [0.4141, 211088.0], [0.414, 325459.0], [0.4139, 247516.0], [0.4138, 198222.0], [0.4137, 226579.0], [0.4136, 250569.0], [0.4135, 151801.0], [0.4134, 255330.0], [0.4133, 271256.0], [0.4132, 182696.0], [0.4131, 196436.0], [0.413, 282767.0], [0.4129, 209399.0], [0.4128, 128368.0], [0.4127, 241174.0], [0.4126, 97545.0], [0.4125, 184841.0], [0.4124, 187763.0]], "asks": [[0.4144, 9167.0], [0.4145, 179238.0], [0.4146, 289291.0], [0.4147, 197263.0], [0.4148, 265718.0], [0.4149, 188140.0], [0.415, 206013.0], [0.4151, 229971.0], [0.4152, 99062.0], [0.4153, 213525.0], [0.4154, 220261.0], [0.4155, 190174.0], [0.4156, 229204.0], [0.4157, 158551.0], [0.4158, 76768.0], [0.4159, 169306.0], [0.416, 135256.0], [0.4161, 156658.0], [0.4162, 175738.0], [0.4163, 217644.0]], "timestamp": "2025-12-06T05:24:10.567083+00:00"}, {"symbol": "ADAUSDT", "bids": [[0.4145, 3324.0], [0.4144, 132858.0], [0.4143, 217400.0], [0.4142, 259709.0], [0.4141, 216526.0], [0.414, 184377.0], [0.4139, 275566.0], [0.4138, 275279.0], [0.4137, 205717.0], [0.4136, 204768.0], [0.4135, 112340.0], [0.4134, 242908.0], [0.4133, 262318.0], [0.4132, 401485.0], [0.4131, 176637.0], [0.413, 166151.0], [0.4129, 123389.0], [0.4128, 92005.0], [0.4127, 220707.0], [0.4126, 100258.0]], "asks": [[0.4146, 66256.0], [0.4147, 217501.0], [0.4148, 294890.0], [0.4149, 278457.0], [0.415, 147704.0], [0.4151, 158936.0], [0.4152, 116469.0], [0.4153, 272503.0], [0.4154, 224911.0], [0.4155, 193198.0], [0.4156, 118135.0], [0.4157, 167592.0], [0.4158, 135488.0], [0.4159, 285022.0], [0.416, 122019.0], [0.4161, 163441.0], [0.4162, 175768.0], [0.4163, 237330.0], [0.4164, 140022.0], [0.4165, 171463.0]], "timestamp": "2025-12-06T05:25:02.112050+00:00"}, {"symbol": "ADAUSDT", "bids": [[0.4141, 121191.0], [0.414, 217440.0], [0.4139, 256322.0], [0.4138, 329089.0], [0.4137, 210177.0], [0.4136, 189426.0], [0.4135, 201530.0], [0.4134, 266145.0], [0.4133, 231731.0], [0.4132, 207527.0], [0.4131, 324082.0], [0.413, 184650.0], [0.4129, 243323.0], [0.4128, 111182.0], [0.4127, 261614.0], [0.4126, 104006.0], [0.4125, 178370.0], [0.4124, 184979.0], [0.4123, 203684.0], [0.4122, 161555.0]], "asks": [[0.4142, 12654.0], [0.4143, 195707.0], [0.4144, 265758.0], [0.4145, 308458.0], [0.4146, 151883.0], [0.4147, 172270.0], [0.4148, 165729.0], [0.4149, 245048.0], [0.415, 133588.0], [0.4151, 192083.0], [0.4152, 146414.0], [0.4153, 164732.0], [0.4154, 216962.0], [0.4155, 290158.0], [0.4156, 85734.0], [0.4157, 156832.0], [0.4158, 76755.0], [0.4159, 164435.0], [0.416, 127534.0], [0.4161, 156878.0]], "timestamp": "2025-12-06T05:25:53.613835+00:00"}, {"symbol": "ADAUSDT", "bids": [[0.414, 114236.0], [0.4139, 141650.0], [0.4138, 178916.0], [0.4137, 336942.0], [0.4136, 188963.0], [0.4135, 184660.0], [0.4134, 302112.0], [0.4133, 278404.0], [0.4132, 197048.0], [0.4131, 245670.0], [0.413, 238581.0], [0.4129, 126026.0], [0.4128, 113285.0], [0.4127, 290810.0], [0.4126, 209956.0], [0.4125, 179553.0], [0.4124, 215844.0], [0.4123, 198048.0], [0.4122, 228784.0], [0.4121, 205269.0]], "asks": [[0.4141, 14581.0], [0.4142, 133008.0], [0.4143, 281462.0], [0.4144, 305596.0], [0.4145, 253770.0], [0.4146, 208028.0], [0.4147, 230650.0], [0.4148, 143147.0], [0.4149, 169288.0], [0.415, 138219.0], [0.4151, 192457.0], [0.4152, 91490.0], [0.4153, 279290.0], [0.4154, 166223.0], [0.4155, 174326.0], [0.4156, 120757.0], [0.4157, 153352.0], [0.4158, 100753.0], [0.4159, 165775.0], [0.416, 113211.0]], "timestamp": "2025-12-06T05:26:46.138303+00:00"}, {"symbol": "ADAUSDT", "bids": [[0.4139, 93446.0], [0.4138, 160382.0], [0.4137, 243370.0], [0.4136, 318766.0], [0.4135, 185163.0], [0.4134, 259306.0], [0.4133, 284407.0], [0.4132, 197091.0], [0.4131, 262379.0], [0.413, 236236.0], [0.4129, 109590.0], [0.4128, 115691.0], [0.4127, 288603.0], [0.4126, 240747.0], [0.4125, 190278.0], [0.4124, 185639.0], [0.4123, 191838.0], [0.4122, 228824.0], [0.4121, 206482.0], [0.412, 199042.0]], "asks": [[0.414, 90923.0], [0.4141, 209124.0], [0.4142, 240591.0], [0.4143, 377406.0], [0.4144, 171710.0], [0.4145, 193638.0], [0.4146, 139164.0], [0.4147, 239826.0], [0.4148, 244490.0], [0.4149, 175582.0], [0.415, 133161.0], [0.4151, 173430.0], [0.4152, 78940.0], [0.4153, 180596.0], [0.4154, 257007.0], [0.4155, 175352.0], [0.4156, 120740.0], [0.4157, 153352.0], [0.4158, 100766.0], [0.4159, 160496.0]], "timestamp": "2025-12-06T05:27:37.889693+00:00"}, {"symbol": "ADAUSDT", "bids": [[0.414, 130734.0], [0.4139, 178168.0], [0.4138, 217483.0], [0.4137, 256084.0], [0.4136, 182707.0], [0.4135, 278979.0], [0.4134, 275937.0], [0.4133, 278849.0], [0.4132, 138485.0], [0.4131, 248730.0], [0.413, 222625.0], [0.4129, 136094.0], [0.4128, 249663.0], [0.4127, 173396.0], [0.4126, 218999.0], [0.4125, 179553.0], [0.4124, 178743.0], [0.4123, 194134.0], [0.4122, 228824.0], [0.4121, 207036.0]], "asks": [[0.4141, 20021.0], [0.4142, 143464.0], [0.4143, 312215.0], [0.4144, 280266.0], [0.4145, 197525.0], [0.4146, 149054.0], [0.4147, 245212.0], [0.4148, 214902.0], [0.4149, 176404.0], [0.415, 164954.0], [0.4151, 192365.0], [0.4152, 90978.0], [0.4153, 279806.0], [0.4154, 141175.0], [0.4155, 175352.0], [0.4156, 120740.0], [0.4157, 159885.0], [0.4158, 100766.0], [0.4159, 184540.0], [0.416, 112814.0]], "timestamp": "2025-12-06T05:28:29.393335+00:00"}, {"symbol": "ADAUSDT", "bids": [[0.4141, 103738.0], [0.414, 183569.0], [0.4139, 243242.0], [0.4138, 307975.0], [0.4137, 182392.0], [0.4136, 220387.0], [0.4135, 297579.0], [0.4134, 261235.0], [0.4133, 245027.0], [0.4132, 150448.0], [0.4131, 217302.0], [0.413, 140059.0], [0.4129, 251480.0], [0.4128, 139237.0], [0.4127, 180886.0], [0.4126, 222734.0], [0.4125, 174925.0], [0.4124, 164639.0], [0.4123, 184532.0], [0.4122, 240100.0]], "asks": [[0.4142, 20581.0], [0.4143, 235239.0], [0.4144, 211445.0], [0.4145, 204856.0], [0.4146, 242454.0], [0.4147, 248158.0], [0.4148, 217566.0], [0.4149, 184429.0], [0.415, 132975.0], [0.4151, 198102.0], [0.4152, 126898.0], [0.4153, 150165.0], [0.4154, 151443.0], [0.4155, 275474.0], [0.4156, 120740.0], [0.4157, 159900.0], [0.4158, 100781.0], [0.4159, 184540.0], [0.416, 102934.0], [0.4161, 147244.0]], "timestamp": "2025-12-06T05:29:21.070511+00:00"}, {"symbol": "ADAUSDT", "bids": [[0.4142, 82740.0], [0.4141, 152085.0], [0.414, 241721.0], [0.4139, 299388.0], [0.4138, 155427.0], [0.4137, 239337.0], [0.4136, 279270.0], [0.4135, 173532.0], [0.4134, 230659.0], [0.4133, 268304.0], [0.4132, 159047.0], [0.4131, 292183.0], [0.413, 369254.0], [0.4129, 119129.0], [0.4128, 97090.0], [0.4127, 143909.0], [0.4126, 132953.0], [0.4125, 169222.0], [0.4124, 191625.0], [0.4123, 179714.0]], "asks": [[0.4143, 19105.0], [0.4144, 180057.0], [0.4145, 300512.0], [0.4146, 259304.0], [0.4147, 218629.0], [0.4148, 150050.0], [0.4149, 182803.0], [0.415, 182806.0], [0.4151, 194849.0], [0.4152, 160629.0], [0.4153, 193509.0], [0.4154, 175593.0], [0.4155, 275204.0], [0.4156, 120008.0], [0.4157, 164175.0], [0.4158, 104403.0], [0.4159, 160111.0], [0.416, 129008.0], [0.4161, 134839.0], [0.4162, 171173.0]], "timestamp": "2025-12-06T05:30:12.762403+00:00"}, {"symbol": "ADAUSDT", "bids": [[0.4141, 77530.0], [0.414, 189607.0], [0.4139, 238968.0], [0.4138, 296054.0], [0.4137, 208548.0], [0.4136, 188837.0], [0.4135, 249221.0], [0.4134, 261985.0], [0.4133, 224105.0], [0.4132, 167603.0], [0.4131, 267738.0], [0.413, 279285.0], [0.4129, 236431.0], [0.4128, 108152.0], [0.4127, 158652.0], [0.4126, 132953.0], [0.4125, 193466.0], [0.4124, 191625.0], [0.4123, 179023.0], [0.4122, 229267.0]], "asks": [[0.4142, 88783.0], [0.4143, 205174.0], [0.4144, 209892.0], [0.4145, 378344.0], [0.4146, 137498.0], [0.4147, 212678.0], [0.4148, 172730.0], [0.4149, 274651.0], [0.415, 103152.0], [0.4151, 181641.0], [0.4152, 128496.0], [0.4153, 149574.0], [0.4154, 151859.0], [0.4155, 274773.0], [0.4156, 127137.0], [0.4157, 193196.0], [0.4158, 104885.0], [0.4159, 160096.0], [0.416, 135442.0], [0.4161, 134839.0]], "timestamp": "2025-12-06T05:31:04.594839+00:00"}, {"symbol": "ADAUSDT", "bids": [[0.4141, 76750.0], [0.414, 190734.0], [0.4139, 231390.0], [0.4138, 294081.0], [0.4137, 213971.0], [0.4136, 190161.0], [0.4135, 261682.0], [0.4134, 256984.0], [0.4133, 190170.0], [0.4132, 167356.0], [0.4131, 273364.0], [0.413, 290526.0], [0.4129, 237475.0], [0.4128, 108080.0], [0.4127, 185694.0], [0.4126, 133025.0], [0.4125, 193453.0], [0.4124, 191625.0], [0.4123, 179023.0], [0.4122, 229267.0]], "asks": [[0.4142, 64835.0], [0.4143, 195311.0], [0.4144, 201981.0], [0.4145, 359394.0], [0.4146, 184590.0], [0.4147, 185439.0], [0.4148, 172760.0], [0.4149, 267247.0], [0.415, 103152.0], [0.4151, 181641.0], [0.4152, 134306.0], [0.4153, 149574.0], [0.4154, 175859.0], [0.4155, 303808.0], [0.4156, 127137.0], [0.4157, 193196.0], [0.4158, 104403.0], [0.4159, 160096.0], [0.416, 135096.0], [0.4161, 128231.0]], "timestamp": "2025-12-06T05:31:55.914043+00:00"}, {"symbol": "ADAUSDT", "bids": [[0.4142, 7043.0], [0.4141, 85571.0], [0.414, 281559.0], [0.4139, 215889.0], [0.4138, 275486.0], [0.4137, 197393.0], [0.4136, 232397.0], [0.4135, 201995.0], [0.4134, 278241.0], [0.4133, 242008.0], [0.4132, 155177.0], [0.4131, 257717.0], [0.413, 284426.0], [0.4129, 256142.0], [0.4128, 103126.0], [0.4127, 185681.0], [0.4126, 132953.0], [0.4125, 169222.0], [0.4124, 191816.0], [0.4123, 180891.0]], "asks": [[0.4143, 145792.0], [0.4144, 227415.0], [0.4145, 333369.0], [0.4146, 285988.0], [0.4147, 195209.0], [0.4148, 158701.0], [0.4149, 236574.0], [0.415, 127640.0], [0.4151, 202452.0], [0.4152, 134261.0], [0.4153, 168501.0], [0.4154, 175948.0], [0.4155, 303808.0], [0.4156, 129605.0], [0.4157, 193196.0], [0.4158, 104403.0], [0.4159, 160096.0], [0.416, 135096.0], [0.4161, 128231.0], [0.4162, 150048.0]], "timestamp": "2025-12-06T05:32:47.283152+00:00"}, {"symbol": "ADAUSDT", "bids": [[0.4138, 125751.0], [0.4137, 131226.0], [0.4136, 298966.0], [0.4135, 225222.0], [0.4134, 188485.0], [0.4133, 362770.0], [0.4132, 235747.0], [0.4131, 217509.0], [0.413, 179966.0], [0.4129, 162799.0], [0.4128, 189130.0], [0.4127, 223712.0], [0.4126, 281454.0], [0.4125, 328014.0], [0.4124, 168462.0], [0.4123, 191485.0], [0.4122, 227060.0], [0.4121, 200923.0], [0.412, 151752.0], [0.4119, 174754.0]], "asks": [[0.4139, 26888.0], [0.414, 156184.0], [0.4141, 299872.0], [0.4142, 285193.0], [0.4143, 166553.0], [0.4144, 139457.0], [0.4145, 221586.0], [0.4146, 158435.0], [0.4147, 264534.0], [0.4148, 163033.0], [0.4149, 174844.0], [0.415, 85002.0], [0.4151, 152940.0], [0.4152, 127855.0], [0.4153, 279307.0], [0.4154, 141807.0], [0.4155, 173764.0], [0.4156, 136239.0], [0.4157, 201607.0], [0.4158, 103985.0]], "timestamp": "2025-12-06T05:33:38.819055+00:00"}, {"symbol": "ADAUSDT", "bids": [[0.4133, 166919.0], [0.4132, 197541.0], [0.4131, 178541.0], [0.413, 295042.0], [0.4129, 191151.0], [0.4128, 164610.0], [0.4127, 221329.0], [0.4126, 213938.0], [0.4125, 342085.0], [0.4124, 225054.0], [0.4123, 162583.0], [0.4122, 138077.0], [0.4121, 324894.0], [0.412, 131945.0], [0.4119, 171717.0], [0.4118, 232387.0], [0.4117, 105264.0], [0.4116, 236440.0], [0.4115, 230259.0], [0.4114, 422772.0]], "asks": [[0.4134, 22046.0], [0.4135, 157009.0], [0.4136, 183779.0], [0.4137, 372724.0], [0.4138, 146054.0], [0.4139, 211181.0], [0.414, 163181.0], [0.4141, 181605.0], [0.4142, 138322.0], [0.4143, 171305.0], [0.4144, 143366.0], [0.4145, 183914.0], [0.4146, 187593.0], [0.4147, 144810.0], [0.4148, 108723.0], [0.4149, 168350.0], [0.415, 82314.0], [0.4151, 199659.0], [0.4152, 241295.0], [0.4153, 189815.0]], "timestamp": "2025-12-06T05:34:30.098002+00:00"}, {"symbol": "ADAUSDT", "bids": [[0.4136, 81981.0], [0.4135, 112224.0], [0.4134, 319128.0], [0.4133, 335567.0], [0.4132, 149867.0], [0.4131, 143010.0], [0.413, 202989.0], [0.4129, 265064.0], [0.4128, 162108.0], [0.4127, 240842.0], [0.4126, 180798.0], [0.4125, 249224.0], [0.4124, 101737.0], [0.4123, 261414.0], [0.4122, 100193.0], [0.4121, 291462.0], [0.412, 143563.0], [0.4119, 189438.0], [0.4118, 201845.0], [0.4117, 113707.0]], "asks": [[0.4137, 76304.0], [0.4138, 154458.0], [0.4139, 302121.0], [0.414, 298584.0], [0.4141, 192600.0], [0.4142, 141402.0], [0.4143, 243526.0], [0.4144, 124391.0], [0.4145, 162444.0], [0.4146, 117993.0], [0.4147, 174033.0], [0.4148, 125847.0], [0.4149, 297593.0], [0.415, 96042.0], [0.4151, 191330.0], [0.4152, 126192.0], [0.4153, 209214.0], [0.4154, 139061.0], [0.4155, 179083.0], [0.4156, 209871.0]], "timestamp": "2025-12-06T05:35:21.300974+00:00"}, {"symbol": "ADAUSDT", "bids": [[0.4138, 5808.0], [0.4137, 103778.0], [0.4136, 286551.0], [0.4135, 185796.0], [0.4134, 353788.0], [0.4133, 208177.0], [0.4132, 216000.0], [0.4131, 181742.0], [0.413, 195742.0], [0.4129, 165148.0], [0.4128, 180298.0], [0.4127, 229646.0], [0.4126, 243435.0], [0.4125, 200379.0], [0.4124, 65039.0], [0.4123, 126030.0], [0.4122, 114151.0], [0.4121, 306462.0], [0.412, 136797.0], [0.4119, 150991.0]], "asks": [[0.4139, 124351.0], [0.414, 308771.0], [0.4141, 344969.0], [0.4142, 162736.0], [0.4143, 205683.0], [0.4144, 123640.0], [0.4145, 188363.0], [0.4146, 140184.0], [0.4147, 182291.0], [0.4148, 103132.0], [0.4149, 197984.0], [0.415, 96255.0], [0.4151, 201711.0], [0.4152, 205827.0], [0.4153, 224226.0], [0.4154, 104261.0], [0.4155, 203719.0], [0.4156, 217167.0], [0.4157, 165139.0], [0.4158, 160718.0]], "timestamp": "2025-12-06T05:36:13.713676+00:00"}, {"symbol": "ADAUSDT", "bids": [[0.4138, 78649.0], [0.4137, 144917.0], [0.4136, 269032.0], [0.4135, 261013.0], [0.4134, 239552.0], [0.4133, 230951.0], [0.4132, 231002.0], [0.4131, 199109.0], [0.413, 194417.0], [0.4129, 154010.0], [0.4128, 184812.0], [0.4127, 172272.0], [0.4126, 127712.0], [0.4125, 316264.0], [0.4124, 65039.0], [0.4123, 131313.0], [0.4122, 144151.0], [0.4121, 306462.0], [0.412, 127415.0], [0.4119, 165982.0]], "asks": [[0.4139, 97440.0], [0.414, 181325.0], [0.4141, 262879.0], [0.4142, 267181.0], [0.4143, 210998.0], [0.4144, 123671.0], [0.4145, 248376.0], [0.4146, 67721.0], [0.4147, 181345.0], [0.4148, 132911.0], [0.4149, 197984.0], [0.415, 96255.0], [0.4151, 201711.0], [0.4152, 205827.0], [0.4153, 224226.0], [0.4154, 104245.0], [0.4155, 203719.0], [0.4156, 217650.0], [0.4157, 170499.0], [0.4158, 160718.0]], "timestamp": "2025-12-06T05:37:05.788669+00:00"}, {"symbol": "ADAUSDT", "bids": [[0.4139, 101025.0], [0.4138, 169413.0], [0.4137, 213013.0], [0.4136, 343521.0], [0.4135, 157982.0], [0.4134, 213970.0], [0.4133, 323836.0], [0.4132, 198572.0], [0.4131, 203645.0], [0.413, 153867.0], [0.4129, 110428.0], [0.4128, 209031.0], [0.4127, 165205.0], [0.4126, 245711.0], [0.4125, 313181.0], [0.4124, 80337.0], [0.4123, 129469.0], [0.4122, 117505.0], [0.4121, 283573.0], [0.412, 151087.0]], "asks": [[0.414, 20431.0], [0.4141, 201930.0], [0.4142, 239591.0], [0.4143, 316080.0], [0.4144, 127019.0], [0.4145, 153090.0], [0.4146, 87349.0], [0.4147, 253202.0], [0.4148, 103241.0], [0.4149, 203971.0], [0.415, 112316.0], [0.4151, 221883.0], [0.4152, 220517.0], [0.4153, 224196.0], [0.4154, 100620.0], [0.4155, 220796.0], [0.4156, 248369.0], [0.4157, 158951.0], [0.4158, 104196.0], [0.4159, 160234.0]], "timestamp": "2025-12-06T05:37:58.321970+00:00"}, {"symbol": "ADAUSDT", "bids": [[0.4142, 106933.0], [0.4141, 168255.0], [0.414, 320782.0], [0.4139, 293374.0], [0.4138, 194653.0], [0.4137, 229947.0], [0.4136, 247235.0], [0.4135, 135821.0], [0.4134, 192333.0], [0.4133, 233526.0], [0.4132, 220116.0], [0.4131, 229929.0], [0.413, 246609.0], [0.4129, 199171.0], [0.4128, 127609.0], [0.4127, 148068.0], [0.4126, 125489.0], [0.4125, 218831.0], [0.4124, 112346.0], [0.4123, 148697.0]], "asks": [[0.4143, 6151.0], [0.4144, 67886.0], [0.4145, 231626.0], [0.4146, 227240.0], [0.4147, 183468.0], [0.4148, 86875.0], [0.4149, 177773.0], [0.415, 199662.0], [0.4151, 168920.0], [0.4152, 122654.0], [0.4153, 198930.0], [0.4154, 122992.0], [0.4155, 283396.0], [0.4156, 390516.0], [0.4157, 167631.0], [0.4158, 153509.0], [0.4159, 149781.0], [0.416, 127571.0], [0.4161, 127850.0], [0.4162, 86685.0]], "timestamp": "2025-12-06T05:38:50.516210+00:00"}, {"symbol": "ADAUSDT", "bids": [[0.4141, 38430.0], [0.414, 147611.0], [0.4139, 200047.0], [0.4138, 344120.0], [0.4137, 189059.0], [0.4136, 154812.0], [0.4135, 144782.0], [0.4134, 287159.0], [0.4133, 247950.0], [0.4132, 184028.0], [0.4131, 164408.0], [0.413, 185009.0], [0.4129, 281898.0], [0.4128, 283260.0], [0.4127, 142755.0], [0.4126, 125783.0], [0.4125, 249612.0], [0.4124, 112373.0], [0.4123, 134786.0], [0.4122, 107997.0]], "asks": [[0.4142, 54283.0], [0.4143, 230107.0], [0.4144, 219069.0], [0.4145, 239496.0], [0.4146, 90160.0], [0.4147, 166988.0], [0.4148, 145725.0], [0.4149, 182164.0], [0.415, 130770.0], [0.4151, 162957.0], [0.4152, 149067.0], [0.4153, 211130.0], [0.4154, 211591.0], [0.4155, 240356.0], [0.4156, 268824.0], [0.4157, 164412.0], [0.4158, 146825.0], [0.4159, 147230.0], [0.416, 127571.0], [0.4161, 143913.0]], "timestamp": "2025-12-06T05:39:42.134415+00:00"}, {"symbol": "ADAUSDT", "bids": [[0.4142, 120722.0], [0.4141, 148516.0], [0.414, 290739.0], [0.4139, 269213.0], [0.4138, 192099.0], [0.4137, 209412.0], [0.4136, 177106.0], [0.4135, 209850.0], [0.4134, 228494.0], [0.4133, 252402.0], [0.4132, 170527.0], [0.4131, 163985.0], [0.413, 185367.0], [0.4129, 340774.0], [0.4128, 168319.0], [0.4127, 142728.0], [0.4126, 149774.0], [0.4125, 218806.0], [0.4124, 112195.0], [0.4123, 134732.0]], "asks": [[0.4143, 23296.0], [0.4144, 192681.0], [0.4145, 235467.0], [0.4146, 168561.0], [0.4147, 160347.0], [0.4148, 95204.0], [0.4149, 153388.0], [0.415, 193573.0], [0.4151, 166701.0], [0.4152, 149416.0], [0.4153, 198951.0], [0.4154, 123038.0], [0.4155, 258548.0], [0.4156, 384495.0], [0.4157, 164412.0], [0.4158, 153479.0], [0.4159, 171270.0], [0.416, 128053.0], [0.4161, 143913.0], [0.4162, 155063.0]], "timestamp": "2025-12-06T05:40:33.601977+00:00"}, {"symbol": "ADAUSDT", "bids": [[0.4143, 46423.0], [0.4142, 177446.0], [0.4141, 195303.0], [0.414, 323845.0], [0.4139, 140547.0], [0.4138, 217412.0], [0.4137, 269641.0], [0.4136, 167060.0], [0.4135, 169769.0], [0.4134, 227361.0], [0.4133, 247293.0], [0.4132, 237476.0], [0.4131, 173968.0], [0.413, 312981.0], [0.4129, 218596.0], [0.4128, 126212.0], [0.4127, 194538.0], [0.4126, 204934.0], [0.4125, 162086.0], [0.4124, 133558.0]], "asks": [[0.4144, 80428.0], [0.4145, 178547.0], [0.4146, 236440.0], [0.4147, 241032.0], [0.4148, 100112.0], [0.4149, 151684.0], [0.415, 124239.0], [0.4151, 239855.0], [0.4152, 149684.0], [0.4153, 177905.0], [0.4154, 112816.0], [0.4155, 235356.0], [0.4156, 268124.0], [0.4157, 277218.0], [0.4158, 149901.0], [0.4159, 179064.0], [0.416, 130976.0], [0.4161, 135419.0], [0.4162, 71829.0], [0.4163, 270821.0]], "timestamp": "2025-12-06T05:41:25.018384+00:00"}, {"symbol": "ADAUSDT", "bids": [[0.4143, 100468.0], [0.4142, 197453.0], [0.4141, 324985.0], [0.414, 224612.0], [0.4139, 169501.0], [0.4138, 232029.0], [0.4137, 257056.0], [0.4136, 170763.0], [0.4135, 201958.0], [0.4134, 223237.0], [0.4133, 166670.0], [0.4132, 257969.0], [0.4131, 242392.0], [0.413, 197783.0], [0.4129, 262762.0], [0.4128, 140020.0], [0.4127, 189913.0], [0.4126, 203879.0], [0.4125, 212820.0], [0.4124, 133361.0]], "asks": [[0.4144, 27852.0], [0.4145, 133338.0], [0.4146, 199786.0], [0.4147, 246942.0], [0.4148, 118838.0], [0.4149, 154468.0], [0.415, 119592.0], [0.4151, 239900.0], [0.4152, 149714.0], [0.4153, 179339.0], [0.4154, 83222.0], [0.4155, 220719.0], [0.4156, 268211.0], [0.4157, 319289.0], [0.4158, 149884.0], [0.4159, 175846.0], [0.416, 130494.0], [0.4161, 132218.0], [0.4162, 78261.0], [0.4163, 256691.0]], "timestamp": "2025-12-06T05:42:16.445136+00:00"}, {"symbol": "ADAUSDT", "bids": [[0.4143, 123252.0], [0.4142, 263746.0], [0.4141, 340375.0], [0.414, 272431.0], [0.4139, 210182.0], [0.4138, 238136.0], [0.4137, 197413.0], [0.4136, 287313.0], [0.4135, 220005.0], [0.4134, 227653.0], [0.4133, 184742.0], [0.4132, 237062.0], [0.4131, 154573.0], [0.413, 310104.0], [0.4129, 266358.0], [0.4128, 140021.0], [0.4127, 189930.0], [0.4126, 205826.0], [0.4125, 211172.0], [0.4124, 134877.0]], "asks": [[0.4144, 12871.0], [0.4145, 89211.0], [0.4146, 215896.0], [0.4147, 276182.0], [0.4148, 89939.0], [0.4149, 175181.0], [0.415, 191981.0], [0.4151, 162084.0], [0.4152, 115780.0], [0.4153, 176492.0], [0.4154, 112771.0], [0.4155, 225148.0], [0.4156, 268019.0], [0.4157, 319304.0], [0.4158, 149884.0], [0.4159, 176043.0], [0.416, 130498.0], [0.4161, 132233.0], [0.4162, 78261.0], [0.4163, 256691.0]], "timestamp": "2025-12-06T05:43:07.922396+00:00"}, {"symbol": "ADAUSDT", "bids": [[0.4142, 67400.0], [0.4141, 156401.0], [0.414, 324770.0], [0.4139, 347518.0], [0.4138, 229374.0], [0.4137, 184559.0], [0.4136, 297969.0], [0.4135, 179168.0], [0.4134, 225048.0], [0.4133, 218749.0], [0.4132, 244002.0], [0.4131, 148119.0], [0.413, 336699.0], [0.4129, 295762.0], [0.4128, 143860.0], [0.4127, 214123.0], [0.4126, 183843.0], [0.4125, 223261.0], [0.4124, 125482.0], [0.4123, 159679.0]], "asks": [[0.4143, 18050.0], [0.4144, 152216.0], [0.4145, 218627.0], [0.4146, 263492.0], [0.4147, 188698.0], [0.4148, 96910.0], [0.4149, 156945.0], [0.415, 175093.0], [0.4151, 142422.0], [0.4152, 117030.0], [0.4153, 158844.0], [0.4154, 141127.0], [0.4155, 207536.0], [0.4156, 130136.0], [0.4157, 313678.0], [0.4158, 117415.0], [0.4159, 199969.0], [0.416, 123807.0], [0.4161, 212816.0], [0.4162, 78261.0]], "timestamp": "2025-12-06T05:43:59.361316+00:00"}, {"symbol": "ADAUSDT", "bids": [[0.414, 61657.0], [0.4139, 108674.0], [0.4138, 347377.0], [0.4137, 317373.0], [0.4136, 199812.0], [0.4135, 164979.0], [0.4134, 309732.0], [0.4133, 364896.0], [0.4132, 272253.0], [0.4131, 162493.0], [0.413, 243840.0], [0.4129, 279629.0], [0.4128, 207998.0], [0.4127, 180153.0], [0.4126, 191649.0], [0.4125, 285090.0], [0.4124, 108604.0], [0.4123, 141554.0], [0.4122, 102659.0], [0.4121, 217751.0]], "asks": [[0.4141, 92448.0], [0.4142, 179936.0], [0.4143, 202585.0], [0.4144, 166761.0], [0.4145, 270396.0], [0.4146, 160204.0], [0.4147, 254579.0], [0.4148, 71359.0], [0.4149, 155953.0], [0.415, 122291.0], [0.4151, 188799.0], [0.4152, 157044.0], [0.4153, 287638.0], [0.4154, 83147.0], [0.4155, 216086.0], [0.4156, 163561.0], [0.4157, 207771.0], [0.4158, 114282.0], [0.4159, 145470.0], [0.416, 118010.0]], "timestamp": "2025-12-06T05:44:51.057119+00:00"}, {"symbol": "ADAUSDT", "bids": [[0.4141, 26179.0], [0.414, 148286.0], [0.4139, 222979.0], [0.4138, 392671.0], [0.4137, 196284.0], [0.4136, 200506.0], [0.4135, 261377.0], [0.4134, 296853.0], [0.4133, 268534.0], [0.4132, 232203.0], [0.4131, 153657.0], [0.413, 225613.0], [0.4129, 300476.0], [0.4128, 205285.0], [0.4127, 174978.0], [0.4126, 191577.0], [0.4125, 285103.0], [0.4124, 108604.0], [0.4123, 141626.0], [0.4122, 102159.0]], "asks": [[0.4142, 92073.0], [0.4143, 201978.0], [0.4144, 222054.0], [0.4145, 273507.0], [0.4146, 142586.0], [0.4147, 258012.0], [0.4148, 79344.0], [0.4149, 148723.0], [0.415, 122121.0], [0.4151, 157871.0], [0.4152, 115218.0], [0.4153, 185573.0], [0.4154, 193743.0], [0.4155, 216086.0], [0.4156, 163738.0], [0.4157, 207771.0], [0.4158, 138345.0], [0.4159, 145273.0], [0.416, 106977.0], [0.4161, 199648.0]], "timestamp": "2025-12-06T05:45:42.712826+00:00"}, {"symbol": "ADAUSDT", "bids": [[0.4139, 108681.0], [0.4138, 215552.0], [0.4137, 356724.0], [0.4136, 283526.0], [0.4135, 197586.0], [0.4134, 200580.0], [0.4133, 348392.0], [0.4132, 323308.0], [0.4131, 143221.0], [0.413, 244771.0], [0.4129, 236642.0], [0.4128, 125814.0], [0.4127, 250078.0], [0.4126, 126414.0], [0.4125, 339528.0], [0.4124, 116747.0], [0.4123, 174744.0], [0.4122, 117201.0], [0.4121, 339477.0], [0.412, 160356.0]], "asks": [[0.414, 3104.0], [0.4141, 109677.0], [0.4142, 201621.0], [0.4143, 142148.0], [0.4144, 197385.0], [0.4145, 206314.0], [0.4146, 116446.0], [0.4147, 237501.0], [0.4148, 109774.0], [0.4149, 165121.0], [0.415, 86954.0], [0.4151, 188931.0], [0.4152, 181703.0], [0.4153, 201645.0], [0.4154, 196540.0], [0.4155, 184181.0], [0.4156, 187461.0], [0.4157, 188204.0], [0.4158, 117656.0], [0.4159, 142681.0]], "timestamp": "2025-12-06T05:46:34.448331+00:00"}, {"symbol": "ADAUSDT", "bids": [[0.4139, 129176.0], [0.4138, 209093.0], [0.4137, 336558.0], [0.4136, 239343.0], [0.4135, 177214.0], [0.4134, 269930.0], [0.4133, 269453.0], [0.4132, 302187.0], [0.4131, 142377.0], [0.413, 241857.0], [0.4129, 173904.0], [0.4128, 108190.0], [0.4127, 149199.0], [0.4126, 245516.0], [0.4125, 340083.0], [0.4124, 132363.0], [0.4123, 143961.0], [0.4122, 113509.0], [0.4121, 324603.0], [0.412, 155672.0]], "asks": [[0.414, 2677.0], [0.4141, 99890.0], [0.4142, 178068.0], [0.4143, 157174.0], [0.4144, 230624.0], [0.4145, 233016.0], [0.4146, 126453.0], [0.4147, 228334.0], [0.4148, 103500.0], [0.4149, 181881.0], [0.415, 110772.0], [0.4151, 194466.0], [0.4152, 199140.0], [0.4153, 302561.0], [0.4154, 80764.0], [0.4155, 184198.0], [0.4156, 179226.0], [0.4157, 157706.0], [0.4158, 146690.0], [0.4159, 149878.0]], "timestamp": "2025-12-06T05:47:25.975868+00:00"}, {"symbol": "ADAUSDT", "bids": [[0.414, 10981.0], [0.4139, 79306.0], [0.4138, 300656.0], [0.4137, 264314.0], [0.4136, 181590.0], [0.4135, 191755.0], [0.4134, 177110.0], [0.4133, 343227.0], [0.4132, 321043.0], [0.4131, 142011.0], [0.413, 222187.0], [0.4129, 169190.0], [0.4128, 119461.0], [0.4127, 256233.0], [0.4126, 123463.0], [0.4125, 339582.0], [0.4124, 106233.0], [0.4123, 143961.0], [0.4122, 113509.0], [0.4121, 324603.0]], "asks": [[0.4141, 64435.0], [0.4142, 169424.0], [0.4143, 201729.0], [0.4144, 210353.0], [0.4145, 235581.0], [0.4146, 130078.0], [0.4147, 228028.0], [0.4148, 103515.0], [0.4149, 181620.0], [0.415, 116015.0], [0.4151, 194697.0], [0.4152, 169667.0], [0.4153, 302013.0], [0.4154, 80764.0], [0.4155, 184183.0], [0.4156, 179226.0], [0.4157, 157706.0], [0.4158, 146690.0], [0.4159, 149878.0], [0.416, 104250.0]], "timestamp": "2025-12-06T05:48:17.304593+00:00"}, {"symbol": "ADAUSDT", "bids": [[0.414, 13896.0], [0.4139, 91380.0], [0.4138, 297560.0], [0.4137, 242973.0], [0.4136, 201974.0], [0.4135, 289318.0], [0.4134, 167016.0], [0.4133, 250730.0], [0.4132, 316879.0], [0.4131, 158600.0], [0.413, 211458.0], [0.4129, 140106.0], [0.4128, 98491.0], [0.4127, 238861.0], [0.4126, 118802.0], [0.4125, 348135.0], [0.4124, 190403.0], [0.4123, 170441.0], [0.4122, 135177.0], [0.4121, 337156.0]], "asks": [[0.4141, 135910.0], [0.4142, 120880.0], [0.4143, 200528.0], [0.4144, 309979.0], [0.4145, 199978.0], [0.4146, 101510.0], [0.4147, 233719.0], [0.4148, 90160.0], [0.4149, 170419.0], [0.415, 93603.0], [0.4151, 199569.0], [0.4152, 133270.0], [0.4153, 202421.0], [0.4154, 196596.0], [0.4155, 184211.0], [0.4156, 196683.0], [0.4157, 164239.0], [0.4158, 116811.0], [0.4159, 154680.0], [0.416, 104265.0]], "timestamp": "2025-12-06T05:49:08.576107+00:00"}, {"symbol": "ADAUSDT", "bids": [[0.4141, 70833.0], [0.414, 194129.0], [0.4139, 251979.0], [0.4138, 326110.0], [0.4137, 158364.0], [0.4136, 198613.0], [0.4135, 208084.0], [0.4134, 259730.0], [0.4133, 252369.0], [0.4132, 235580.0], [0.4131, 159011.0], [0.413, 258311.0], [0.4129, 137319.0], [0.4128, 188824.0], [0.4127, 110678.0], [0.4126, 113845.0], [0.4125, 318135.0], [0.4124, 166166.0], [0.4123, 170632.0], [0.4122, 133773.0]], "asks": [[0.4142, 80693.0], [0.4143, 107516.0], [0.4144, 244767.0], [0.4145, 291857.0], [0.4146, 106827.0], [0.4147, 164959.0], [0.4148, 104179.0], [0.4149, 225103.0], [0.415, 122479.0], [0.4151, 196174.0], [0.4152, 179421.0], [0.4153, 227543.0], [0.4154, 230604.0], [0.4155, 150685.0], [0.4156, 205296.0], [0.4157, 194228.0], [0.4158, 116811.0], [0.4159, 154680.0], [0.416, 104265.0], [0.4161, 219158.0]], "timestamp": "2025-12-06T05:49:59.898077+00:00"}, {"symbol": "ADAUSDT", "bids": [[0.4141, 40727.0], [0.414, 140334.0], [0.4139, 266240.0], [0.4138, 370806.0], [0.4137, 182412.0], [0.4136, 254517.0], [0.4135, 188015.0], [0.4134, 256961.0], [0.4133, 242572.0], [0.4132, 197961.0], [0.4131, 169328.0], [0.413, 252573.0], [0.4129, 193165.0], [0.4128, 177581.0], [0.4127, 124911.0], [0.4126, 113830.0], [0.4125, 313562.0], [0.4124, 175872.0], [0.4123, 170350.0], [0.4122, 134986.0]], "asks": [[0.4142, 71410.0], [0.4143, 171803.0], [0.4144, 246524.0], [0.4145, 293326.0], [0.4146, 93561.0], [0.4147, 178425.0], [0.4148, 161166.0], [0.4149, 176108.0], [0.415, 131883.0], [0.4151, 176746.0], [0.4152, 118951.0], [0.4153, 200472.0], [0.4154, 126911.0], [0.4155, 280259.0], [0.4156, 205296.0], [0.4157, 213571.0], [0.4158, 116811.0], [0.4159, 178725.0], [0.416, 104265.0], [0.4161, 219173.0]], "timestamp": "2025-12-06T05:50:52.649926+00:00"}, {"symbol": "ADAUSDT", "bids": [[0.4141, 186517.0], [0.414, 166399.0], [0.4139, 306556.0], [0.4138, 326075.0], [0.4137, 194116.0], [0.4136, 251971.0], [0.4135, 266556.0], [0.4134, 174236.0], [0.4133, 242818.0], [0.4132, 178771.0], [0.4131, 144715.0], [0.413, 286449.0], [0.4129, 278899.0], [0.4128, 175872.0], [0.4127, 120081.0], [0.4126, 94235.0], [0.4125, 193319.0], [0.4124, 175892.0], [0.4123, 177625.0], [0.4122, 134986.0]], "asks": [[0.4142, 16949.0], [0.4143, 166818.0], [0.4144, 243368.0], [0.4145, 297078.0], [0.4146, 103124.0], [0.4147, 203179.0], [0.4148, 82150.0], [0.4149, 180995.0], [0.415, 177501.0], [0.4151, 147417.0], [0.4152, 119736.0], [0.4153, 205362.0], [0.4154, 127173.0], [0.4155, 307754.0], [0.4156, 193770.0], [0.4157, 213646.0], [0.4158, 95273.0], [0.4159, 208775.0], [0.416, 105889.0], [0.4161, 206566.0]], "timestamp": "2025-12-06T05:51:43.998376+00:00"}, {"symbol": "ADAUSDT", "bids": [[0.414, 32598.0], [0.4139, 127755.0], [0.4138, 291799.0], [0.4137, 328576.0], [0.4136, 205105.0], [0.4135, 231701.0], [0.4134, 314290.0], [0.4133, 301664.0], [0.4132, 187783.0], [0.4131, 223135.0], [0.413, 204357.0], [0.4129, 194772.0], [0.4128, 318891.0], [0.4127, 105848.0], [0.4126, 100681.0], [0.4125, 222169.0], [0.4124, 216606.0], [0.4123, 200380.0], [0.4122, 118360.0], [0.4121, 314398.0]], "asks": [[0.4141, 43280.0], [0.4142, 194989.0], [0.4143, 203002.0], [0.4144, 249652.0], [0.4145, 202046.0], [0.4146, 109646.0], [0.4147, 256417.0], [0.4148, 111934.0], [0.4149, 139843.0], [0.415, 99755.0], [0.4151, 137058.0], [0.4152, 166397.0], [0.4153, 305548.0], [0.4154, 117181.0], [0.4155, 177652.0], [0.4156, 192629.0], [0.4157, 183017.0], [0.4158, 112409.0], [0.4159, 210977.0], [0.416, 105768.0]], "timestamp": "2025-12-06T05:52:35.333860+00:00"}, {"symbol": "ADAUSDT", "bids": [[0.4141, 54515.0], [0.414, 178884.0], [0.4139, 301115.0], [0.4138, 368675.0], [0.4137, 217067.0], [0.4136, 233154.0], [0.4135, 312094.0], [0.4134, 267240.0], [0.4133, 305171.0], [0.4132, 204795.0], [0.4131, 249214.0], [0.413, 179205.0], [0.4129, 174962.0], [0.4128, 308251.0], [0.4127, 124848.0], [0.4126, 95305.0], [0.4125, 293842.0], [0.4124, 213924.0], [0.4123, 200380.0], [0.4122, 117147.0]], "asks": [[0.4142, 81354.0], [0.4143, 165579.0], [0.4144, 235148.0], [0.4145, 268942.0], [0.4146, 134263.0], [0.4147, 177661.0], [0.4148, 97009.0], [0.4149, 225887.0], [0.415, 111236.0], [0.4151, 145394.0], [0.4152, 144066.0], [0.4153, 176095.0], [0.4154, 130961.0], [0.4155, 307736.0], [0.4156, 193786.0], [0.4157, 189580.0], [0.4158, 112288.0], [0.4159, 210976.0], [0.416, 105889.0], [0.4161, 204696.0]], "timestamp": "2025-12-06T05:53:27.067821+00:00"}, {"symbol": "ADAUSDT", "bids": [[0.4141, 88132.0], [0.414, 191368.0], [0.4139, 290398.0], [0.4138, 360329.0], [0.4137, 173949.0], [0.4136, 258395.0], [0.4135, 310608.0], [0.4134, 267150.0], [0.4133, 304978.0], [0.4132, 208049.0], [0.4131, 255250.0], [0.413, 188397.0], [0.4129, 256109.0], [0.4128, 197508.0], [0.4127, 124848.0], [0.4126, 95290.0], [0.4125, 293375.0], [0.4124, 213954.0], [0.4123, 200847.0], [0.4122, 118827.0]], "asks": [[0.4142, 36804.0], [0.4143, 154051.0], [0.4144, 208178.0], [0.4145, 278658.0], [0.4146, 109694.0], [0.4147, 192621.0], [0.4148, 169643.0], [0.4149, 170175.0], [0.415, 111281.0], [0.4151, 144114.0], [0.4152, 114472.0], [0.4153, 176068.0], [0.4154, 160570.0], [0.4155, 307736.0], [0.4156, 194062.0], [0.4157, 189565.0], [0.4158, 112258.0], [0.4159, 211006.0], [0.416, 105889.0], [0.4161, 204711.0]], "timestamp": "2025-12-06T05:54:19.520968+00:00"}, {"symbol": "ADAUSDT", "bids": [[0.4141, 84321.0], [0.414, 187365.0], [0.4139, 290784.0], [0.4138, 363925.0], [0.4137, 194528.0], [0.4136, 239012.0], [0.4135, 237283.0], [0.4134, 339661.0], [0.4133, 299108.0], [0.4132, 209082.0], [0.4131, 266194.0], [0.413, 162694.0], [0.4129, 172214.0], [0.4128, 324412.0], [0.4127, 124848.0], [0.4126, 95290.0], [0.4125, 293375.0], [0.4124, 213969.0], [0.4123, 203611.0], [0.4122, 106423.0]], "asks": [[0.4142, 67748.0], [0.4143, 185986.0], [0.4144, 187125.0], [0.4145, 278822.0], [0.4146, 105250.0], [0.4147, 181616.0], [0.4148, 96866.0], [0.4149, 239802.0], [0.415, 111281.0], [0.4151, 145790.0], [0.4152, 144051.0], [0.4153, 205632.0], [0.4154, 130991.0], [0.4155, 307736.0], [0.4156, 192088.0], [0.4157, 159550.0], [0.4158, 112258.0], [0.4159, 211021.0], [0.416, 105889.0], [0.4161, 204711.0]], "timestamp": "2025-12-06T05:55:11.430807+00:00"}, {"symbol": "ADAUSDT", "bids": [[0.4143, 67324.0], [0.4142, 227220.0], [0.4141, 266829.0], [0.414, 316608.0], [0.4139, 216790.0], [0.4138, 259439.0], [0.4137, 186346.0], [0.4136, 278655.0], [0.4135, 246604.0], [0.4134, 311089.0], [0.4133, 278296.0], [0.4132, 264842.0], [0.4131, 245486.0], [0.413, 251049.0], [0.4129, 131691.0], [0.4128, 66716.0], [0.4127, 155333.0], [0.4126, 87672.0], [0.4125, 263833.0], [0.4124, 214317.0]], "asks": [[0.4144, 93142.0], [0.4145, 177127.0], [0.4146, 218638.0], [0.4147, 250597.0], [0.4148, 90453.0], [0.4149, 160252.0], [0.415, 152749.0], [0.4151, 171533.0], [0.4152, 115487.0], [0.4153, 204728.0], [0.4154, 165791.0], [0.4155, 307639.0], [0.4156, 191774.0], [0.4157, 192108.0], [0.4158, 119373.0], [0.4159, 217569.0], [0.416, 105889.0], [0.4161, 204952.0], [0.4162, 82833.0], [0.4163, 274839.0]], "timestamp": "2025-12-06T05:56:03.027910+00:00"}, {"symbol": "ADAUSDT", "bids": [[0.4142, 30923.0], [0.4141, 135199.0], [0.414, 176387.0], [0.4139, 236561.0], [0.4138, 346344.0], [0.4137, 187694.0], [0.4136, 221524.0], [0.4135, 292922.0], [0.4134, 276728.0], [0.4133, 227583.0], [0.4132, 157218.0], [0.4131, 259028.0], [0.413, 288724.0], [0.4129, 252703.0], [0.4128, 71903.0], [0.4127, 160627.0], [0.4126, 130081.0], [0.4125, 289404.0], [0.4124, 214317.0], [0.4123, 214669.0]], "asks": [[0.4143, 161672.0], [0.4144, 197266.0], [0.4145, 220480.0], [0.4146, 207801.0], [0.4147, 190586.0], [0.4148, 86466.0], [0.4149, 223451.0], [0.415, 78898.0], [0.4151, 144922.0], [0.4152, 144101.0], [0.4153, 235139.0], [0.4154, 131799.0], [0.4155, 307244.0], [0.4156, 191816.0], [0.4157, 192108.0], [0.4158, 121259.0], [0.4159, 177780.0], [0.416, 129925.0], [0.4161, 204952.0], [0.4162, 93642.0]], "timestamp": "2025-12-06T05:56:54.631225+00:00"}, {"symbol": "ADAUSDT", "bids": [[0.414, 103906.0], [0.4139, 159254.0], [0.4138, 297067.0], [0.4137, 298130.0], [0.4136, 214931.0], [0.4135, 256317.0], [0.4134, 259674.0], [0.4133, 252789.0], [0.4132, 170837.0], [0.4131, 256741.0], [0.413, 299741.0], [0.4129, 175693.0], [0.4128, 188101.0], [0.4127, 165813.0], [0.4126, 160096.0], [0.4125, 294710.0], [0.4124, 214317.0], [0.4123, 181351.0], [0.4122, 105941.0], [0.4121, 166755.0]], "asks": [[0.4141, 26931.0], [0.4142, 134429.0], [0.4143, 169301.0], [0.4144, 294478.0], [0.4145, 202004.0], [0.4146, 110247.0], [0.4147, 171834.0], [0.4148, 92726.0], [0.4149, 226074.0], [0.415, 106400.0], [0.4151, 147598.0], [0.4152, 168674.0], [0.4153, 177425.0], [0.4154, 131354.0], [0.4155, 307229.0], [0.4156, 191831.0], [0.4157, 192108.0], [0.4158, 138893.0], [0.4159, 184977.0], [0.416, 105768.0]], "timestamp": "2025-12-06T05:57:46.276154+00:00"}, {"symbol": "ADAUSDT", "bids": [[0.4139, 190085.0], [0.4138, 235054.0], [0.4137, 423626.0], [0.4136, 162204.0], [0.4135, 144106.0], [0.4134, 271000.0], [0.4133, 358821.0], [0.4132, 209656.0], [0.4131, 245686.0], [0.413, 305263.0], [0.4129, 157396.0], [0.4128, 115087.0], [0.4127, 263414.0], [0.4126, 165282.0], [0.4125, 308950.0], [0.4124, 190880.0], [0.4123, 170830.0], [0.4122, 105926.0], [0.4121, 156059.0], [0.412, 175289.0]], "asks": [[0.414, 12141.0], [0.4141, 207668.0], [0.4142, 220726.0], [0.4143, 227907.0], [0.4144, 213924.0], [0.4145, 193145.0], [0.4146, 101056.0], [0.4147, 242348.0], [0.4148, 102707.0], [0.4149, 153716.0], [0.415, 99400.0], [0.4151, 173830.0], [0.4152, 163617.0], [0.4153, 202322.0], [0.4154, 230492.0], [0.4155, 177169.0], [0.4156, 191816.0], [0.4157, 185545.0], [0.4158, 142499.0], [0.4159, 160932.0]], "timestamp": "2025-12-06T05:58:37.430271+00:00"}, {"symbol": "ADAUSDT", "bids": [[0.4138, 169271.0], [0.4137, 226669.0], [0.4136, 285722.0], [0.4135, 245324.0], [0.4134, 249765.0], [0.4133, 362196.0], [0.4132, 295398.0], [0.4131, 186371.0], [0.413, 209253.0], [0.4129, 204040.0], [0.4128, 148944.0], [0.4127, 314327.0], [0.4126, 348822.0], [0.4125, 285091.0], [0.4124, 190865.0], [0.4123, 201609.0], [0.4122, 130175.0], [0.4121, 174105.0], [0.412, 162559.0], [0.4119, 139052.0]], "asks": [[0.4139, 34358.0], [0.414, 199307.0], [0.4141, 215863.0], [0.4142, 325292.0], [0.4143, 210273.0], [0.4144, 107209.0], [0.4145, 226483.0], [0.4146, 188244.0], [0.4147, 194111.0], [0.4148, 80953.0], [0.4149, 147581.0], [0.415, 125444.0], [0.4151, 167535.0], [0.4152, 180900.0], [0.4153, 307334.0], [0.4154, 114736.0], [0.4155, 150447.0], [0.4156, 197216.0], [0.4157, 185256.0], [0.4158, 116696.0]], "timestamp": "2025-12-06T05:59:28.716503+00:00"}, {"symbol": "ADAUSDT", "bids": [[0.4135, 81190.0], [0.4134, 92608.0], [0.4133, 314376.0], [0.4132, 311439.0], [0.4131, 215379.0], [0.413, 200884.0], [0.4129, 238188.0], [0.4128, 105729.0], [0.4127, 222715.0], [0.4126, 363943.0], [0.4125, 215746.0], [0.4124, 183670.0], [0.4123, 298565.0], [0.4122, 201135.0], [0.4121, 244418.0], [0.412, 209681.0], [0.4119, 156686.0], [0.4118, 200092.0], [0.4117, 144696.0], [0.4116, 398420.0]], "asks": [[0.4136, 40969.0], [0.4137, 149569.0], [0.4138, 230951.0], [0.4139, 285162.0], [0.414, 131963.0], [0.4141, 148421.0], [0.4142, 104458.0], [0.4143, 160312.0], [0.4144, 132745.0], [0.4145, 198356.0], [0.4146, 184469.0], [0.4147, 186740.0], [0.4148, 88896.0], [0.4149, 268607.0], [0.415, 96762.0], [0.4151, 166875.0], [0.4152, 134504.0], [0.4153, 216527.0], [0.4154, 131694.0], [0.4155, 155114.0]], "timestamp": "2025-12-06T06:00:20.653321+00:00"}]