[{"symbol": "ETHUSDT", "bids": [[2973.58, 31.926], [2973.57, 0.008], [2973.56, 0.869], [2973.55, 1.207], [2973.54, 0.016], [2973.53, 0.07], [2973.52, 0.009], [2973.51, 0.695], [2973.5, 0.808], [2973.49, 0.03], [2973.48, 0.017], [2973.46, 0.03], [2973.45, 0.009], [2973.44, 0.052], [2973.43, 0.023], [2973.42, 1.691], [2973.41, 0.03], [2973.4, 0.009], [2973.39, 2.041], [2973.38, 0.017]], "asks": [[2973.59, 46.755], [2973.6, 0.04], [2973.61, 0.018], [2973.62, 0.008], [2973.63, 0.009], [2973.64, 0.018], [2973.65, 0.104], [2973.66, 0.058], [2973.67, 0.017], [2973.68, 1.699], [2973.69, 0.008], [2973.7, 0.009], [2973.71, 0.009], [2973.72, 0.007], [2973.73, 0.753], [2973.74, 1.712], [2973.75, 0.405], [2973.76, 0.065], [2973.77, 0.026], [2973.78, 0.035]], "timestamp": "2025-12-19T17:38:11.451875+00:00"}, {"symbol": "ETHUSDT", "bids": [[2968.64, 179.336], [2968.63, 0.007], [2968.61, 0.008], [2968.6, 0.009], [2968.59, 0.009], [2968.58, 20.307], [2968.57, 13.599], [2968.56, 0.09], [2968.55, 0.016], [2968.54, 0.009], [2968.53, 1.709], [2968.52, 0.05], [2968.51, 1.728], [2968.5, 0.05], [2968.49, 0.018], [2968.48, 0.014], [2968.47, 0.034], [2968.46, 1.745], [2968.45, 0.054], [2968.44, 0.031]], "asks": [[2968.65, 6.947], [2968.66, 0.015], [2968.67, 0.548], [2968.68, 0.009], [2968.69, 0.017], [2968.7, 0.526], [2968.71, 0.017], [2968.72, 0.017], [2968.73, 0.009], [2968.74, 0.016], [2968.75, 0.025], [2968.77, 0.009], [2968.78, 0.017], [2968.79, 0.007], [2968.8, 0.366], [2968.81, 0.02], [2968.82, 0.332], [2968.83, 0.031], [2968.84, 0.024], [2968.85, 0.048]], "timestamp": "2025-12-19T17:39:04.392196+00:00"}, {"symbol": "ETHUSDT", "bids": [[2969.1, 62.297], [2969.09, 0.033], [2969.08, 0.493], [2969.07, 1.011], [2969.06, 0.007], [2969.05, 0.087], [2969.04, 0.089], [2969.02, 0.348], [2969.01, 1.378], [2969.0, 0.028], [2968.99, 0.031], [2968.98, 0.029], [2968.97, 0.023], [2968.96, 0.038], [2968.95, 4.991], [2968.94, 0.14], [2968.93, 0.109], [2968.92, 21.035], [2968.91, 0.046], [2968.9, 0.402]], "asks": [[2969.11, 131.935], [2969.12, 0.028], [2969.14, 0.015], [2969.15, 4.283], [2969.16, 0.023], [2969.17, 0.015], [2969.18, 0.023], [2969.19, 0.009], [2969.2, 0.022], [2969.21, 0.009], [2969.22, 3.689], [2969.23, 0.008], [2969.24, 9.665], [2969.25, 18.053], [2969.26, 0.114], [2969.27, 0.024], [2969.28, 0.206], [2969.29, 0.007], [2969.3, 2.124], [2969.31, 0.047]], "timestamp": "2025-12-19T17:39:57.621010+00:00"}, {"symbol": "ETHUSDT", "bids": [[2964.5, 107.253], [2964.49, 0.015], [2964.47, 1.358], [2964.46, 0.009], [2964.45, 1.687], [2964.44, 14.259], [2964.43, 31.271], [2964.42, 30.021], [2964.41, 30.015], [2964.4, 0.03], [2964.39, 0.017], [2964.38, 0.014], [2964.37, 0.008], [2964.36, 2.096], [2964.35, 2.708], [2964.34, 3.823], [2964.33, 0.121], [2964.32, 0.445], [2964.31, 0.043], [2964.3, 0.22]], "asks": [[2964.51, 11.103], [2964.52, 0.014], [2964.53, 0.015], [2964.54, 3.0], [2964.55, 0.016], [2964.56, 0.029], [2964.57, 0.009], [2964.58, 0.007], [2964.59, 0.036], [2964.6, 0.042], [2964.61, 0.014], [2964.62, 0.008], [2964.63, 0.023], [2964.64, 0.014], [2964.65, 0.022], [2964.66, 0.009], [2964.67, 0.101], [2964.68, 0.008], [2964.69, 0.36], [2964.7, 0.449]], "timestamp": "2025-12-19T17:40:50.972163+00:00"}, {"symbol": "ETHUSDT", "bids": [[2960.35, 45.985], [2960.34, 0.008], [2960.32, 0.007], [2960.31, 0.009], [2960.3, 0.038], [2960.29, 0.846], [2960.28, 0.023], [2960.27, 4.356], [2960.26, 0.014], [2960.25, 1.045], [2960.24, 0.031], [2960.23, 0.017], [2960.22, 0.021], [2960.21, 1.415], [2960.2, 3.46], [2960.19, 0.017], [2960.18, 0.03], [2960.17, 0.026], [2960.16, 0.696], [2960.15, 1.716]], "asks": [[2960.36, 72.759], [2960.37, 0.007], [2960.38, 0.016], [2960.39, 0.017], [2960.4, 0.024], [2960.41, 0.023], [2960.42, 0.017], [2960.43, 0.014], [2960.44, 0.465], [2960.45, 0.031], [2960.46, 0.023], [2960.47, 0.023], [2960.48, 0.388], [2960.49, 0.386], [2960.5, 0.026], [2960.51, 0.023], [2960.52, 0.008], [2960.53, 0.075], [2960.54, 0.04], [2960.55, 8.481]], "timestamp": "2025-12-19T17:41:43.423267+00:00"}, {"symbol": "ETHUSDT", "bids": [[2962.94, 46.348], [2962.93, 0.015], [2962.92, 0.015], [2962.9, 3.214], [2962.89, 3.049], [2962.87, 0.023], [2962.86, 0.016], [2962.85, 0.017], [2962.84, 0.03], [2962.82, 17.896], [2962.81, 0.009], [2962.8, 0.021], [2962.79, 0.024], [2962.78, 0.042], [2962.77, 0.191], [2962.76, 0.379], [2962.75, 0.023], [2962.74, 0.033], [2962.73, 0.022], [2962.72, 0.441]], "asks": [[2962.95, 37.106], [2962.96, 0.022], [2962.97, 0.009], [2962.98, 1.702], [2962.99, 2.468], [2963.0, 14.849], [2963.01, 0.023], [2963.02, 0.073], [2963.03, 0.023], [2963.04, 1.911], [2963.05, 0.017], [2963.06, 0.703], [2963.07, 0.017], [2963.08, 0.057], [2963.09, 0.04], [2963.1, 0.438], [2963.11, 3.118], [2963.12, 0.853], [2963.13, 0.025], [2963.14, 0.03]], "timestamp": "2025-12-19T17:42:36.158568+00:00"}, {"symbol": "ETHUSDT", "bids": [[2965.08, 13.324], [2965.07, 0.023], [2965.06, 0.007], [2965.05, 0.008], [2965.04, 0.009], [2965.03, 0.023], [2965.02, 0.008], [2965.01, 0.03], [2965.0, 0.009], [2964.99, 0.022], [2964.98, 0.009], [2964.97, 0.023], [2964.96, 0.347], [2964.95, 0.023], [2964.94, 0.427], [2964.93, 0.014], [2964.92, 0.031], [2964.91, 0.031], [2964.9, 1.747], [2964.89, 0.014]], "asks": [[2965.09, 51.539], [2965.1, 0.021], [2965.11, 0.009], [2965.12, 0.041], [2965.13, 0.024], [2965.14, 0.496], [2965.15, 1.783], [2965.16, 0.08], [2965.18, 0.03], [2965.19, 0.837], [2965.2, 0.744], [2965.21, 1.694], [2965.22, 0.041], [2965.23, 0.346], [2965.24, 0.054], [2965.25, 0.439], [2965.26, 0.032], [2965.27, 0.016], [2965.28, 1.724], [2965.29, 1.71]], "timestamp": "2025-12-19T17:43:29.034139+00:00"}, {"symbol": "ETHUSDT", "bids": [[2967.34, 9.13], [2967.33, 0.015], [2967.31, 0.007], [2967.3, 0.233], [2967.29, 0.299], [2967.27, 0.03], [2967.26, 0.009], [2967.24, 0.11], [2967.23, 0.009], [2967.22, 0.008], [2967.21, 0.024], [2967.2, 0.34], [2967.19, 0.023], [2967.18, 0.016], [2967.17, 0.023], [2967.16, 0.087], [2967.15, 0.014], [2967.14, 1.367], [2967.13, 3.744], [2967.12, 0.008]], "asks": [[2967.35, 92.267], [2967.36, 0.032], [2967.37, 0.018], [2967.38, 0.008], [2967.39, 0.032], [2967.4, 0.385], [2967.41, 0.596], [2967.42, 3.429], [2967.44, 0.035], [2967.45, 0.456], [2967.46, 0.017], [2967.47, 0.029], [2967.48, 0.024], [2967.49, 1.717], [2967.5, 0.057], [2967.51, 0.03], [2967.52, 9.692], [2967.53, 3.505], [2967.54, 1.716], [2967.55, 1.751]], "timestamp": "2025-12-19T17:44:21.734549+00:00"}, {"symbol": "ETHUSDT", "bids": [[2959.44, 13.32], [2959.43, 1.179], [2959.42, 0.015], [2959.41, 0.018], [2959.4, 0.008], [2959.39, 0.017], [2959.38, 0.023], [2959.37, 0.014], [2959.36, 0.017], [2959.35, 1.002], [2959.34, 9.575], [2959.33, 0.017], [2959.32, 0.037], [2959.31, 0.306], [2959.3, 0.046], [2959.29, 0.028], [2959.28, 0.028], [2959.27, 0.017], [2959.26, 0.04], [2959.25, 0.014]], "asks": [[2959.45, 67.887], [2959.46, 0.028], [2959.47, 0.008], [2959.48, 8.919], [2959.49, 183.936], [2959.5, 1.72], [2959.51, 0.008], [2959.52, 0.394], [2959.53, 0.018], [2959.54, 0.048], [2959.55, 0.009], [2959.56, 0.375], [2959.57, 1.699], [2959.58, 0.031], [2959.6, 0.479], [2959.61, 0.178], [2959.62, 7.832], [2959.63, 0.009], [2959.64, 0.023], [2959.65, 0.017]], "timestamp": "2025-12-19T17:45:14.574893+00:00"}, {"symbol": "ETHUSDT", "bids": [[2955.22, 7.894], [2955.21, 0.007], [2955.19, 0.025], [2955.18, 0.318], [2955.17, 0.009], [2955.15, 0.026], [2955.14, 0.017], [2955.13, 0.009], [2955.12, 0.379], [2955.11, 0.009], [2955.1, 0.025], [2955.09, 0.014], [2955.08, 0.016], [2955.07, 0.031], [2955.06, 0.017], [2955.05, 0.109], [2955.04, 0.045], [2955.03, 0.333], [2955.02, 0.81], [2955.01, 0.071]], "asks": [[2955.23, 266.093], [2955.24, 0.021], [2955.25, 5.57], [2955.26, 0.014], [2955.27, 0.017], [2955.28, 0.017], [2955.3, 0.03], [2955.31, 0.032], [2955.32, 1.706], [2955.33, 1.363], [2955.34, 0.023], [2955.35, 0.025], [2955.36, 0.192], [2955.37, 0.007], [2955.38, 17.727], [2955.39, 0.032], [2955.4, 0.029], [2955.41, 0.034], [2955.42, 0.04], [2955.43, 0.033]], "timestamp": "2025-12-19T17:46:07.825450+00:00"}, {"symbol": "ETHUSDT", "bids": [[2954.53, 209.298], [2954.52, 95.489], [2954.51, 254.664], [2954.5, 1.804], [2954.49, 0.057], [2954.47, 0.009], [2954.46, 0.017], [2954.45, 1.384], [2954.43, 1.707], [2954.42, 0.024], [2954.41, 9.696], [2954.4, 25.829], [2954.39, 0.046], [2954.38, 0.008], [2954.37, 0.014], [2954.36, 1.363], [2954.35, 0.023], [2954.34, 0.016], [2954.33, 1.707], [2954.32, 0.822]], "asks": [[2954.54, 0.585], [2954.55, 0.022], [2954.56, 0.023], [2954.58, 0.654], [2954.59, 0.059], [2954.6, 1.236], [2954.61, 0.014], [2954.62, 0.016], [2954.63, 0.017], [2954.64, 0.007], [2954.65, 0.016], [2954.66, 0.008], [2954.67, 0.015], [2954.68, 1.016], [2954.69, 0.031], [2954.7, 0.093], [2954.71, 0.038], [2954.72, 0.011], [2954.73, 0.037], [2954.74, 0.03]], "timestamp": "2025-12-19T17:47:00.764629+00:00"}, {"symbol": "ETHUSDT", "bids": [[2955.83, 69.601], [2955.82, 0.023], [2955.8, 0.011], [2955.79, 0.494], [2955.78, 0.037], [2955.76, 0.038], [2955.75, 0.009], [2955.74, 0.023], [2955.73, 0.072], [2955.72, 3.134], [2955.71, 0.789], [2955.7, 0.028], [2955.69, 0.024], [2955.68, 0.037], [2955.67, 1.465], [2955.66, 0.031], [2955.64, 0.509], [2955.63, 7.888], [2955.62, 0.044], [2955.61, 0.03]], "asks": [[2955.84, 50.523], [2955.85, 0.014], [2955.86, 0.033], [2955.87, 0.007], [2955.88, 2.5], [2955.89, 0.045], [2955.9, 0.031], [2955.91, 0.047], [2955.92, 0.065], [2955.93, 0.021], [2955.94, 1.731], [2955.95, 0.384], [2955.96, 0.028], [2955.97, 0.023], [2955.98, 5.519], [2955.99, 16.959], [2956.0, 16.525], [2956.01, 1.709], [2956.02, 0.022], [2956.03, 1.311]], "timestamp": "2025-12-19T17:47:54.115955+00:00"}, {"symbol": "ETHUSDT", "bids": [[2961.7, 12.36], [2961.69, 0.014], [2961.67, 0.095], [2961.66, 0.017], [2961.65, 0.007], [2961.64, 0.008], [2961.63, 0.009], [2961.61, 0.008], [2961.6, 0.016], [2961.59, 0.011], [2961.58, 0.016], [2961.57, 0.009], [2961.56, 0.007], [2961.55, 0.014], [2961.54, 0.025], [2961.53, 0.014], [2961.51, 0.023], [2961.5, 0.035], [2961.49, 0.014], [2961.48, 0.023]], "asks": [[2961.71, 74.656], [2961.72, 0.453], [2961.75, 0.042], [2961.76, 0.379], [2961.77, 5.67], [2961.78, 0.521], [2961.79, 0.029], [2961.8, 0.1], [2961.81, 0.023], [2961.83, 0.037], [2961.84, 0.041], [2961.85, 17.776], [2961.86, 4.409], [2961.87, 0.359], [2961.88, 0.1], [2961.89, 0.876], [2961.9, 0.888], [2961.91, 0.022], [2961.92, 0.127], [2961.93, 2.504]], "timestamp": "2025-12-19T17:48:47.652175+00:00"}, {"symbol": "ETHUSDT", "bids": [[2969.87, 31.609], [2969.86, 0.007], [2969.85, 0.021], [2969.84, 0.008], [2969.83, 0.009], [2969.82, 0.021], [2969.81, 0.008], [2969.8, 0.023], [2969.79, 5.191], [2969.78, 17.568], [2969.77, 0.009], [2969.76, 0.022], [2969.74, 0.031], [2969.73, 0.008], [2969.72, 0.021], [2969.71, 0.019], [2969.7, 22.654], [2969.69, 15.612], [2969.68, 0.911], [2969.67, 0.017]], "asks": [[2969.88, 13.81], [2969.89, 0.007], [2969.9, 1.684], [2969.91, 0.008], [2969.92, 0.009], [2969.93, 0.014], [2969.94, 0.008], [2969.95, 0.023], [2969.96, 0.014], [2969.97, 1.706], [2969.98, 0.009], [2969.99, 4.11], [2970.0, 28.404], [2970.01, 0.038], [2970.02, 0.018], [2970.04, 1.715], [2970.05, 0.386], [2970.06, 0.014], [2970.07, 0.018], [2970.08, 0.104]], "timestamp": "2025-12-19T17:49:40.613569+00:00"}, {"symbol": "ETHUSDT", "bids": [[2968.34, 2.007], [2968.33, 0.007], [2968.32, 0.017], [2968.31, 0.009], [2968.3, 0.44], [2968.29, 0.089], [2968.28, 0.016], [2968.27, 0.009], [2968.26, 0.68], [2968.25, 0.017], [2968.24, 0.009], [2968.23, 0.022], [2968.22, 0.023], [2968.21, 0.021], [2968.2, 0.054], [2968.19, 0.023], [2968.18, 0.377], [2968.17, 0.031], [2968.16, 0.031], [2968.15, 0.025]], "asks": [[2968.35, 143.99], [2968.36, 1.707], [2968.39, 0.017], [2968.4, 5.914], [2968.41, 1.412], [2968.42, 1.731], [2968.43, 0.009], [2968.44, 0.023], [2968.45, 0.017], [2968.46, 0.03], [2968.48, 0.039], [2968.49, 24.204], [2968.5, 48.894], [2968.51, 1.166], [2968.52, 1.377], [2968.53, 1.77], [2968.54, 1.731], [2968.55, 0.014], [2968.56, 0.222], [2968.57, 0.132]], "timestamp": "2025-12-19T17:50:33.656354+00:00"}, {"symbol": "ETHUSDT", "bids": [[2971.86, 112.735], [2971.85, 1.335], [2971.84, 0.08], [2971.83, 0.008], [2971.82, 0.009], [2971.8, 0.031], [2971.79, 0.009], [2971.78, 0.021], [2971.77, 0.008], [2971.76, 0.023], [2971.75, 0.014], [2971.73, 0.864], [2971.72, 0.016], [2971.71, 0.014], [2971.7, 0.009], [2971.69, 0.109], [2971.68, 0.015], [2971.67, 0.009], [2971.66, 0.016], [2971.65, 6.02]], "asks": [[2971.87, 17.989], [2971.88, 0.021], [2971.89, 0.008], [2971.9, 0.014], [2971.91, 0.009], [2971.92, 0.022], [2971.94, 0.009], [2971.95, 0.008], [2971.97, 0.009], [2971.98, 0.008], [2971.99, 0.007], [2972.0, 4.028], [2972.01, 0.51], [2972.03, 0.023], [2972.04, 1.715], [2972.05, 0.014], [2972.06, 0.142], [2972.07, 0.199], [2972.09, 0.022], [2972.1, 4.254]], "timestamp": "2025-12-19T17:51:26.905412+00:00"}, {"symbol": "ETHUSDT", "bids": [[2972.18, 114.076], [2972.17, 1.69], [2972.16, 0.007], [2972.15, 0.008], [2972.14, 0.009], [2972.13, 0.014], [2972.12, 1.421], [2972.11, 1.706], [2972.1, 0.007], [2972.09, 0.022], [2972.08, 0.009], [2972.07, 0.014], [2972.06, 0.101], [2972.05, 0.023], [2972.04, 1.691], [2972.03, 0.014], [2972.02, 0.017], [2972.01, 0.022], [2972.0, 0.238], [2971.99, 0.023]], "asks": [[2972.19, 8.194], [2972.2, 0.077], [2972.21, 0.009], [2972.23, 0.017], [2972.24, 0.009], [2972.25, 0.193], [2972.26, 0.03], [2972.27, 0.009], [2972.28, 0.014], [2972.29, 0.017], [2972.3, 0.029], [2972.31, 0.086], [2972.32, 0.031], [2972.33, 0.011], [2972.34, 0.037], [2972.35, 0.015], [2972.36, 0.059], [2972.37, 0.017], [2972.38, 0.036], [2972.39, 16.866]], "timestamp": "2025-12-19T17:52:20.242268+00:00"}, {"symbol": "ETHUSDT", "bids": [[2963.99, 0.545], [2963.98, 0.007], [2963.97, 8.518], [2963.96, 0.008], [2963.95, 0.033], [2963.94, 1.702], [2963.93, 0.016], [2963.92, 0.025], [2963.91, 0.013], [2963.9, 0.089], [2963.89, 0.104], [2963.88, 0.023], [2963.87, 1.701], [2963.86, 0.018], [2963.85, 0.154], [2963.84, 0.062], [2963.83, 0.078], [2963.81, 0.042], [2963.8, 0.172], [2963.79, 1.723]], "asks": [[2964.0, 53.336], [2964.01, 0.346], [2964.02, 0.007], [2964.03, 0.641], [2964.04, 0.395], [2964.05, 0.571], [2964.06, 0.351], [2964.07, 0.031], [2964.08, 0.461], [2964.09, 0.03], [2964.1, 0.009], [2964.11, 0.031], [2964.12, 0.346], [2964.13, 1.701], [2964.14, 0.017], [2964.15, 2.143], [2964.16, 0.347], [2964.17, 0.833], [2964.18, 5.008], [2964.19, 0.023]], "timestamp": "2025-12-19T17:53:13.403195+00:00"}, {"symbol": "ETHUSDT", "bids": [[2964.12, 232.355], [2964.11, 0.541], [2964.1, 1.687], [2964.09, 0.008], [2964.08, 0.016], [2964.07, 0.03], [2964.06, 0.127], [2964.05, 1.716], [2964.04, 0.184], [2964.03, 0.109], [2964.02, 0.017], [2964.01, 0.023], [2964.0, 1.688], [2963.99, 1.709], [2963.98, 0.009], [2963.97, 0.037], [2963.96, 1.358], [2963.95, 0.023], [2963.94, 0.361], [2963.93, 0.014]], "asks": [[2964.13, 11.897], [2964.14, 0.016], [2964.15, 0.018], [2964.16, 0.768], [2964.17, 0.706], [2964.18, 0.04], [2964.2, 0.04], [2964.21, 0.017], [2964.22, 0.037], [2964.23, 0.016], [2964.24, 1.704], [2964.25, 1.0], [2964.26, 0.023], [2964.27, 0.009], [2964.28, 0.031], [2964.29, 0.017], [2964.3, 0.056], [2964.31, 0.008], [2964.32, 0.033], [2964.33, 0.398]], "timestamp": "2025-12-19T17:54:06.856323+00:00"}, {"symbol": "ETHUSDT", "bids": [[2964.73, 223.162], [2964.72, 40.85], [2964.71, 0.014], [2964.69, 0.916], [2964.68, 0.818], [2964.67, 0.023], [2964.66, 0.015], [2964.65, 0.03], [2964.64, 0.016], [2964.63, 0.145], [2964.62, 3.046], [2964.61, 0.023], [2964.6, 0.717], [2964.59, 0.017], [2964.58, 2.71], [2964.57, 6.498], [2964.56, 16.376], [2964.55, 0.009], [2964.54, 0.182], [2964.53, 2.549]], "asks": [[2964.74, 0.111], [2964.75, 0.008], [2964.76, 0.176], [2964.77, 0.018], [2964.78, 0.016], [2964.79, 0.017], [2964.8, 0.019], [2964.81, 0.018], [2964.82, 1.695], [2964.83, 0.017], [2964.84, 0.018], [2964.85, 0.031], [2964.86, 0.061], [2964.87, 0.607], [2964.88, 0.008], [2964.89, 0.009], [2964.9, 0.066], [2964.91, 0.201], [2964.92, 0.046], [2964.93, 0.086]], "timestamp": "2025-12-19T17:55:00.515049+00:00"}, {"symbol": "ETHUSDT", "bids": [[2962.16, 145.683], [2962.15, 47.031], [2962.14, 30.0], [2962.13, 55.908], [2962.12, 34.281], [2962.11, 0.021], [2962.1, 0.009], [2962.09, 0.031], [2962.08, 0.082], [2962.07, 0.204], [2962.06, 0.008], [2962.05, 0.36], [2962.04, 0.82], [2962.03, 31.846], [2962.02, 56.265], [2962.01, 0.038], [2962.0, 0.026], [2961.99, 0.03], [2961.98, 3.154], [2961.97, 6.041]], "asks": [[2962.17, 1.988], [2962.18, 0.029], [2962.19, 0.018], [2962.2, 0.037], [2962.21, 0.025], [2962.23, 0.017], [2962.24, 0.016], [2962.26, 0.023], [2962.27, 0.024], [2962.29, 0.866], [2962.3, 0.044], [2962.31, 0.039], [2962.32, 0.014], [2962.33, 0.033], [2962.34, 0.117], [2962.35, 0.09], [2962.36, 0.147], [2962.37, 0.009], [2962.38, 0.014], [2962.39, 0.017]], "timestamp": "2025-12-19T17:55:54.003745+00:00"}, {"symbol": "ETHUSDT", "bids": [[2964.94, 34.335], [2964.93, 1.694], [2964.92, 0.039], [2964.91, 0.008], [2964.9, 0.031], [2964.89, 0.016], [2964.88, 1.773], [2964.87, 1.409], [2964.86, 0.017], [2964.85, 0.035], [2964.84, 0.394], [2964.83, 32.707], [2964.82, 196.696], [2964.81, 0.047], [2964.8, 0.022], [2964.79, 1.796], [2964.78, 0.748], [2964.77, 0.053], [2964.76, 0.611], [2964.75, 0.031]], "asks": [[2964.95, 67.129], [2964.96, 0.022], [2964.98, 0.008], [2964.99, 0.009], [2965.0, 0.023], [2965.01, 0.008], [2965.02, 0.023], [2965.03, 0.009], [2965.04, 0.031], [2965.05, 0.007], [2965.06, 0.03], [2965.07, 0.064], [2965.08, 3.263], [2965.09, 9.678], [2965.1, 0.039], [2965.11, 7.778], [2965.12, 0.031], [2965.14, 0.037], [2965.15, 0.034], [2965.16, 0.035]], "timestamp": "2025-12-19T17:56:46.809688+00:00"}, {"symbol": "ETHUSDT", "bids": [[2964.1, 18.239], [2964.09, 0.024], [2964.08, 0.025], [2964.07, 0.378], [2964.06, 1.746], [2964.05, 0.023], [2964.04, 0.104], [2964.03, 0.03], [2964.02, 0.009], [2964.01, 0.038], [2964.0, 0.481], [2963.99, 0.42], [2963.98, 0.044], [2963.97, 0.074], [2963.96, 2.4], [2963.95, 1.734], [2963.94, 0.041], [2963.93, 0.032], [2963.92, 0.017], [2963.91, 0.043]], "asks": [[2964.11, 59.543], [2964.12, 2.593], [2964.13, 0.007], [2964.14, 0.008], [2964.15, 0.855], [2964.16, 0.447], [2964.17, 0.031], [2964.18, 0.674], [2964.19, 0.023], [2964.2, 3.249], [2964.21, 0.856], [2964.22, 0.867], [2964.23, 0.031], [2964.24, 0.023], [2964.25, 0.031], [2964.27, 0.031], [2964.28, 0.079], [2964.29, 0.025], [2964.3, 0.282], [2964.31, 0.053]], "timestamp": "2025-12-19T17:57:40.056553+00:00"}, {"symbol": "ETHUSDT", "bids": [[2960.74, 156.07], [2960.73, 5.893], [2960.72, 0.028], [2960.7, 0.024], [2960.69, 2.665], [2960.68, 1.777], [2960.67, 0.045], [2960.65, 0.023], [2960.64, 2.293], [2960.63, 0.023], [2960.62, 1.723], [2960.61, 0.014], [2960.6, 0.103], [2960.59, 0.031], [2960.58, 0.033], [2960.57, 0.023], [2960.56, 0.016], [2960.55, 11.211], [2960.54, 0.018], [2960.53, 4.443]], "asks": [[2960.75, 35.463], [2960.76, 0.008], [2960.77, 0.018], [2960.78, 0.024], [2960.8, 0.031], [2960.81, 0.051], [2960.82, 0.014], [2960.83, 0.35], [2960.84, 0.388], [2960.86, 0.031], [2960.87, 0.016], [2960.88, 0.009], [2960.89, 0.008], [2960.9, 0.257], [2960.91, 0.535], [2960.92, 0.47], [2960.93, 0.018], [2960.94, 0.032], [2960.95, 0.018], [2960.96, 0.88]], "timestamp": "2025-12-19T17:58:32.999384+00:00"}, {"symbol": "ETHUSDT", "bids": [[2948.29, 16.707], [2948.28, 0.007], [2948.27, 0.041], [2948.26, 3.585], [2948.25, 0.009], [2948.24, 0.009], [2948.23, 0.008], [2948.22, 0.009], [2948.21, 0.009], [2948.19, 0.017], [2948.18, 0.023], [2948.17, 0.008], [2948.16, 0.023], [2948.15, 0.028], [2948.14, 0.021], [2948.13, 0.024], [2948.12, 0.03], [2948.11, 0.008], [2948.1, 0.03], [2948.09, 0.052]], "asks": [[2948.3, 75.488], [2948.31, 0.03], [2948.33, 0.007], [2948.34, 0.017], [2948.35, 3.532], [2948.36, 3.033], [2948.37, 0.377], [2948.38, 0.043], [2948.39, 1.696], [2948.4, 4.835], [2948.41, 3.415], [2948.43, 0.031], [2948.44, 0.017], [2948.45, 0.014], [2948.46, 3.423], [2948.47, 0.023], [2948.48, 0.008], [2948.49, 10.214], [2948.5, 0.018], [2948.51, 1.71]], "timestamp": "2025-12-19T17:59:25.939584+00:00"}, {"symbol": "ETHUSDT", "bids": [[2944.94, 3.167], [2944.93, 0.007], [2944.92, 1.541], [2944.91, 13.342], [2944.9, 3.489], [2944.89, 0.021], [2944.88, 0.369], [2944.87, 0.009], [2944.86, 0.022], [2944.85, 0.018], [2944.84, 2.244], [2944.82, 0.022], [2944.81, 0.031], [2944.8, 0.036], [2944.79, 0.017], [2944.78, 0.048], [2944.77, 0.008], [2944.76, 0.231], [2944.75, 0.007], [2944.74, 0.353]], "asks": [[2944.95, 146.195], [2944.96, 0.014], [2944.98, 1.706], [2944.99, 0.009], [2945.0, 0.014], [2945.01, 0.008], [2945.02, 6.973], [2945.03, 0.015], [2945.04, 10.218], [2945.05, 1.722], [2945.06, 0.014], [2945.07, 0.017], [2945.08, 0.008], [2945.09, 0.009], [2945.1, 0.007], [2945.11, 0.016], [2945.12, 0.009], [2945.13, 3.398], [2945.14, 0.008], [2945.15, 0.244]], "timestamp": "2025-12-19T18:00:19.609718+00:00"}, {"symbol": "ETHUSDT", "bids": [[2940.44, 52.636], [2940.43, 0.029], [2940.42, 0.347], [2940.41, 0.018], [2940.4, 0.018], [2940.39, 0.009], [2940.37, 0.032], [2940.36, 0.009], [2940.35, 1.715], [2940.34, 0.018], [2940.33, 0.023], [2940.32, 0.015], [2940.31, 0.023], [2940.3, 2.122], [2940.29, 1.735], [2940.28, 0.024], [2940.27, 0.023], [2940.25, 0.032], [2940.24, 0.026], [2940.23, 0.014]], "asks": [[2940.45, 36.796], [2940.46, 0.007], [2940.47, 0.009], [2940.48, 0.476], [2940.49, 0.02], [2940.5, 0.029], [2940.51, 0.014], [2940.52, 0.775], [2940.53, 0.027], [2940.54, 0.014], [2940.55, 0.009], [2940.56, 0.038], [2940.57, 0.358], [2940.58, 0.014], [2940.59, 0.009], [2940.6, 0.951], [2940.61, 0.116], [2940.62, 0.023], [2940.63, 0.017], [2940.64, 0.057]], "timestamp": "2025-12-19T18:01:13.239229+00:00"}, {"symbol": "ETHUSDT", "bids": [[2946.01, 22.294], [2946.0, 1.154], [2945.99, 0.025], [2945.98, 0.027], [2945.97, 0.049], [2945.96, 0.026], [2945.95, 0.009], [2945.94, 0.367], [2945.93, 0.026], [2945.92, 0.009], [2945.9, 0.369], [2945.89, 0.017], [2945.88, 0.022], [2945.86, 0.023], [2945.85, 0.03], [2945.84, 0.361], [2945.83, 0.449], [2945.82, 0.361], [2945.81, 0.033], [2945.8, 0.057]], "asks": [[2946.02, 79.644], [2946.03, 1.712], [2946.06, 0.017], [2946.09, 0.023], [2946.1, 0.008], [2946.11, 0.014], [2946.12, 0.009], [2946.13, 0.023], [2946.14, 0.008], [2946.15, 0.009], [2946.16, 1.72], [2946.17, 0.007], [2946.18, 0.031], [2946.2, 0.014], [2946.21, 0.017], [2946.24, 0.009], [2946.25, 1.989], [2946.26, 0.007], [2946.27, 0.009], [2946.28, 0.018]], "timestamp": "2025-12-19T18:02:05.994112+00:00"}, {"symbol": "ETHUSDT", "bids": [[2947.35, 48.222], [2947.34, 0.008], [2947.32, 0.008], [2947.31, 0.009], [2947.3, 0.014], [2947.29, 0.008], [2947.28, 0.03], [2947.26, 0.008], [2947.25, 0.009], [2947.23, 0.023], [2947.22, 0.009], [2947.2, 4.462], [2947.19, 9.836], [2947.18, 0.014], [2947.16, 1.714], [2947.15, 0.017], [2947.14, 0.346], [2947.13, 1.358], [2947.12, 0.472], [2947.11, 0.008]], "asks": [[2947.36, 47.118], [2947.37, 0.022], [2947.39, 0.009], [2947.4, 0.008], [2947.41, 0.029], [2947.42, 0.023], [2947.43, 0.056], [2947.44, 0.015], [2947.45, 0.023], [2947.46, 0.008], [2947.47, 0.372], [2947.48, 0.14], [2947.49, 0.014], [2947.5, 0.19], [2947.51, 23.145], [2947.52, 0.016], [2947.53, 20.385], [2947.54, 0.008], [2947.55, 1.901], [2947.56, 0.476]], "timestamp": "2025-12-19T18:02:59.241959+00:00"}, {"symbol": "ETHUSDT", "bids": [[2945.17, 116.56], [2945.16, 1.72], [2945.14, 0.015], [2945.13, 4.427], [2945.12, 0.014], [2945.1, 1.75], [2945.09, 0.007], [2945.08, 0.014], [2945.07, 0.009], [2945.06, 0.017], [2945.05, 0.014], [2945.04, 0.007], [2945.03, 0.038], [2945.02, 0.014], [2945.0, 0.1], [2944.99, 1.747], [2944.98, 1.388], [2944.97, 0.009], [2944.96, 0.008], [2944.95, 0.009]], "asks": [[2945.18, 30.187], [2945.19, 0.074], [2945.2, 0.026], [2945.21, 0.008], [2945.22, 0.009], [2945.23, 0.022], [2945.24, 0.017], [2945.25, 0.023], [2945.26, 0.007], [2945.27, 0.037], [2945.28, 0.023], [2945.3, 0.022], [2945.31, 2.651], [2945.32, 15.421], [2945.33, 0.016], [2945.34, 0.023], [2945.35, 0.015], [2945.36, 0.031], [2945.37, 0.016], [2945.38, 0.014]], "timestamp": "2025-12-19T18:03:52.696016+00:00"}, {"symbol": "ETHUSDT", "bids": [[2943.88, 12.883], [2943.87, 0.007], [2943.86, 0.025], [2943.85, 0.031], [2943.84, 0.018], [2943.83, 0.023], [2943.82, 0.015], [2943.81, 0.023], [2943.8, 0.009], [2943.79, 0.022], [2943.78, 0.064], [2943.77, 0.057], [2943.76, 0.039], [2943.75, 0.009], [2943.74, 0.023], [2943.73, 0.008], [2943.72, 0.743], [2943.71, 0.025], [2943.7, 0.04], [2943.69, 0.688]], "asks": [[2943.89, 100.67], [2943.9, 0.021], [2943.91, 0.015], [2943.92, 0.015], [2943.93, 0.016], [2943.94, 0.009], [2943.95, 0.008], [2943.96, 0.023], [2943.97, 0.025], [2943.98, 0.014], [2943.99, 1.708], [2944.0, 0.031], [2944.01, 0.008], [2944.02, 0.023], [2944.03, 0.009], [2944.04, 10.179], [2944.05, 1.655], [2944.06, 1.715], [2944.08, 1.148], [2944.09, 0.026]], "timestamp": "2025-12-19T18:04:46.561895+00:00"}, {"symbol": "ETHUSDT", "bids": [[2949.84, 29.274], [2949.83, 0.034], [2949.82, 0.009], [2949.81, 0.281], [2949.8, 0.052], [2949.79, 0.057], [2949.78, 0.008], [2949.77, 0.055], [2949.76, 0.009], [2949.75, 0.362], [2949.74, 0.026], [2949.73, 0.023], [2949.72, 0.433], [2949.71, 0.037], [2949.7, 0.133], [2949.69, 0.021], [2949.68, 0.032], [2949.67, 0.017], [2949.66, 0.046], [2949.65, 0.018]], "asks": [[2949.85, 59.634], [2949.86, 1.364], [2949.87, 0.007], [2949.88, 0.008], [2949.89, 0.009], [2949.9, 0.007], [2949.92, 0.023], [2949.93, 1.733], [2949.94, 0.044], [2949.95, 0.097], [2949.96, 0.022], [2949.97, 0.009], [2949.98, 0.021], [2949.99, 1.376], [2950.0, 0.026], [2950.03, 0.009], [2950.04, 1.703], [2950.05, 0.008], [2950.06, 0.009], [2950.08, 1.776]], "timestamp": "2025-12-19T18:05:39.705351+00:00"}, {"symbol": "ETHUSDT", "bids": [[2950.74, 44.343], [2950.73, 0.015], [2950.72, 0.821], [2950.71, 2.05], [2950.7, 0.023], [2950.69, 0.032], [2950.68, 1.032], [2950.67, 0.021], [2950.66, 0.025], [2950.65, 0.039], [2950.64, 1.743], [2950.63, 0.023], [2950.62, 0.017], [2950.61, 0.017], [2950.6, 10.389], [2950.59, 0.017], [2950.58, 3.082], [2950.57, 0.026], [2950.56, 0.042], [2950.55, 0.009]], "asks": [[2950.75, 13.516], [2950.76, 0.007], [2950.77, 0.024], [2950.78, 0.015], [2950.79, 0.009], [2950.8, 0.03], [2950.81, 0.008], [2950.82, 0.023], [2950.83, 0.009], [2950.84, 0.022], [2950.85, 0.009], [2950.86, 0.023], [2950.87, 0.008], [2950.88, 2.727], [2950.89, 10.181], [2950.9, 0.055], [2950.91, 0.016], [2950.92, 0.044], [2950.93, 0.008], [2950.94, 1.521]], "timestamp": "2025-12-19T18:06:32.547875+00:00"}, {"symbol": "ETHUSDT", "bids": [[2949.44, 17.756], [2949.43, 0.015], [2949.42, 0.015], [2949.41, 0.392], [2949.4, 0.019], [2949.39, 1.116], [2949.38, 0.03], [2949.37, 0.057], [2949.36, 0.084], [2949.35, 0.034], [2949.34, 0.017], [2949.33, 0.039], [2949.32, 0.029], [2949.31, 0.045], [2949.3, 0.088], [2949.29, 0.032], [2949.28, 5.41], [2949.27, 1.396], [2949.26, 0.367], [2949.25, 0.023]], "asks": [[2949.45, 132.035], [2949.46, 0.014], [2949.48, 0.585], [2949.49, 1.705], [2949.5, 0.034], [2949.51, 0.008], [2949.52, 0.03], [2949.53, 0.009], [2949.54, 0.022], [2949.55, 1.705], [2949.56, 0.844], [2949.57, 0.024], [2949.58, 0.063], [2949.59, 0.011], [2949.6, 0.038], [2949.61, 0.03], [2949.63, 1.186], [2949.64, 1.719], [2949.65, 0.017], [2949.66, 0.061]], "timestamp": "2025-12-19T18:07:25.590114+00:00"}, {"symbol": "ETHUSDT", "bids": [[2945.91, 96.694], [2945.9, 0.02], [2945.89, 0.008], [2945.88, 0.021], [2945.87, 0.017], [2945.86, 0.031], [2945.84, 0.023], [2945.83, 0.009], [2945.82, 1.735], [2945.81, 0.302], [2945.8, 0.03], [2945.79, 0.056], [2945.78, 0.023], [2945.77, 0.009], [2945.76, 1.729], [2945.75, 0.024], [2945.74, 0.03], [2945.73, 0.016], [2945.72, 0.017], [2945.71, 0.04]], "asks": [[2945.92, 38.953], [2945.93, 0.021], [2945.94, 0.563], [2945.95, 0.014], [2945.96, 0.009], [2945.97, 0.725], [2945.99, 0.021], [2946.0, 0.683], [2946.01, 0.014], [2946.02, 0.047], [2946.03, 0.051], [2946.05, 0.023], [2946.06, 0.387], [2946.07, 0.009], [2946.08, 0.072], [2946.09, 0.109], [2946.1, 0.042], [2946.11, 0.038], [2946.12, 0.018], [2946.13, 0.034]], "timestamp": "2025-12-19T18:08:19.452083+00:00"}, {"symbol": "ETHUSDT", "bids": [[2944.8, 30.028], [2944.79, 0.067], [2944.77, 0.008], [2944.76, 0.023], [2944.75, 0.023], [2944.73, 0.023], [2944.72, 0.017], [2944.71, 0.014], [2944.7, 0.096], [2944.69, 0.031], [2944.68, 0.507], [2944.67, 3.181], [2944.66, 0.151], [2944.65, 0.014], [2944.64, 3.417], [2944.63, 7.134], [2944.62, 1.051], [2944.61, 2.023], [2944.6, 2.939], [2944.59, 2.199]], "asks": [[2944.81, 45.866], [2944.82, 0.021], [2944.83, 0.009], [2944.84, 0.017], [2944.85, 0.009], [2944.86, 0.009], [2944.87, 0.009], [2944.88, 0.014], [2944.89, 0.028], [2944.9, 0.03], [2944.92, 0.039], [2944.94, 0.031], [2944.95, 0.017], [2944.96, 0.023], [2944.97, 0.017], [2944.98, 0.857], [2944.99, 0.028], [2945.0, 3.681], [2945.01, 0.009], [2945.02, 1.6]], "timestamp": "2025-12-19T18:09:13.227396+00:00"}, {"symbol": "ETHUSDT", "bids": [[2947.88, 23.364], [2947.87, 0.015], [2947.86, 0.007], [2947.85, 0.017], [2947.84, 0.023], [2947.83, 0.021], [2947.82, 0.017], [2947.81, 0.758], [2947.8, 0.568], [2947.79, 0.031], [2947.78, 0.142], [2947.77, 0.014], [2947.76, 0.46], [2947.74, 0.031], [2947.73, 0.018], [2947.72, 0.029], [2947.71, 0.355], [2947.7, 0.079], [2947.69, 0.008], [2947.68, 0.09]], "asks": [[2947.89, 73.285], [2947.9, 0.021], [2947.91, 1.705], [2947.93, 0.009], [2947.94, 0.017], [2947.95, 0.016], [2947.96, 0.009], [2947.97, 0.014], [2947.98, 0.016], [2947.99, 0.031], [2948.0, 0.014], [2948.01, 0.009], [2948.02, 0.023], [2948.03, 1.713], [2948.04, 0.037], [2948.05, 0.009], [2948.06, 0.029], [2948.07, 0.017], [2948.08, 0.031], [2948.09, 1.381]], "timestamp": "2025-12-19T18:10:06.256459+00:00"}, {"symbol": "ETHUSDT", "bids": [[2949.61, 142.887], [2949.6, 3.015], [2949.59, 3.128], [2949.57, 18.502], [2949.56, 7.787], [2949.54, 0.009], [2949.53, 11.033], [2949.52, 0.035], [2949.51, 2.067], [2949.5, 0.172], [2949.49, 0.217], [2949.48, 2.432], [2949.47, 0.033], [2949.46, 1.374], [2949.45, 1.116], [2949.44, 0.449], [2949.43, 0.038], [2949.42, 1.972], [2949.41, 0.046], [2949.4, 0.123]], "asks": [[2949.62, 26.165], [2949.63, 0.015], [2949.64, 0.009], [2949.65, 0.009], [2949.66, 0.024], [2949.67, 0.009], [2949.68, 0.009], [2949.69, 0.008], [2949.7, 0.017], [2949.71, 0.02], [2949.72, 0.007], [2949.73, 0.025], [2949.74, 0.009], [2949.75, 0.007], [2949.76, 0.017], [2949.77, 0.04], [2949.79, 0.062], [2949.8, 0.033], [2949.81, 0.008], [2949.82, 0.018]], "timestamp": "2025-12-19T18:10:59.505409+00:00"}, {"symbol": "ETHUSDT", "bids": [[2946.19, 56.458], [2946.18, 0.008], [2946.17, 0.018], [2946.16, 5.379], [2946.15, 1.736], [2946.14, 1.367], [2946.12, 0.03], [2946.11, 0.017], [2946.1, 0.056], [2946.09, 1.698], [2946.08, 0.04], [2946.07, 0.177], [2946.06, 1.179], [2946.05, 0.316], [2946.04, 9.28], [2946.03, 10.232], [2946.02, 1.748], [2946.01, 0.065], [2946.0, 9.957], [2945.99, 9.519]], "asks": [[2946.2, 18.486], [2946.21, 0.014], [2946.23, 0.015], [2946.24, 0.016], [2946.25, 0.023], [2946.26, 0.024], [2946.27, 0.021], [2946.28, 0.018], [2946.29, 0.09], [2946.3, 0.108], [2946.31, 0.023], [2946.32, 0.411], [2946.33, 0.016], [2946.34, 0.031], [2946.35, 0.007], [2946.36, 2.169], [2946.37, 0.009], [2946.38, 0.022], [2946.39, 0.178], [2946.4, 0.042]], "timestamp": "2025-12-19T18:11:52.430953+00:00"}, {"symbol": "ETHUSDT", "bids": [[2945.41, 87.798], [2945.4, 1.788], [2945.39, 0.026], [2945.38, 0.887], [2945.37, 0.009], [2945.36, 0.021], [2945.35, 0.016], [2945.34, 0.017], [2945.33, 0.021], [2945.32, 0.341], [2945.31, 0.023], [2945.3, 0.026], [2945.29, 0.021], [2945.28, 0.009], [2945.27, 0.022], [2945.26, 0.024], [2945.25, 0.023], [2945.23, 10.412], [2945.22, 0.702], [2945.21, 0.031]], "asks": [[2945.42, 25.799], [2945.43, 3.483], [2945.44, 0.068], [2945.45, 0.025], [2945.46, 0.025], [2945.47, 0.018], [2945.48, 0.031], [2945.49, 0.05], [2945.5, 0.028], [2945.51, 0.054], [2945.53, 0.064], [2945.54, 4.769], [2945.55, 0.043], [2945.56, 0.403], [2945.57, 0.03], [2945.58, 0.009], [2945.59, 0.014], [2945.6, 0.536], [2945.61, 2.698], [2945.62, 0.023]], "timestamp": "2025-12-19T18:12:45.388294+00:00"}, {"symbol": "ETHUSDT", "bids": [[2947.38, 40.027], [2947.37, 0.547], [2947.36, 1.012], [2947.35, 0.348], [2947.34, 0.017], [2947.33, 0.021], [2947.32, 0.026], [2947.31, 0.021], [2947.3, 0.03], [2947.29, 0.047], [2947.28, 0.016], [2947.27, 0.021], [2947.26, 0.017], [2947.25, 0.031], [2947.24, 0.007], [2947.23, 0.063], [2947.22, 0.024], [2947.21, 0.039], [2947.2, 1.323], [2947.19, 0.422]], "asks": [[2947.39, 51.321], [2947.4, 0.014], [2947.41, 0.007], [2947.42, 0.007], [2947.43, 0.017], [2947.44, 0.009], [2947.46, 0.023], [2947.47, 1.744], [2947.48, 0.014], [2947.49, 0.009], [2947.5, 0.063], [2947.51, 5.273], [2947.52, 0.023], [2947.53, 0.008], [2947.54, 0.03], [2947.55, 0.009], [2947.56, 1.379], [2947.57, 2.723], [2947.58, 1.728], [2947.59, 0.031]], "timestamp": "2025-12-19T18:13:38.534924+00:00"}, {"symbol": "ETHUSDT", "bids": [[2946.25, 11.784], [2946.24, 0.111], [2946.23, 0.009], [2946.22, 2.047], [2946.21, 12.806], [2946.2, 0.053], [2946.19, 0.008], [2946.18, 0.03], [2946.17, 0.419], [2946.16, 0.044], [2946.15, 0.357], [2946.14, 0.023], [2946.13, 0.017], [2946.12, 0.038], [2946.11, 0.009], [2946.1, 0.081], [2946.09, 0.035], [2946.08, 0.131], [2946.07, 0.009], [2946.06, 0.047]], "asks": [[2946.26, 227.337], [2946.27, 8.724], [2946.29, 0.032], [2946.3, 0.237], [2946.31, 1.191], [2946.32, 0.015], [2946.33, 0.051], [2946.34, 0.009], [2946.35, 1.719], [2946.36, 0.216], [2946.37, 0.029], [2946.38, 0.017], [2946.39, 0.03], [2946.4, 0.042], [2946.41, 4.333], [2946.42, 0.045], [2946.43, 0.007], [2946.44, 0.054], [2946.45, 0.009], [2946.46, 16.29]], "timestamp": "2025-12-19T18:14:31.374027+00:00"}, {"symbol": "ETHUSDT", "bids": [[2947.69, 12.49], [2947.68, 0.008], [2947.67, 0.008], [2947.66, 0.079], [2947.65, 0.527], [2947.64, 0.024], [2947.62, 0.023], [2947.61, 0.017], [2947.59, 0.023], [2947.58, 0.009], [2947.57, 1.01], [2947.56, 0.472], [2947.55, 0.009], [2947.54, 1.02], [2947.53, 0.06], [2947.52, 0.396], [2947.5, 0.393], [2947.49, 8.134], [2947.48, 0.254], [2947.47, 33.649]], "asks": [[2947.7, 92.958], [2947.71, 3.747], [2947.73, 0.015], [2947.74, 0.009], [2947.75, 0.023], [2947.76, 0.031], [2947.77, 1.751], [2947.78, 0.023], [2947.79, 0.037], [2947.8, 3.674], [2947.81, 0.057], [2947.82, 0.007], [2947.83, 0.038], [2947.84, 2.095], [2947.85, 1.389], [2947.86, 0.015], [2947.87, 0.032], [2947.89, 0.033], [2947.9, 3.659], [2947.91, 5.493]], "timestamp": "2025-12-19T18:15:24.611852+00:00"}, {"symbol": "ETHUSDT", "bids": [[2954.72, 80.695], [2954.71, 0.865], [2954.7, 21.946], [2954.69, 0.865], [2954.68, 17.106], [2954.67, 17.106], [2954.66, 189.063], [2954.65, 33.289], [2954.64, 1.74], [2954.63, 0.875], [2954.62, 62.333], [2954.61, 6.575], [2954.6, 56.765], [2954.59, 3.505], [2954.58, 37.337], [2954.56, 6.056], [2954.54, 0.008], [2954.51, 0.008], [2954.5, 12.392], [2954.49, 0.007]], "asks": [[2954.74, 80.105], [2954.75, 14.503], [2954.76, 0.103], [2954.77, 0.063], [2954.78, 0.022], [2954.79, 0.017], [2954.8, 0.141], [2954.81, 0.031], [2954.82, 1.238], [2954.83, 0.016], [2954.84, 0.05], [2954.85, 0.009], [2954.86, 0.023], [2954.87, 0.016], [2954.88, 0.048], [2954.89, 0.009], [2954.9, 0.385], [2954.91, 0.36], [2954.92, 0.009], [2954.93, 0.035]], "timestamp": "2025-12-19T18:16:17.756014+00:00"}, {"symbol": "ETHUSDT", "bids": [[2955.51, 1.531], [2955.5, 0.335], [2955.49, 0.016], [2955.48, 0.033], [2955.47, 0.02], [2955.45, 0.026], [2955.43, 0.085], [2955.42, 0.008], [2955.41, 0.029], [2955.4, 0.041], [2955.39, 0.383], [2955.38, 0.019], [2955.37, 0.498], [2955.36, 0.184], [2955.35, 0.097], [2955.34, 1.028], [2955.33, 0.111], [2955.32, 1.748], [2955.31, 0.038], [2955.3, 0.057]], "asks": [[2955.52, 120.507], [2955.53, 0.014], [2955.54, 0.007], [2955.55, 0.015], [2955.56, 0.009], [2955.57, 1.701], [2955.58, 0.031], [2955.6, 1.17], [2955.61, 0.023], [2955.62, 0.009], [2955.63, 2.052], [2955.64, 0.009], [2955.65, 0.023], [2955.66, 0.017], [2955.67, 0.023], [2955.68, 19.825], [2955.69, 61.45], [2955.7, 0.039], [2955.71, 0.023], [2955.72, 0.017]], "timestamp": "2025-12-19T18:17:10.813212+00:00"}, {"symbol": "ETHUSDT", "bids": [[2952.24, 179.387], [2952.23, 0.44], [2952.2, 0.009], [2952.19, 1.052], [2952.18, 0.007], [2952.17, 1.424], [2952.16, 0.024], [2952.15, 5.477], [2952.14, 1.71], [2952.13, 1.672], [2952.12, 1.44], [2952.11, 0.109], [2952.1, 3.046], [2952.09, 0.514], [2952.08, 0.046], [2952.07, 0.03], [2952.06, 1.703], [2952.05, 0.031], [2952.04, 1.725], [2952.03, 0.023]], "asks": [[2952.25, 15.912], [2952.26, 0.042], [2952.27, 0.033], [2952.28, 0.034], [2952.29, 0.018], [2952.3, 0.08], [2952.31, 0.016], [2952.32, 0.021], [2952.33, 0.036], [2952.34, 0.03], [2952.36, 0.039], [2952.37, 0.016], [2952.38, 0.023], [2952.39, 0.009], [2952.4, 0.026], [2952.41, 0.058], [2952.42, 0.18], [2952.43, 0.023], [2952.44, 0.042], [2952.45, 0.047]], "timestamp": "2025-12-19T18:18:04.983495+00:00"}, {"symbol": "ETHUSDT", "bids": [[2957.66, 6.442], [2957.65, 12.0], [2957.64, 22.615], [2957.63, 7.283], [2957.62, 36.785], [2957.61, 50.104], [2957.6, 10.123], [2957.58, 0.008], [2957.56, 8.759], [2957.55, 0.008], [2957.54, 21.937], [2957.53, 30.378], [2957.52, 20.254], [2957.5, 23.778], [2957.49, 0.008], [2957.48, 30.369], [2957.47, 1.7], [2957.46, 0.015], [2957.45, 20.246], [2957.44, 11.382]], "asks": [[2957.67, 6.665], [2957.69, 0.841], [2957.7, 45.971], [2957.71, 0.266], [2957.72, 0.008], [2957.73, 0.016], [2957.74, 0.009], [2957.75, 0.214], [2957.76, 7.07], [2957.77, 0.017], [2957.78, 0.413], [2957.79, 0.025], [2957.8, 0.083], [2957.81, 1.766], [2957.82, 0.216], [2957.83, 0.25], [2957.84, 0.022], [2957.85, 1.753], [2957.86, 0.007], [2957.87, 0.48]], "timestamp": "2025-12-19T18:18:59.153949+00:00"}, {"symbol": "ETHUSDT", "bids": [[2959.78, 26.778], [2959.77, 0.014], [2959.76, 0.439], [2959.75, 0.391], [2959.74, 0.705], [2959.73, 0.009], [2959.71, 0.117], [2959.7, 0.023], [2959.69, 1.704], [2959.68, 0.017], [2959.67, 0.009], [2959.66, 0.023], [2959.65, 0.015], [2959.64, 0.023], [2959.63, 0.03], [2959.62, 0.008], [2959.61, 0.023], [2959.6, 0.016], [2959.59, 0.03], [2959.58, 3.73]], "asks": [[2959.79, 55.574], [2959.8, 0.236], [2959.81, 1.409], [2959.82, 0.062], [2959.83, 0.024], [2959.84, 0.03], [2959.85, 0.051], [2959.86, 0.023], [2959.88, 0.892], [2959.89, 0.018], [2959.9, 0.008], [2959.91, 0.031], [2959.92, 0.025], [2959.93, 0.038], [2959.94, 0.017], [2959.95, 0.032], [2959.96, 1.681], [2959.97, 0.016], [2959.98, 0.142], [2959.99, 31.713]], "timestamp": "2025-12-19T18:19:52.504911+00:00"}, {"symbol": "ETHUSDT", "bids": [[2961.83, 42.03], [2961.82, 0.007], [2961.81, 0.007], [2961.8, 0.015], [2961.79, 0.009], [2961.78, 0.023], [2961.77, 0.007], [2961.76, 0.031], [2961.75, 0.009], [2961.74, 0.021], [2961.73, 0.103], [2961.72, 0.057], [2961.71, 0.008], [2961.7, 0.03], [2961.69, 0.009], [2961.68, 0.402], [2961.67, 0.008], [2961.66, 0.023], [2961.65, 1.47], [2961.64, 1.805]], "asks": [[2961.84, 31.238], [2961.85, 0.834], [2961.86, 0.017], [2961.87, 0.088], [2961.88, 0.023], [2961.89, 0.029], [2961.9, 0.066], [2961.91, 0.105], [2961.92, 0.058], [2961.93, 0.191], [2961.94, 0.049], [2961.95, 0.016], [2961.96, 0.057], [2961.97, 4.779], [2961.98, 9.869], [2961.99, 0.033], [2962.0, 5.761], [2962.01, 1.683], [2962.02, 2.394], [2962.03, 0.08]], "timestamp": "2025-12-19T18:20:45.527645+00:00"}, {"symbol": "ETHUSDT", "bids": [[2966.82, 21.352], [2966.81, 0.007], [2966.8, 0.008], [2966.78, 0.009], [2966.76, 0.017], [2966.75, 0.676], [2966.74, 0.007], [2966.73, 0.031], [2966.72, 0.009], [2966.71, 0.014], [2966.7, 0.031], [2966.69, 0.031], [2966.68, 1.162], [2966.67, 0.023], [2966.66, 2.047], [2966.65, 1.241], [2966.64, 0.553], [2966.63, 0.038], [2966.62, 4.002], [2966.61, 0.032]], "asks": [[2966.83, 110.797], [2966.84, 0.362], [2966.85, 0.109], [2966.86, 0.062], [2966.87, 0.06], [2966.88, 0.03], [2966.89, 0.009], [2966.9, 0.74], [2966.91, 0.466], [2966.92, 0.023], [2966.93, 0.424], [2966.94, 1.718], [2966.95, 0.014], [2966.96, 0.032], [2966.97, 0.03], [2966.99, 0.433], [2967.0, 1.426], [2967.01, 0.766], [2967.02, 1.382], [2967.03, 0.298]], "timestamp": "2025-12-19T18:21:38.190446+00:00"}, {"symbol": "ETHUSDT", "bids": [[2965.44, 178.123], [2965.43, 1.708], [2965.42, 0.008], [2965.41, 0.344], [2965.4, 0.44], [2965.39, 0.016], [2965.38, 0.008], [2965.37, 0.023], [2965.36, 0.016], [2965.35, 4.61], [2965.34, 0.186], [2965.33, 0.056], [2965.32, 0.022], [2965.31, 0.038], [2965.3, 1.703], [2965.29, 4.075], [2965.28, 0.015], [2965.27, 0.048], [2965.26, 3.991], [2965.25, 23.446]], "asks": [[2965.45, 2.334], [2965.46, 0.015], [2965.48, 0.03], [2965.49, 0.009], [2965.5, 0.046], [2965.51, 0.007], [2965.52, 0.03], [2965.53, 0.99], [2965.55, 0.016], [2965.56, 0.024], [2965.57, 0.125], [2965.58, 0.017], [2965.59, 0.02], [2965.6, 1.805], [2965.61, 0.01], [2965.62, 0.074], [2965.63, 0.031], [2965.64, 0.023], [2965.65, 0.032], [2965.66, 0.358]], "timestamp": "2025-12-19T18:22:31.841779+00:00"}, {"symbol": "ETHUSDT", "bids": [[2963.64, 197.724], [2963.63, 1.326], [2963.62, 0.108], [2963.61, 0.015], [2963.6, 1.298], [2963.59, 1.705], [2963.58, 0.36], [2963.56, 0.031], [2963.55, 4.009], [2963.54, 0.023], [2963.53, 0.017], [2963.52, 2.215], [2963.51, 1.688], [2963.5, 0.023], [2963.49, 0.009], [2963.48, 2.749], [2963.47, 0.009], [2963.46, 0.031], [2963.45, 0.168], [2963.44, 0.823]], "asks": [[2963.65, 14.443], [2963.66, 0.021], [2963.67, 0.007], [2963.68, 0.025], [2963.69, 0.017], [2963.7, 0.045], [2963.71, 0.016], [2963.72, 0.031], [2963.73, 0.06], [2963.74, 0.506], [2963.75, 0.034], [2963.76, 0.021], [2963.77, 0.007], [2963.78, 0.026], [2963.79, 0.038], [2963.8, 0.053], [2963.81, 6.715], [2963.82, 0.072], [2963.83, 0.116], [2963.84, 0.056]], "timestamp": "2025-12-19T18:23:24.578719+00:00"}, {"symbol": "ETHUSDT", "bids": [[2963.74, 26.786], [2963.73, 0.007], [2963.72, 7.008], [2963.71, 0.02], [2963.7, 0.091], [2963.68, 0.051], [2963.67, 0.023], [2963.66, 0.016], [2963.65, 0.031], [2963.64, 0.371], [2963.63, 0.023], [2963.62, 1.658], [2963.61, 0.359], [2963.6, 0.017], [2963.59, 0.031], [2963.58, 0.025], [2963.57, 0.047], [2963.56, 0.44], [2963.55, 1.118], [2963.54, 0.054]], "asks": [[2963.75, 76.929], [2963.76, 0.014], [2963.77, 0.008], [2963.78, 7.924], [2963.79, 0.016], [2963.8, 0.038], [2963.82, 0.023], [2963.83, 1.745], [2963.84, 0.014], [2963.85, 0.009], [2963.86, 0.031], [2963.87, 0.009], [2963.88, 0.037], [2963.9, 0.038], [2963.91, 6.193], [2963.92, 1.35], [2963.93, 0.009], [2963.94, 0.031], [2963.95, 12.657], [2963.96, 2.127]], "timestamp": "2025-12-19T18:24:17.953547+00:00"}, {"symbol": "ETHUSDT", "bids": [[2963.45, 54.065], [2963.44, 0.383], [2963.43, 0.024], [2963.42, 0.023], [2963.41, 0.009], [2963.4, 3.409], [2963.39, 1.366], [2963.38, 0.021], [2963.37, 1.329], [2963.36, 0.833], [2963.35, 0.008], [2963.34, 2.417], [2963.33, 1.044], [2963.32, 0.064], [2963.31, 0.023], [2963.3, 0.062], [2963.29, 0.048], [2963.28, 1.727], [2963.27, 11.322], [2963.26, 0.014]], "asks": [[2963.46, 1.763], [2963.47, 0.014], [2963.48, 0.008], [2963.5, 0.016], [2963.51, 0.023], [2963.52, 0.015], [2963.53, 0.03], [2963.54, 0.009], [2963.56, 0.024], [2963.57, 0.016], [2963.58, 0.008], [2963.59, 0.03], [2963.6, 0.031], [2963.61, 0.007], [2963.62, 0.041], [2963.63, 0.009], [2963.64, 1.246], [2963.65, 7.589], [2963.66, 0.033], [2963.67, 0.023]], "timestamp": "2025-12-19T18:25:11.180221+00:00"}, {"symbol": "ETHUSDT", "bids": [[2964.08, 80.654], [2964.07, 0.014], [2964.06, 0.009], [2964.05, 1.695], [2964.04, 0.026], [2964.03, 0.014], [2964.02, 0.008], [2964.01, 0.025], [2964.0, 0.021], [2963.99, 0.051], [2963.98, 0.936], [2963.97, 0.015], [2963.96, 2.127], [2963.95, 0.026], [2963.94, 0.037], [2963.93, 0.03], [2963.92, 0.043], [2963.91, 0.032], [2963.9, 1.716], [2963.89, 0.891]], "asks": [[2964.09, 25.362], [2964.1, 0.015], [2964.13, 0.009], [2964.14, 0.023], [2964.15, 0.015], [2964.16, 0.023], [2964.17, 0.009], [2964.18, 0.244], [2964.19, 0.017], [2964.2, 0.023], [2964.21, 0.008], [2964.22, 0.03], [2964.23, 0.009], [2964.24, 0.238], [2964.25, 0.016], [2964.26, 3.015], [2964.27, 0.017], [2964.29, 0.018], [2964.3, 9.708], [2964.31, 0.011]], "timestamp": "2025-12-19T18:26:04.427249+00:00"}, {"symbol": "ETHUSDT", "bids": [[2969.38, 79.797], [2969.37, 1.352], [2969.36, 0.009], [2969.35, 0.086], [2969.34, 0.009], [2969.33, 0.016], [2969.32, 7.366], [2969.31, 0.007], [2969.3, 0.046], [2969.29, 0.016], [2969.28, 0.029], [2969.27, 0.009], [2969.26, 1.756], [2969.25, 0.381], [2969.24, 0.009], [2969.23, 7.204], [2969.22, 0.008], [2969.21, 0.054], [2969.2, 5.08], [2969.19, 0.03]], "asks": [[2969.39, 2.138], [2969.4, 0.028], [2969.42, 0.008], [2969.43, 0.009], [2969.44, 0.009], [2969.45, 0.108], [2969.46, 0.023], [2969.47, 0.009], [2969.48, 0.014], [2969.49, 0.017], [2969.5, 0.023], [2969.51, 0.008], [2969.52, 0.023], [2969.53, 0.017], [2969.54, 0.021], [2969.55, 0.024], [2969.56, 0.031], [2969.58, 0.023], [2969.59, 0.026], [2969.6, 9.797]], "timestamp": "2025-12-19T18:26:57.778539+00:00"}, {"symbol": "ETHUSDT", "bids": [[2969.68, 54.03], [2969.67, 1.118], [2969.66, 0.025], [2969.65, 0.017], [2969.64, 0.129], [2969.63, 4.122], [2969.62, 1.356], [2969.61, 0.021], [2969.6, 0.029], [2969.59, 0.023], [2969.58, 0.017], [2969.57, 0.014], [2969.56, 0.009], [2969.55, 3.978], [2969.54, 4.53], [2969.53, 6.158], [2969.52, 0.024], [2969.51, 0.014], [2969.5, 0.379], [2969.49, 3.062]], "asks": [[2969.69, 19.346], [2969.7, 0.042], [2969.71, 0.043], [2969.72, 0.037], [2969.73, 0.009], [2969.74, 0.038], [2969.75, 0.015], [2969.76, 0.023], [2969.77, 0.024], [2969.78, 1.698], [2969.79, 0.032], [2969.8, 0.03], [2969.81, 0.024], [2969.82, 0.044], [2969.84, 13.663], [2969.85, 9.863], [2969.86, 0.023], [2969.87, 0.389], [2969.88, 0.125], [2969.89, 0.148]], "timestamp": "2025-12-19T18:27:50.709260+00:00"}, {"symbol": "ETHUSDT", "bids": [[2966.45, 140.139], [2966.44, 0.007], [2966.43, 0.007], [2966.42, 0.008], [2966.41, 0.392], [2966.4, 0.03], [2966.39, 0.008], [2966.38, 0.023], [2966.37, 0.009], [2966.36, 0.761], [2966.35, 0.982], [2966.34, 0.031], [2966.33, 0.008], [2966.32, 0.03], [2966.31, 0.009], [2966.3, 3.32], [2966.29, 0.141], [2966.28, 0.03], [2966.26, 0.031], [2966.25, 0.418]], "asks": [[2966.46, 17.401], [2966.47, 0.023], [2966.49, 0.842], [2966.5, 0.033], [2966.52, 0.021], [2966.53, 0.026], [2966.54, 0.864], [2966.55, 0.431], [2966.56, 0.023], [2966.57, 0.025], [2966.58, 0.021], [2966.59, 0.009], [2966.6, 0.419], [2966.61, 2.34], [2966.62, 10.366], [2966.63, 0.077], [2966.64, 0.114], [2966.65, 0.039], [2966.66, 0.131], [2966.67, 0.016]], "timestamp": "2025-12-19T18:28:43.645970+00:00"}, {"symbol": "ETHUSDT", "bids": [[2967.27, 1.132], [2967.26, 0.007], [2967.25, 0.008], [2967.23, 0.009], [2967.22, 0.031], [2967.21, 0.177], [2967.2, 0.023], [2967.19, 0.008], [2967.18, 0.009], [2967.17, 0.009], [2967.16, 0.03], [2967.15, 0.008], [2967.14, 0.023], [2967.13, 0.009], [2967.12, 0.022], [2967.11, 0.009], [2967.1, 0.023], [2967.09, 0.008], [2967.08, 0.023], [2967.07, 0.068]], "asks": [[2967.28, 76.765], [2967.29, 0.022], [2967.3, 0.049], [2967.31, 0.024], [2967.32, 0.026], [2967.33, 1.714], [2967.34, 0.075], [2967.35, 73.298], [2967.36, 0.051], [2967.37, 0.009], [2967.38, 0.043], [2967.39, 0.038], [2967.4, 3.454], [2967.41, 0.176], [2967.42, 0.237], [2967.43, 3.024], [2967.44, 0.902], [2967.45, 1.486], [2967.46, 9.744], [2967.47, 21.19]], "timestamp": "2025-12-19T18:29:36.603046+00:00"}, {"symbol": "ETHUSDT", "bids": [[2968.28, 11.789], [2968.27, 0.007], [2968.26, 0.175], [2968.25, 0.385], [2968.24, 0.009], [2968.23, 0.102], [2968.22, 0.007], [2968.21, 0.023], [2968.2, 0.031], [2968.19, 0.014], [2968.18, 0.009], [2968.17, 0.031], [2968.16, 0.008], [2968.15, 1.212], [2968.14, 0.352], [2968.13, 4.059], [2968.12, 0.038], [2968.11, 0.417], [2968.1, 0.011], [2968.09, 0.031]], "asks": [[2968.29, 91.517], [2968.3, 0.023], [2968.31, 0.028], [2968.33, 0.033], [2968.34, 0.073], [2968.36, 0.021], [2968.37, 0.026], [2968.38, 1.701], [2968.39, 0.051], [2968.4, 0.028], [2968.41, 0.042], [2968.42, 0.044], [2968.43, 1.694], [2968.44, 1.098], [2968.45, 2.707], [2968.46, 0.032], [2968.47, 0.007], [2968.48, 0.023], [2968.49, 9.21], [2968.5, 14.249]], "timestamp": "2025-12-19T18:30:29.648207+00:00"}, {"symbol": "ETHUSDT", "bids": [[2965.59, 134.195], [2965.58, 1.82], [2965.56, 1.231], [2965.55, 1.358], [2965.54, 0.169], [2965.53, 0.008], [2965.52, 0.023], [2965.51, 2.537], [2965.5, 11.739], [2965.49, 0.009], [2965.48, 0.068], [2965.47, 0.008], [2965.46, 0.023], [2965.45, 12.683], [2965.44, 30.788], [2965.43, 0.031], [2965.42, 1.363], [2965.41, 0.024], [2965.4, 4.034], [2965.39, 0.269]], "asks": [[2965.6, 20.026], [2965.61, 0.008], [2965.62, 0.024], [2965.63, 0.009], [2965.64, 0.238], [2965.65, 0.017], [2965.66, 0.009], [2965.67, 0.023], [2965.68, 0.051], [2965.69, 0.014], [2965.7, 0.031], [2965.71, 0.022], [2965.72, 0.885], [2965.73, 0.009], [2965.74, 0.039], [2965.75, 0.009], [2965.76, 0.045], [2965.77, 0.026], [2965.78, 0.209], [2965.8, 2.449]], "timestamp": "2025-12-19T18:31:22.367521+00:00"}, {"symbol": "ETHUSDT", "bids": [[2964.57, 12.142], [2964.56, 0.015], [2964.54, 0.016], [2964.53, 0.163], [2964.52, 0.094], [2964.51, 0.06], [2964.5, 0.029], [2964.49, 0.031], [2964.48, 0.009], [2964.47, 0.602], [2964.46, 3.711], [2964.45, 0.03], [2964.44, 2.747], [2964.43, 0.031], [2964.42, 0.192], [2964.41, 0.062], [2964.4, 0.402], [2964.39, 1.765], [2964.38, 0.05], [2964.37, 1.368]], "asks": [[2964.58, 66.906], [2964.59, 21.159], [2964.6, 0.031], [2964.61, 0.008], [2964.62, 0.024], [2964.63, 0.031], [2964.64, 0.007], [2964.65, 0.03], [2964.66, 0.017], [2964.67, 0.073], [2964.68, 0.009], [2964.69, 0.038], [2964.7, 0.851], [2964.71, 0.023], [2964.72, 0.017], [2964.73, 0.014], [2964.74, 0.017], [2964.75, 1.078], [2964.76, 0.008], [2964.77, 0.023]], "timestamp": "2025-12-19T18:32:15.427656+00:00"}, {"symbol": "ETHUSDT", "bids": [[2962.13, 14.247], [2962.12, 0.03], [2962.11, 0.009], [2962.1, 0.184], [2962.09, 0.063], [2962.08, 0.023], [2962.07, 0.067], [2962.06, 0.051], [2962.05, 0.058], [2962.03, 0.025], [2962.02, 0.008], [2962.01, 0.026], [2961.99, 0.018], [2961.98, 0.076], [2961.97, 0.031], [2961.96, 0.009], [2961.95, 0.03], [2961.94, 0.017], [2961.93, 0.047], [2961.92, 0.065]], "asks": [[2962.14, 116.445], [2962.15, 0.007], [2962.17, 0.007], [2962.18, 0.009], [2962.19, 0.017], [2962.2, 0.007], [2962.21, 0.023], [2962.22, 0.017], [2962.23, 1.365], [2962.24, 12.65], [2962.25, 3.156], [2962.26, 2.83], [2962.27, 1.705], [2962.28, 0.009], [2962.29, 0.023], [2962.3, 0.048], [2962.31, 0.009], [2962.32, 0.223], [2962.33, 0.008], [2962.34, 0.04]], "timestamp": "2025-12-19T18:33:09.087529+00:00"}, {"symbol": "ETHUSDT", "bids": [[2957.78, 89.495], [2957.77, 1.253], [2957.76, 0.018], [2957.75, 0.008], [2957.74, 0.404], [2957.73, 0.03], [2957.72, 1.946], [2957.71, 0.165], [2957.7, 0.024], [2957.69, 0.038], [2957.68, 0.043], [2957.67, 0.086], [2957.66, 0.025], [2957.65, 1.732], [2957.64, 0.833], [2957.63, 0.031], [2957.62, 1.368], [2957.61, 0.023], [2957.6, 0.036], [2957.59, 0.035]], "asks": [[2957.79, 11.182], [2957.8, 0.008], [2957.82, 0.015], [2957.83, 0.009], [2957.84, 0.009], [2957.85, 0.022], [2957.86, 0.009], [2957.87, 0.023], [2957.88, 0.022], [2957.89, 0.009], [2957.9, 0.023], [2957.91, 0.016], [2957.92, 0.03], [2957.93, 0.009], [2957.94, 0.028], [2957.95, 0.024], [2957.96, 0.402], [2957.97, 9.682], [2957.98, 0.023], [2957.99, 0.109]], "timestamp": "2025-12-19T18:34:02.334845+00:00"}, {"symbol": "ETHUSDT", "bids": [[2957.92, 1.994], [2957.91, 0.014], [2957.9, 0.02], [2957.89, 0.031], [2957.88, 0.068], [2957.87, 0.014], [2957.86, 0.016], [2957.85, 0.017], [2957.84, 0.022], [2957.83, 0.018], [2957.82, 0.022], [2957.81, 0.009], [2957.8, 0.057], [2957.79, 0.014], [2957.78, 0.016], [2957.77, 0.031], [2957.76, 0.028], [2957.75, 0.022], [2957.74, 0.043], [2957.73, 0.054]], "asks": [[2957.93, 166.929], [2957.94, 0.021], [2957.95, 0.008], [2957.96, 2.123], [2957.97, 0.387], [2957.98, 0.14], [2957.99, 0.1], [2958.0, 0.13], [2958.01, 2.195], [2958.02, 5.731], [2958.03, 0.014], [2958.04, 1.384], [2958.05, 0.009], [2958.06, 0.03], [2958.07, 0.009], [2958.08, 0.022], [2958.09, 1.719], [2958.1, 0.04], [2958.11, 0.008], [2958.12, 0.272]], "timestamp": "2025-12-19T18:34:55.686148+00:00"}, {"symbol": "ETHUSDT", "bids": [[2959.6, 104.143], [2959.59, 0.015], [2959.57, 0.016], [2959.56, 0.029], [2959.55, 0.018], [2959.54, 0.014], [2959.53, 0.038], [2959.52, 0.032], [2959.51, 0.021], [2959.5, 4.232], [2959.49, 1.733], [2959.48, 0.014], [2959.47, 0.016], [2959.46, 1.413], [2959.44, 1.24], [2959.43, 0.026], [2959.42, 18.099], [2959.41, 0.023], [2959.4, 0.064], [2959.39, 0.014]], "asks": [[2959.61, 83.068], [2959.62, 0.014], [2959.64, 0.008], [2959.65, 0.016], [2959.66, 0.023], [2959.67, 0.008], [2959.68, 0.455], [2959.69, 0.546], [2959.7, 2.724], [2959.71, 0.009], [2959.72, 0.023], [2959.73, 0.008], [2959.74, 0.045], [2959.75, 0.009], [2959.76, 0.392], [2959.77, 0.017], [2959.78, 0.031], [2959.8, 0.367], [2959.81, 0.026], [2959.82, 9.701]], "timestamp": "2025-12-19T18:35:49.735168+00:00"}, {"symbol": "ETHUSDT", "bids": [[2958.75, 3.827], [2958.74, 0.014], [2958.73, 0.868], [2958.72, 0.2], [2958.71, 0.025], [2958.7, 0.906], [2958.69, 0.009], [2958.68, 0.021], [2958.67, 0.032], [2958.66, 0.884], [2958.65, 0.016], [2958.64, 0.818], [2958.63, 0.031], [2958.62, 0.023], [2958.61, 0.021], [2958.6, 0.024], [2958.59, 0.038], [2958.58, 0.033], [2958.57, 0.368], [2958.56, 0.047]], "asks": [[2958.76, 121.508], [2958.77, 0.014], [2958.78, 0.598], [2958.79, 1.69], [2958.8, 0.009], [2958.81, 0.038], [2958.83, 0.023], [2958.84, 0.016], [2958.85, 0.014], [2958.86, 0.032], [2958.87, 1.713], [2958.88, 0.428], [2958.89, 0.023], [2958.9, 5.121], [2958.91, 0.045], [2958.92, 0.008], [2958.93, 4.372], [2958.94, 1.929], [2958.95, 2.62], [2958.96, 0.397]], "timestamp": "2025-12-19T18:36:42.696922+00:00"}, {"symbol": "ETHUSDT", "bids": [[2959.16, 28.189], [2959.15, 0.029], [2959.14, 0.123], [2959.12, 0.376], [2959.11, 0.023], [2959.1, 0.008], [2959.09, 0.037], [2959.08, 0.009], [2959.07, 0.151], [2959.06, 0.024], [2959.05, 0.057], [2959.04, 0.035], [2959.03, 0.03], [2959.02, 0.008], [2959.01, 0.038], [2959.0, 0.024], [2958.99, 0.041], [2958.98, 0.025], [2958.97, 0.038], [2958.96, 0.025]], "asks": [[2959.17, 61.02], [2959.18, 0.129], [2959.19, 2.61], [2959.2, 0.824], [2959.21, 0.009], [2959.22, 0.023], [2959.23, 1.705], [2959.24, 0.046], [2959.25, 0.039], [2959.26, 0.703], [2959.27, 0.009], [2959.28, 0.034], [2959.29, 0.073], [2959.3, 1.375], [2959.31, 1.795], [2959.32, 0.059], [2959.33, 0.017], [2959.34, 0.023], [2959.35, 10.444], [2959.36, 10.136]], "timestamp": "2025-12-19T18:37:35.229800+00:00"}, {"symbol": "ETHUSDT", "bids": [[2957.87, 29.804], [2957.86, 0.014], [2957.85, 0.101], [2957.83, 0.016], [2957.82, 0.038], [2957.81, 0.009], [2957.8, 1.725], [2957.79, 0.008], [2957.78, 0.03], [2957.77, 0.032], [2957.76, 0.029], [2957.75, 0.009], [2957.74, 0.023], [2957.73, 0.008], [2957.72, 1.714], [2957.71, 1.943], [2957.7, 0.131], [2957.69, 0.398], [2957.68, 2.413], [2957.67, 1.394]], "asks": [[2957.88, 44.285], [2957.89, 0.007], [2957.9, 0.009], [2957.91, 0.015], [2957.92, 0.396], [2957.93, 0.03], [2957.94, 0.039], [2957.95, 0.031], [2957.96, 0.009], [2957.97, 0.368], [2957.98, 0.025], [2957.99, 0.014], [2958.0, 1.132], [2958.01, 0.024], [2958.02, 0.031], [2958.03, 0.034], [2958.04, 0.021], [2958.05, 2.938], [2958.06, 9.71], [2958.07, 1.387]], "timestamp": "2025-12-19T18:38:28.273364+00:00"}, {"symbol": "ETHUSDT", "bids": [[2957.41, 47.333], [2957.4, 0.022], [2957.39, 0.008], [2957.38, 0.024], [2957.37, 0.009], [2957.36, 0.029], [2957.35, 0.088], [2957.34, 0.717], [2957.33, 0.021], [2957.32, 0.59], [2957.31, 1.706], [2957.3, 0.047], [2957.29, 1.368], [2957.28, 0.057], [2957.27, 0.033], [2957.26, 0.19], [2957.25, 0.409], [2957.24, 2.866], [2957.23, 0.031], [2957.22, 1.737]], "asks": [[2957.42, 34.939], [2957.43, 0.022], [2957.46, 0.56], [2957.47, 0.023], [2957.49, 1.721], [2957.5, 0.057], [2957.51, 0.022], [2957.52, 0.009], [2957.53, 0.023], [2957.54, 0.025], [2957.55, 1.714], [2957.56, 11.219], [2957.57, 4.145], [2957.58, 0.381], [2957.59, 0.023], [2957.6, 0.432], [2957.61, 2.775], [2957.62, 0.026], [2957.63, 0.031], [2957.64, 0.345]], "timestamp": "2025-12-19T18:39:21.637514+00:00"}, {"symbol": "ETHUSDT", "bids": [[2957.38, 46.837], [2957.37, 0.007], [2957.36, 0.052], [2957.35, 0.016], [2957.34, 0.034], [2957.33, 0.021], [2957.32, 0.584], [2957.31, 0.996], [2957.3, 0.011], [2957.29, 0.023], [2957.28, 0.055], [2957.27, 1.714], [2957.26, 0.016], [2957.25, 1.008], [2957.24, 4.104], [2957.23, 0.016], [2957.22, 0.104], [2957.21, 3.348], [2957.2, 11.784], [2957.19, 0.04]], "asks": [[2957.39, 10.695], [2957.4, 0.321], [2957.41, 0.665], [2957.42, 0.008], [2957.43, 0.016], [2957.44, 0.009], [2957.45, 0.007], [2957.46, 0.114], [2957.47, 0.031], [2957.48, 0.231], [2957.49, 0.13], [2957.5, 0.026], [2957.51, 3.41], [2957.52, 0.473], [2957.53, 0.014], [2957.54, 0.007], [2957.55, 0.047], [2957.56, 4.227], [2957.57, 0.037], [2957.58, 0.499]], "timestamp": "2025-12-19T18:40:14.564263+00:00"}, {"symbol": "ETHUSDT", "bids": [[2954.59, 60.603], [2954.58, 0.115], [2954.57, 1.216], [2954.56, 0.007], [2954.55, 1.741], [2954.54, 0.142], [2954.53, 0.067], [2954.52, 0.045], [2954.51, 0.009], [2954.5, 5.01], [2954.49, 31.745], [2954.47, 0.023], [2954.46, 0.192], [2954.45, 0.017], [2954.44, 3.02], [2954.43, 2.058], [2954.42, 0.06], [2954.41, 0.016], [2954.4, 1.316], [2954.39, 0.069]], "asks": [[2954.6, 13.722], [2954.61, 0.022], [2954.62, 0.009], [2954.63, 0.016], [2954.64, 0.024], [2954.66, 0.024], [2954.67, 0.023], [2954.68, 1.067], [2954.69, 0.054], [2954.7, 0.048], [2954.71, 0.023], [2954.72, 0.024], [2954.73, 0.009], [2954.74, 0.164], [2954.75, 0.018], [2954.76, 1.509], [2954.77, 0.009], [2954.78, 0.032], [2954.79, 0.749], [2954.8, 0.472]], "timestamp": "2025-12-19T18:41:08.324901+00:00"}, {"symbol": "ETHUSDT", "bids": [[2954.67, 18.433], [2954.66, 0.015], [2954.65, 0.016], [2954.64, 0.016], [2954.63, 0.11], [2954.62, 0.023], [2954.6, 0.031], [2954.59, 0.025], [2954.58, 0.014], [2954.57, 29.849], [2954.56, 0.03], [2954.55, 0.072], [2954.54, 0.009], [2954.53, 0.091], [2954.52, 0.025], [2954.51, 0.057], [2954.5, 0.024], [2954.49, 0.047], [2954.48, 0.022], [2954.47, 1.819]], "asks": [[2954.68, 184.321], [2954.69, 3.142], [2954.7, 0.92], [2954.71, 0.147], [2954.72, 0.814], [2954.73, 0.192], [2954.75, 0.017], [2954.76, 0.361], [2954.78, 0.023], [2954.79, 0.362], [2954.8, 1.391], [2954.81, 0.009], [2954.82, 10.144], [2954.83, 4.653], [2954.84, 0.038], [2954.85, 3.089], [2954.86, 0.014], [2954.87, 0.126], [2954.88, 0.069], [2954.9, 1.724]], "timestamp": "2025-12-19T18:42:00.959469+00:00"}, {"symbol": "ETHUSDT", "bids": [[2955.57, 44.15], [2955.56, 0.014], [2955.55, 0.007], [2955.54, 0.015], [2955.53, 0.009], [2955.52, 0.009], [2955.51, 0.825], [2955.5, 0.066], [2955.49, 0.009], [2955.48, 0.014], [2955.47, 0.024], [2955.46, 0.03], [2955.44, 0.031], [2955.43, 0.025], [2955.42, 0.023], [2955.41, 0.009], [2955.4, 0.045], [2955.39, 0.017], [2955.38, 0.314], [2955.37, 0.027]], "asks": [[2955.58, 50.405], [2955.59, 0.021], [2955.6, 0.025], [2955.61, 2.647], [2955.62, 1.79], [2955.63, 0.03], [2955.64, 0.136], [2955.65, 1.369], [2955.66, 0.025], [2955.67, 0.022], [2955.68, 1.724], [2955.69, 0.138], [2955.7, 0.109], [2955.71, 1.703], [2955.72, 0.027], [2955.73, 0.138], [2955.74, 0.009], [2955.75, 11.436], [2955.76, 6.56], [2955.77, 0.041]], "timestamp": "2025-12-19T18:42:54.089844+00:00"}, {"symbol": "ETHUSDT", "bids": [[2955.13, 55.44], [2955.12, 0.929], [2955.11, 0.009], [2955.1, 0.008], [2955.09, 0.009], [2955.08, 0.03], [2955.07, 0.025], [2955.06, 1.285], [2955.05, 5.646], [2955.04, 0.034], [2955.03, 0.363], [2955.01, 0.023], [2955.0, 0.032], [2954.99, 0.031], [2954.98, 0.007], [2954.97, 0.038], [2954.96, 0.018], [2954.95, 2.34], [2954.94, 0.027], [2954.93, 0.066]], "asks": [[2955.14, 158.699], [2955.15, 0.021], [2955.17, 0.008], [2955.18, 2.217], [2955.19, 0.016], [2955.2, 0.008], [2955.21, 0.023], [2955.22, 0.026], [2955.23, 1.706], [2955.24, 0.016], [2955.25, 0.031], [2955.26, 0.014], [2955.27, 9.479], [2955.28, 0.852], [2955.29, 2.07], [2955.3, 0.06], [2955.31, 0.142], [2955.32, 0.072], [2955.33, 0.029], [2955.34, 2.467]], "timestamp": "2025-12-19T18:43:47.353852+00:00"}, {"symbol": "ETHUSDT", "bids": [[2954.13, 182.863], [2954.12, 2.987], [2954.11, 0.023], [2954.1, 0.024], [2954.09, 1.702], [2954.08, 0.03], [2954.07, 0.016], [2954.06, 0.031], [2954.05, 0.007], [2954.04, 0.292], [2954.03, 0.009], [2954.02, 0.014], [2954.01, 1.75], [2954.0, 0.416], [2953.98, 10.207], [2953.97, 0.467], [2953.96, 0.023], [2953.95, 1.362], [2953.94, 0.099], [2953.93, 0.037]], "asks": [[2954.14, 15.121], [2954.15, 0.007], [2954.16, 0.024], [2954.17, 0.009], [2954.18, 0.016], [2954.2, 0.028], [2954.21, 0.031], [2954.22, 0.015], [2954.23, 0.032], [2954.24, 0.008], [2954.25, 0.03], [2954.26, 3.402], [2954.27, 2.238], [2954.28, 0.028], [2954.29, 0.044], [2954.3, 3.427], [2954.31, 0.685], [2954.32, 0.836], [2954.33, 0.009], [2954.34, 0.275]], "timestamp": "2025-12-19T18:44:40.398448+00:00"}, {"symbol": "ETHUSDT", "bids": [[2953.9, 30.894], [2953.89, 0.007], [2953.88, 0.007], [2953.87, 0.565], [2953.86, 1.716], [2953.85, 0.016], [2953.84, 0.015], [2953.83, 0.031], [2953.82, 0.009], [2953.81, 0.021], [2953.8, 1.822], [2953.79, 1.8], [2953.78, 0.108], [2953.77, 1.082], [2953.76, 0.018], [2953.75, 0.031], [2953.74, 0.022], [2953.73, 1.725], [2953.72, 0.853], [2953.71, 0.147]], "asks": [[2953.91, 28.276], [2953.92, 0.007], [2953.93, 0.007], [2953.95, 0.024], [2953.96, 0.03], [2953.98, 0.447], [2953.99, 1.384], [2954.0, 6.055], [2954.01, 0.157], [2954.02, 0.03], [2954.03, 0.008], [2954.04, 1.078], [2954.05, 0.016], [2954.06, 0.022], [2954.07, 1.745], [2954.08, 0.016], [2954.09, 0.022], [2954.1, 4.037], [2954.11, 0.033], [2954.12, 10.551]], "timestamp": "2025-12-19T18:45:33.442119+00:00"}, {"symbol": "ETHUSDT", "bids": [[2951.8, 2.108], [2951.79, 0.007], [2951.78, 0.008], [2951.76, 0.016], [2951.75, 0.017], [2951.74, 0.014], [2951.73, 0.135], [2951.72, 0.023], [2951.71, 0.014], [2951.7, 0.701], [2951.69, 0.023], [2951.67, 0.031], [2951.66, 0.009], [2951.65, 0.021], [2951.64, 0.397], [2951.63, 0.023], [2951.62, 0.862], [2951.61, 0.031], [2951.6, 0.034], [2951.59, 0.281]], "asks": [[2951.81, 150.306], [2951.82, 0.028], [2951.83, 0.1], [2951.85, 3.732], [2951.86, 7.194], [2951.87, 0.007], [2951.88, 2.144], [2951.89, 0.021], [2951.9, 0.053], [2951.91, 0.054], [2951.92, 3.798], [2951.93, 0.123], [2951.94, 1.382], [2951.95, 1.715], [2951.96, 0.372], [2951.97, 1.814], [2951.98, 0.055], [2951.99, 8.738], [2952.0, 0.15], [2952.01, 1.733]], "timestamp": "2025-12-19T18:46:27.305622+00:00"}, {"symbol": "ETHUSDT", "bids": [[2988.81, 78.9], [2988.8, 0.008], [2988.79, 0.008], [2988.78, 3.565], [2988.77, 0.021], [2988.76, 0.016], [2988.75, 0.358], [2988.74, 0.04], [2988.73, 6.53], [2988.72, 0.259], [2988.7, 1.098], [2988.69, 0.686], [2988.68, 1.447], [2988.67, 5.609], [2988.66, 3.971], [2988.65, 3.358], [2988.64, 7.064], [2988.63, 1.455], [2988.62, 0.009], [2988.61, 25.016]], "asks": [[2988.82, 25.805], [2988.83, 0.015], [2988.86, 0.016], [2988.87, 0.017], [2988.88, 0.017], [2988.89, 1.749], [2988.9, 0.016], [2988.91, 0.067], [2988.92, 0.02], [2988.93, 0.009], [2988.94, 1.103], [2988.95, 0.437], [2988.96, 0.51], [2988.97, 0.007], [2988.98, 0.017], [2988.99, 0.016], [2989.0, 0.408], [2989.01, 0.05], [2989.02, 3.372], [2989.03, 1.673]], "timestamp": "2025-12-19T22:12:34.768767+00:00"}, {"symbol": "ETHUSDT", "bids": [[2988.22, 15.558], [2988.2, 0.694], [2988.19, 0.009], [2988.18, 0.005], [2988.17, 0.061], [2988.16, 0.067], [2988.15, 0.007], [2988.14, 0.017], [2988.13, 2.814], [2988.12, 1.68], [2988.11, 0.017], [2988.1, 1.787], [2988.09, 0.016], [2988.08, 0.541], [2988.07, 3.393], [2988.05, 0.009], [2988.04, 1.101], [2988.03, 0.018], [2988.02, 0.03], [2988.01, 0.051]], "asks": [[2988.23, 512.986], [2988.24, 29.43], [2988.25, 13.027], [2988.26, 0.792], [2988.27, 6.319], [2988.28, 0.076], [2988.29, 16.153], [2988.3, 95.181], [2988.31, 3.142], [2988.32, 3.09], [2988.33, 1.354], [2988.34, 0.018], [2988.35, 9.918], [2988.36, 0.031], [2988.37, 2.687], [2988.38, 3.018], [2988.39, 8.779], [2988.4, 3.026], [2988.41, 0.007], [2988.42, 0.009]], "timestamp": "2025-12-19T22:13:28.635852+00:00"}, {"symbol": "ETHUSDT", "bids": [[2986.0, 151.663], [2985.99, 0.022], [2985.96, 1.241], [2985.95, 1.692], [2985.93, 0.114], [2985.92, 0.024], [2985.91, 1.147], [2985.9, 1.397], [2985.89, 1.786], [2985.87, 0.023], [2985.86, 0.138], [2985.85, 4.434], [2985.84, 0.044], [2985.83, 0.012], [2985.82, 0.009], [2985.81, 0.525], [2985.8, 0.445], [2985.79, 1.684], [2985.78, 0.386], [2985.77, 0.009]], "asks": [[2986.01, 28.465], [2986.02, 0.014], [2986.03, 0.009], [2986.04, 0.024], [2986.05, 0.009], [2986.06, 0.044], [2986.07, 0.024], [2986.08, 0.437], [2986.1, 0.032], [2986.11, 0.009], [2986.12, 0.009], [2986.13, 0.024], [2986.14, 1.266], [2986.15, 0.386], [2986.16, 0.024], [2986.17, 3.356], [2986.18, 0.018], [2986.19, 0.051], [2986.2, 0.805], [2986.21, 0.863]], "timestamp": "2025-12-19T22:14:22.084367+00:00"}, {"symbol": "ETHUSDT", "bids": [[2985.77, 147.393], [2985.76, 0.902], [2985.75, 0.442], [2985.74, 0.084], [2985.73, 0.057], [2985.72, 1.698], [2985.71, 0.165], [2985.7, 0.569], [2985.69, 1.356], [2985.67, 0.017], [2985.66, 0.096], [2985.65, 0.987], [2985.64, 0.007], [2985.63, 0.351], [2985.62, 0.009], [2985.6, 0.016], [2985.59, 1.691], [2985.58, 20.184], [2985.57, 19.138], [2985.56, 1.442]], "asks": [[2985.78, 18.719], [2985.79, 0.014], [2985.8, 0.048], [2985.81, 3.349], [2985.82, 0.018], [2985.83, 0.014], [2985.84, 0.208], [2985.85, 3.368], [2985.86, 0.014], [2985.88, 0.026], [2985.89, 0.014], [2985.9, 0.015], [2985.91, 3.375], [2985.92, 0.068], [2985.93, 0.015], [2985.94, 0.027], [2985.95, 3.364], [2985.96, 0.041], [2985.97, 0.018], [2985.98, 0.023]], "timestamp": "2025-12-19T22:15:15.741716+00:00"}, {"symbol": "ETHUSDT", "bids": [[2985.6, 21.945], [2985.59, 0.016], [2985.58, 1.593], [2985.57, 0.023], [2985.56, 0.009], [2985.55, 0.026], [2985.54, 0.007], [2985.53, 3.313], [2985.52, 1.701], [2985.51, 0.167], [2985.5, 0.04], [2985.49, 0.025], [2985.48, 0.015], [2985.46, 0.371], [2985.45, 2.88], [2985.44, 1.356], [2985.43, 0.018], [2985.42, 0.017], [2985.41, 0.042], [2985.4, 1.487]], "asks": [[2985.61, 73.605], [2985.62, 0.852], [2985.63, 3.252], [2985.64, 0.007], [2985.65, 0.023], [2985.66, 0.024], [2985.68, 0.023], [2985.69, 1.692], [2985.7, 0.796], [2985.71, 2.021], [2985.72, 1.02], [2985.74, 0.039], [2985.75, 0.016], [2985.76, 2.623], [2985.77, 0.023], [2985.78, 0.517], [2985.79, 6.103], [2985.8, 13.877], [2985.81, 3.778], [2985.82, 0.008]], "timestamp": "2025-12-19T22:16:09.400845+00:00"}, {"symbol": "ETHUSDT", "bids": [[2985.76, 13.091], [2985.75, 0.742], [2985.74, 1.809], [2985.73, 0.015], [2985.72, 0.023], [2985.71, 0.051], [2985.7, 0.06], [2985.69, 1.698], [2985.68, 0.009], [2985.67, 0.009], [2985.66, 0.191], [2985.65, 0.009], [2985.64, 0.014], [2985.63, 0.009], [2985.62, 0.017], [2985.6, 0.911], [2985.59, 4.364], [2985.58, 1.183], [2985.57, 0.007], [2985.56, 0.025]], "asks": [[2985.77, 86.466], [2985.78, 0.021], [2985.8, 0.008], [2985.81, 0.009], [2985.82, 2.849], [2985.83, 0.008], [2985.84, 0.064], [2985.85, 0.009], [2985.86, 0.156], [2985.87, 0.017], [2985.88, 0.009], [2985.9, 0.725], [2985.91, 0.009], [2985.92, 2.712], [2985.93, 0.517], [2985.94, 3.021], [2985.95, 1.955], [2985.96, 0.009], [2985.97, 0.025], [2985.98, 0.043]], "timestamp": "2025-12-19T22:17:03.764925+00:00"}, {"symbol": "ETHUSDT", "bids": [[2984.64, 27.2], [2984.63, 0.17], [2984.61, 0.058], [2984.6, 0.028], [2984.59, 0.016], [2984.58, 1.684], [2984.57, 0.009], [2984.56, 0.009], [2984.55, 0.008], [2984.54, 1.562], [2984.53, 0.02], [2984.52, 0.273], [2984.51, 0.043], [2984.5, 5.464], [2984.49, 0.685], [2984.48, 0.009], [2984.47, 0.009], [2984.45, 0.461], [2984.44, 1.694], [2984.42, 0.017]], "asks": [[2984.65, 93.077], [2984.66, 0.021], [2984.67, 0.014], [2984.69, 0.017], [2984.7, 0.03], [2984.72, 1.477], [2984.73, 0.023], [2984.74, 0.008], [2984.75, 0.009], [2984.76, 0.023], [2984.77, 0.008], [2984.78, 0.016], [2984.79, 0.351], [2984.8, 0.803], [2984.81, 11.403], [2984.82, 0.846], [2984.83, 3.187], [2984.84, 0.016], [2984.85, 0.04], [2984.86, 0.009]], "timestamp": "2025-12-19T22:18:01.632304+00:00"}, {"symbol": "ETHUSDT", "bids": [[2987.2, 45.405], [2987.19, 0.108], [2987.18, 0.485], [2987.17, 0.009], [2987.16, 0.358], [2987.15, 0.032], [2987.14, 0.007], [2987.13, 0.351], [2987.12, 0.043], [2987.11, 0.011], [2987.1, 2.24], [2987.09, 6.087], [2987.08, 0.018], [2987.07, 0.015], [2987.06, 0.032], [2987.05, 3.078], [2987.04, 1.681], [2987.03, 0.04], [2987.02, 0.009], [2987.01, 0.814]], "asks": [[2987.21, 64.468], [2987.22, 0.007], [2987.25, 0.009], [2987.26, 0.024], [2987.27, 1.674], [2987.28, 0.009], [2987.29, 0.017], [2987.31, 0.009], [2987.32, 0.031], [2987.33, 1.674], [2987.34, 0.02], [2987.35, 0.017], [2987.36, 0.009], [2987.37, 0.018], [2987.38, 0.017], [2987.39, 1.683], [2987.4, 0.014], [2987.41, 0.018], [2987.42, 0.016], [2987.43, 4.041]], "timestamp": "2025-12-19T22:18:54.510636+00:00"}, {"symbol": "ETHUSDT", "bids": [[2989.46, 44.783], [2989.45, 0.041], [2989.44, 0.021], [2989.43, 0.059], [2989.42, 0.031], [2989.41, 0.03], [2989.4, 0.016], [2989.39, 0.018], [2989.36, 1.707], [2989.33, 1.581], [2989.31, 0.009], [2989.3, 0.52], [2989.29, 2.366], [2989.28, 0.023], [2989.27, 0.752], [2989.26, 1.696], [2989.25, 0.428], [2989.24, 0.026], [2989.23, 0.855], [2989.22, 0.837]], "asks": [[2989.47, 68.771], [2989.48, 0.323], [2989.5, 0.007], [2989.51, 1.774], [2989.52, 0.016], [2989.53, 0.007], [2989.54, 0.017], [2989.55, 0.376], [2989.56, 0.35], [2989.57, 0.641], [2989.58, 0.009], [2989.59, 0.009], [2989.6, 2.109], [2989.61, 0.009], [2989.62, 1.386], [2989.64, 0.028], [2989.65, 0.689], [2989.67, 0.026], [2989.68, 0.144], [2989.69, 1.682]], "timestamp": "2025-12-19T22:19:49.140996+00:00"}, {"symbol": "ETHUSDT", "bids": [[2990.2, 96.722], [2990.19, 0.852], [2990.18, 1.524], [2990.17, 0.009], [2990.16, 0.315], [2990.15, 0.015], [2990.14, 0.049], [2990.13, 0.016], [2990.12, 0.029], [2990.11, 0.009], [2990.1, 4.381], [2990.09, 1.695], [2990.08, 0.016], [2990.07, 0.023], [2990.06, 2.132], [2990.05, 3.362], [2990.04, 0.016], [2990.03, 2.45], [2990.02, 5.016], [2990.01, 0.544]], "asks": [[2990.21, 14.151], [2990.22, 0.017], [2990.23, 0.075], [2990.25, 0.009], [2990.26, 1.546], [2990.27, 0.242], [2990.28, 0.176], [2990.29, 1.687], [2990.3, 0.026], [2990.31, 6.011], [2990.32, 0.023], [2990.33, 0.017], [2990.34, 0.35], [2990.35, 1.696], [2990.36, 0.042], [2990.37, 0.009], [2990.38, 0.014], [2990.39, 0.009], [2990.4, 1.763], [2990.41, 3.64]], "timestamp": "2025-12-19T22:20:41.993271+00:00"}, {"symbol": "ETHUSDT", "bids": [[2989.5, 134.362], [2989.49, 3.264], [2989.48, 0.029], [2989.47, 0.105], [2989.46, 0.009], [2989.45, 0.009], [2989.44, 0.029], [2989.43, 1.348], [2989.42, 0.016], [2989.41, 0.008], [2989.4, 0.009], [2989.39, 0.009], [2989.38, 0.393], [2989.37, 23.457], [2989.36, 0.009], [2989.35, 0.022], [2989.34, 0.102], [2989.33, 0.009], [2989.32, 0.176], [2989.31, 3.056]], "asks": [[2989.51, 38.868], [2989.52, 0.021], [2989.53, 0.009], [2989.54, 0.009], [2989.55, 5.041], [2989.56, 0.022], [2989.57, 0.009], [2989.58, 0.511], [2989.59, 3.362], [2989.6, 0.068], [2989.61, 3.577], [2989.62, 0.017], [2989.63, 1.673], [2989.64, 0.023], [2989.65, 0.009], [2989.66, 0.024], [2989.67, 0.023], [2989.68, 2.991], [2989.69, 3.373], [2989.7, 0.07]], "timestamp": "2025-12-19T22:21:34.309095+00:00"}, {"symbol": "ETHUSDT", "bids": [[2988.02, 21.277], [2988.01, 0.022], [2988.0, 0.344], [2987.98, 0.591], [2987.97, 1.365], [2987.96, 0.007], [2987.95, 0.099], [2987.94, 0.038], [2987.93, 0.007], [2987.92, 0.016], [2987.91, 0.024], [2987.9, 0.015], [2987.89, 0.016], [2987.88, 0.024], [2987.86, 1.698], [2987.85, 0.028], [2987.84, 2.58], [2987.83, 0.148], [2987.82, 0.024], [2987.81, 0.049]], "asks": [[2988.03, 59.141], [2988.04, 0.032], [2988.05, 0.376], [2988.06, 0.348], [2988.07, 0.009], [2988.08, 0.017], [2988.09, 0.03], [2988.1, 0.428], [2988.11, 0.371], [2988.12, 1.697], [2988.13, 0.008], [2988.14, 0.331], [2988.15, 0.357], [2988.16, 5.878], [2988.17, 0.017], [2988.18, 4.38], [2988.19, 0.007], [2988.2, 1.698], [2988.21, 0.023], [2988.23, 0.693]], "timestamp": "2025-12-19T22:22:26.633349+00:00"}, {"symbol": "ETHUSDT", "bids": [[2989.92, 33.409], [2989.91, 0.015], [2989.9, 0.037], [2989.89, 0.016], [2989.88, 1.354], [2989.87, 0.1], [2989.86, 0.207], [2989.85, 0.016], [2989.84, 0.016], [2989.83, 0.022], [2989.82, 0.872], [2989.81, 4.19], [2989.8, 3.381], [2989.79, 0.016], [2989.78, 0.083], [2989.77, 0.029], [2989.76, 0.009], [2989.75, 3.354], [2989.74, 2.166], [2989.73, 0.051]], "asks": [[2989.93, 85.888], [2989.94, 2.831], [2989.95, 1.739], [2989.96, 0.275], [2989.97, 0.016], [2989.98, 0.044], [2989.99, 1.024], [2990.0, 10.863], [2990.01, 0.519], [2990.02, 0.048], [2990.03, 0.539], [2990.04, 0.018], [2990.05, 1.507], [2990.06, 0.018], [2990.07, 1.706], [2990.08, 2.67], [2990.09, 0.007], [2990.1, 0.053], [2990.11, 0.033], [2990.12, 0.087]], "timestamp": "2025-12-19T22:23:19.897187+00:00"}, {"symbol": "ETHUSDT", "bids": [[2990.42, 48.831], [2990.41, 1.681], [2990.4, 1.217], [2990.39, 0.014], [2990.38, 1.355], [2990.37, 0.009], [2990.36, 1.352], [2990.35, 0.017], [2990.34, 0.016], [2990.33, 0.014], [2990.32, 1.782], [2990.31, 0.017], [2990.3, 0.157], [2990.29, 0.009], [2990.28, 0.082], [2990.27, 0.014], [2990.26, 0.033], [2990.25, 3.699], [2990.24, 12.048], [2990.23, 14.016]], "asks": [[2990.43, 51.37], [2990.44, 0.017], [2990.45, 0.428], [2990.46, 0.685], [2990.47, 0.009], [2990.48, 0.009], [2990.49, 0.008], [2990.5, 0.05], [2990.51, 0.018], [2990.52, 0.015], [2990.53, 0.009], [2990.54, 0.023], [2990.55, 0.042], [2990.56, 0.029], [2990.57, 0.009], [2990.58, 0.018], [2990.59, 0.067], [2990.6, 5.133], [2990.61, 3.351], [2990.63, 0.027]], "timestamp": "2025-12-19T22:24:13.537630+00:00"}, {"symbol": "ETHUSDT", "bids": [[2990.51, 39.299], [2990.5, 0.008], [2990.48, 0.014], [2990.47, 0.017], [2990.46, 0.009], [2990.45, 0.023], [2990.44, 0.017], [2990.43, 0.009], [2990.42, 0.016], [2990.41, 0.017], [2990.4, 0.818], [2990.38, 0.017], [2990.37, 0.074], [2990.35, 0.009], [2990.34, 0.017], [2990.32, 0.009], [2990.31, 0.026], [2990.3, 0.008], [2990.29, 0.855], [2990.28, 0.685]], "asks": [[2990.52, 77.22], [2990.53, 0.014], [2990.54, 1.235], [2990.55, 1.713], [2990.56, 0.016], [2990.57, 0.009], [2990.58, 0.015], [2990.59, 3.019], [2990.6, 0.028], [2990.61, 1.687], [2990.62, 0.009], [2990.63, 0.016], [2990.65, 0.017], [2990.66, 0.009], [2990.68, 1.721], [2990.69, 1.12], [2990.7, 1.249], [2990.71, 0.126], [2990.72, 3.525], [2990.73, 1.95]], "timestamp": "2025-12-19T22:25:07.496514+00:00"}, {"symbol": "ETHUSDT", "bids": [[2990.55, 21.002], [2990.54, 0.037], [2990.52, 0.009], [2990.51, 0.024], [2990.5, 0.048], [2990.49, 0.009], [2990.48, 0.059], [2990.47, 0.016], [2990.46, 0.016], [2990.45, 0.007], [2990.44, 0.026], [2990.41, 0.863], [2990.4, 0.073], [2990.38, 0.026], [2990.37, 0.075], [2990.36, 0.016], [2990.35, 0.024], [2990.34, 0.016], [2990.33, 0.127], [2990.32, 0.092]], "asks": [[2990.56, 151.518], [2990.57, 0.014], [2990.59, 0.015], [2990.6, 0.009], [2990.61, 0.016], [2990.62, 0.098], [2990.63, 0.009], [2990.64, 0.009], [2990.65, 0.015], [2990.66, 0.009], [2990.67, 10.444], [2990.68, 0.022], [2990.69, 32.665], [2990.7, 70.901], [2990.71, 0.347], [2990.72, 43.457], [2990.73, 33.039], [2990.74, 0.031], [2990.75, 0.009], [2990.76, 0.009]], "timestamp": "2025-12-19T22:26:00.156603+00:00"}, {"symbol": "ETHUSDT", "bids": [[2991.29, 63.208], [2991.28, 0.029], [2991.26, 0.008], [2991.25, 0.009], [2991.24, 0.023], [2991.22, 0.017], [2991.21, 0.009], [2991.2, 0.367], [2991.19, 0.009], [2991.18, 0.48], [2991.17, 1.672], [2991.16, 0.009], [2991.15, 1.369], [2991.14, 0.016], [2991.13, 0.023], [2991.12, 0.425], [2991.11, 0.026], [2991.1, 0.97], [2991.09, 1.24], [2991.08, 0.357]], "asks": [[2991.3, 78.309], [2991.31, 0.022], [2991.32, 0.027], [2991.33, 0.009], [2991.34, 1.688], [2991.35, 0.017], [2991.36, 0.009], [2991.37, 0.346], [2991.38, 0.024], [2991.39, 0.176], [2991.4, 0.435], [2991.41, 5.92], [2991.42, 23.496], [2991.43, 0.029], [2991.44, 0.029], [2991.45, 0.023], [2991.46, 0.017], [2991.47, 0.009], [2991.48, 0.359], [2991.49, 9.876]], "timestamp": "2025-12-19T22:26:53.501777+00:00"}, {"symbol": "ETHUSDT", "bids": [[2990.4, 74.99], [2990.39, 8.073], [2990.38, 39.108], [2990.37, 0.668], [2990.36, 1.354], [2990.35, 0.391], [2990.34, 0.007], [2990.33, 0.016], [2990.32, 1.704], [2990.31, 0.183], [2990.3, 0.061], [2990.29, 0.017], [2990.28, 0.677], [2990.26, 3.044], [2990.25, 0.435], [2990.24, 0.026], [2990.23, 0.026], [2990.22, 0.009], [2990.2, 4.342], [2990.19, 0.023]], "asks": [[2990.41, 35.1], [2990.42, 0.046], [2990.44, 0.014], [2990.45, 0.71], [2990.46, 1.509], [2990.47, 0.014], [2990.48, 1.69], [2990.49, 0.009], [2990.5, 0.014], [2990.51, 0.009], [2990.52, 0.027], [2990.53, 0.022], [2990.54, 1.689], [2990.55, 0.341], [2990.56, 0.072], [2990.57, 0.018], [2990.58, 0.176], [2990.59, 0.014], [2990.6, 0.5], [2990.61, 0.031]], "timestamp": "2025-12-19T22:27:46.429108+00:00"}, {"symbol": "ETHUSDT", "bids": [[2990.65, 1.822], [2990.64, 0.023], [2990.63, 0.014], [2990.61, 0.017], [2990.6, 0.032], [2990.59, 0.009], [2990.58, 0.017], [2990.57, 0.007], [2990.56, 0.018], [2990.55, 0.017], [2990.54, 0.016], [2990.52, 0.009], [2990.51, 0.017], [2990.5, 0.009], [2990.49, 0.009], [2990.48, 0.024], [2990.46, 0.009], [2990.45, 0.018], [2990.44, 0.008], [2990.43, 0.034]], "asks": [[2990.66, 59.4], [2990.67, 0.224], [2990.68, 0.087], [2990.69, 10.726], [2990.7, 3.261], [2990.71, 0.021], [2990.72, 0.017], [2990.73, 3.705], [2990.74, 0.03], [2990.75, 0.008], [2990.76, 4.473], [2990.77, 8.85], [2990.78, 10.745], [2990.79, 0.035], [2990.8, 4.656], [2990.81, 9.7], [2990.82, 4.398], [2990.83, 4.911], [2990.84, 13.921], [2990.85, 3.719]], "timestamp": "2025-12-19T22:28:39.690893+00:00"}, {"symbol": "ETHUSDT", "bids": [[2991.02, 28.417], [2991.01, 0.016], [2991.0, 0.037], [2990.99, 0.048], [2990.98, 0.057], [2990.97, 0.341], [2990.96, 0.786], [2990.95, 0.887], [2990.94, 0.343], [2990.93, 0.352], [2990.92, 0.008], [2990.91, 0.009], [2990.9, 0.1], [2990.88, 0.025], [2990.87, 0.008], [2990.86, 0.855], [2990.85, 3.364], [2990.84, 0.024], [2990.83, 2.52], [2990.82, 1.839]], "asks": [[2991.03, 79.515], [2991.04, 1.679], [2991.05, 0.007], [2991.06, 0.025], [2991.07, 0.009], [2991.08, 0.471], [2991.09, 1.347], [2991.1, 1.721], [2991.11, 0.009], [2991.13, 0.018], [2991.14, 0.017], [2991.15, 9.467], [2991.17, 55.754], [2991.18, 2.024], [2991.19, 0.009], [2991.21, 0.075], [2991.22, 1.639], [2991.23, 0.018], [2991.24, 0.472], [2991.25, 1.696]], "timestamp": "2025-12-19T22:29:33.555149+00:00"}, {"symbol": "ETHUSDT", "bids": [[2990.12, 88.07], [2990.11, 0.008], [2990.1, 0.089], [2990.09, 0.026], [2990.08, 1.682], [2990.07, 0.014], [2990.06, 0.026], [2990.04, 0.172], [2990.03, 0.009], [2990.02, 1.355], [2990.01, 2.022], [2990.0, 9.203], [2989.99, 0.017], [2989.98, 0.053], [2989.96, 0.026], [2989.95, 0.185], [2989.94, 1.423], [2989.93, 0.187], [2989.92, 7.622], [2989.91, 5.046]], "asks": [[2990.13, 21.217], [2990.14, 0.014], [2990.15, 0.008], [2990.17, 0.009], [2990.18, 0.017], [2990.2, 0.804], [2990.21, 0.287], [2990.22, 0.167], [2990.23, 0.009], [2990.24, 0.017], [2990.25, 8.382], [2990.26, 0.016], [2990.27, 0.017], [2990.28, 0.007], [2990.29, 0.009], [2990.3, 0.1], [2990.31, 0.343], [2990.32, 0.853], [2990.33, 55.765], [2990.34, 0.031]], "timestamp": "2025-12-19T22:30:27.724966+00:00"}, {"symbol": "ETHUSDT", "bids": [[2988.79, 201.728], [2988.78, 0.345], [2988.77, 0.044], [2988.75, 1.348], [2988.74, 0.017], [2988.73, 4.217], [2988.72, 1.696], [2988.71, 0.009], [2988.7, 0.017], [2988.69, 1.809], [2988.68, 0.297], [2988.67, 1.817], [2988.66, 0.009], [2988.65, 2.6], [2988.64, 0.026], [2988.63, 2.313], [2988.62, 1.683], [2988.61, 1.415], [2988.6, 3.577], [2988.59, 1.825]], "asks": [[2988.8, 4.513], [2988.81, 1.68], [2988.82, 4.241], [2988.83, 0.033], [2988.84, 1.744], [2988.86, 0.032], [2988.87, 0.114], [2988.88, 0.129], [2988.89, 2.335], [2988.9, 0.877], [2988.91, 1.342], [2988.93, 0.037], [2988.95, 3.049], [2988.96, 0.018], [2988.97, 0.075], [2988.98, 0.186], [2988.99, 0.042], [2989.0, 0.132], [2989.01, 0.059], [2989.02, 3.77]], "timestamp": "2025-12-19T22:31:21.281803+00:00"}, {"symbol": "ETHUSDT", "bids": [[2989.0, 137.74], [2988.99, 4.045], [2988.98, 1.825], [2988.96, 0.691], [2988.95, 0.026], [2988.94, 0.017], [2988.93, 0.023], [2988.92, 0.008], [2988.91, 1.348], [2988.9, 0.037], [2988.89, 1.673], [2988.88, 0.041], [2988.87, 0.009], [2988.86, 0.007], [2988.85, 0.017], [2988.84, 2.18], [2988.83, 3.683], [2988.82, 1.938], [2988.81, 3.489], [2988.8, 0.017]], "asks": [[2989.01, 17.932], [2989.02, 3.479], [2989.03, 0.009], [2989.04, 2.699], [2989.05, 0.018], [2989.06, 0.854], [2989.07, 0.891], [2989.08, 0.027], [2989.1, 1.728], [2989.11, 0.016], [2989.13, 0.04], [2989.14, 0.03], [2989.16, 0.031], [2989.17, 1.785], [2989.18, 0.1], [2989.19, 0.895], [2989.2, 0.074], [2989.21, 0.007], [2989.22, 1.714], [2989.23, 0.008]], "timestamp": "2025-12-19T22:32:14.837838+00:00"}, {"symbol": "ETHUSDT", "bids": [[2990.38, 42.649], [2990.37, 0.496], [2990.36, 1.607], [2990.35, 0.009], [2990.34, 0.017], [2990.33, 0.023], [2990.32, 0.009], [2990.3, 0.031], [2990.29, 0.009], [2990.27, 0.016], [2990.26, 0.024], [2990.25, 0.802], [2990.24, 0.023], [2990.23, 0.009], [2990.22, 0.009], [2990.21, 2.401], [2990.2, 0.018], [2990.19, 0.343], [2990.18, 7.253], [2990.17, 1.817]], "asks": [[2990.39, 38.266], [2990.4, 0.688], [2990.41, 0.9], [2990.42, 1.673], [2990.43, 1.354], [2990.44, 0.137], [2990.46, 0.009], [2990.47, 0.031], [2990.48, 0.027], [2990.49, 0.047], [2990.5, 0.042], [2990.51, 1.715], [2990.52, 0.339], [2990.53, 0.014], [2990.54, 0.03], [2990.55, 0.391], [2990.56, 0.039], [2990.58, 15.158], [2990.59, 22.351], [2990.6, 55.861]], "timestamp": "2025-12-19T22:33:08.393905+00:00"}, {"symbol": "ETHUSDT", "bids": [[2989.91, 23.536], [2989.9, 0.076], [2989.89, 0.007], [2989.88, 0.016], [2989.87, 0.026], [2989.86, 0.007], [2989.85, 0.063], [2989.84, 0.024], [2989.83, 0.023], [2989.81, 0.037], [2989.8, 0.029], [2989.79, 0.843], [2989.78, 2.418], [2989.77, 1.694], [2989.75, 0.035], [2989.74, 0.014], [2989.73, 0.027], [2989.72, 0.033], [2989.71, 1.687], [2989.7, 0.04]], "asks": [[2989.92, 105.326], [2989.93, 12.369], [2989.94, 44.317], [2989.95, 2.809], [2989.96, 0.016], [2989.97, 0.033], [2989.98, 0.023], [2989.99, 1.816], [2990.0, 0.022], [2990.01, 1.682], [2990.02, 1.437], [2990.03, 0.024], [2990.04, 0.677], [2990.05, 0.007], [2990.06, 0.016], [2990.07, 0.024], [2990.08, 0.007], [2990.09, 1.823], [2990.1, 5.594], [2990.11, 2.452]], "timestamp": "2025-12-19T22:34:01.950090+00:00"}, {"symbol": "ETHUSDT", "bids": [[2987.23, 11.219], [2987.22, 0.532], [2987.21, 0.042], [2987.2, 0.035], [2987.19, 0.085], [2987.18, 0.007], [2987.17, 0.017], [2987.16, 1.693], [2987.14, 0.026], [2987.12, 0.018], [2987.11, 1.848], [2987.1, 0.057], [2987.09, 5.195], [2987.08, 2.445], [2987.06, 0.307], [2987.05, 0.035], [2987.04, 0.021], [2987.03, 0.016], [2987.02, 1.695], [2987.01, 0.051]], "asks": [[2987.24, 99.341], [2987.25, 20.734], [2987.26, 10.369], [2987.27, 0.1], [2987.28, 0.123], [2987.29, 1.773], [2987.3, 0.109], [2987.31, 0.124], [2987.32, 0.014], [2987.33, 0.059], [2987.34, 1.69], [2987.35, 0.007], [2987.36, 0.017], [2987.37, 0.023], [2987.38, 0.107], [2987.39, 0.117], [2987.4, 0.123], [2987.41, 0.493], [2987.42, 11.992], [2987.43, 3.8]], "timestamp": "2025-12-19T22:34:56.314906+00:00"}, {"symbol": "ETHUSDT", "bids": [[2987.63, 115.672], [2987.62, 2.269], [2987.6, 0.399], [2987.59, 0.023], [2987.58, 1.843], [2987.57, 0.015], [2987.56, 2.777], [2987.55, 0.444], [2987.54, 0.293], [2987.53, 0.016], [2987.52, 0.343], [2987.51, 0.024], [2987.5, 0.016], [2987.49, 1.807], [2987.48, 0.101], [2987.47, 0.032], [2987.46, 3.392], [2987.45, 0.014], [2987.44, 0.016], [2987.43, 0.033]], "asks": [[2987.64, 29.238], [2987.65, 0.107], [2987.66, 1.617], [2987.67, 0.107], [2987.68, 0.109], [2987.69, 0.124], [2987.7, 0.164], [2987.71, 0.1], [2987.72, 0.117], [2987.73, 0.116], [2987.74, 0.578], [2987.75, 1.7], [2987.76, 0.007], [2987.77, 0.009], [2987.78, 0.017], [2987.79, 0.083], [2987.8, 0.04], [2987.81, 1.7], [2987.82, 0.023], [2987.84, 0.248]], "timestamp": "2025-12-19T22:35:51.109682+00:00"}, {"symbol": "ETHUSDT", "bids": [[2987.0, 3.481], [2986.99, 0.007], [2986.98, 0.016], [2986.97, 0.025], [2986.96, 0.057], [2986.94, 0.06], [2986.93, 0.017], [2986.91, 0.016], [2986.9, 0.039], [2986.89, 0.856], [2986.87, 0.009], [2986.86, 0.017], [2986.85, 0.02], [2986.84, 0.009], [2986.83, 0.024], [2986.82, 0.018], [2986.81, 0.009], [2986.8, 0.048], [2986.79, 0.033], [2986.78, 0.009]], "asks": [[2987.01, 123.53], [2987.02, 11.792], [2987.03, 0.107], [2987.04, 0.107], [2987.05, 0.123], [2987.06, 0.017], [2987.07, 1.766], [2987.08, 0.322], [2987.09, 0.017], [2987.1, 0.03], [2987.11, 4.007], [2987.12, 0.028], [2987.13, 0.039], [2987.14, 0.023], [2987.15, 10.581], [2987.16, 0.007], [2987.17, 1.53], [2987.18, 0.024], [2987.19, 0.016], [2987.2, 0.023]], "timestamp": "2025-12-19T22:36:44.768504+00:00"}, {"symbol": "ETHUSDT", "bids": [[2987.55, 149.04], [2987.54, 0.017], [2987.53, 1.507], [2987.52, 1.461], [2987.51, 3.515], [2987.5, 0.016], [2987.49, 1.339], [2987.48, 0.016], [2987.47, 0.016], [2987.46, 0.365], [2987.45, 0.375], [2987.44, 0.009], [2987.43, 1.82], [2987.42, 2.498], [2987.41, 1.771], [2987.4, 0.433], [2987.39, 0.024], [2987.38, 0.016], [2987.37, 1.565], [2987.36, 1.383]], "asks": [[2987.56, 24.487], [2987.57, 0.007], [2987.58, 1.522], [2987.59, 0.016], [2987.6, 0.024], [2987.61, 0.022], [2987.62, 0.02], [2987.63, 0.009], [2987.64, 0.029], [2987.65, 0.053], [2987.66, 0.056], [2987.67, 0.022], [2987.68, 0.009], [2987.69, 0.016], [2987.7, 0.07], [2987.71, 0.009], [2987.72, 0.018], [2987.73, 0.021], [2987.74, 0.041], [2987.75, 0.477]], "timestamp": "2025-12-19T22:37:38.430358+00:00"}, {"symbol": "ETHUSDT", "bids": [[2989.98, 15.943], [2989.97, 0.665], [2989.96, 1.526], [2989.95, 0.099], [2989.94, 0.016], [2989.93, 0.084], [2989.92, 0.016], [2989.91, 0.377], [2989.9, 0.016], [2989.89, 0.016], [2989.88, 0.027], [2989.87, 0.017], [2989.86, 0.016], [2989.85, 0.809], [2989.84, 0.884], [2989.83, 0.014], [2989.81, 0.367], [2989.8, 2.858], [2989.79, 1.921], [2989.78, 0.026]], "asks": [[2989.99, 20.088], [2990.0, 0.017], [2990.01, 0.01], [2990.03, 0.017], [2990.04, 0.009], [2990.05, 2.064], [2990.06, 11.78], [2990.07, 0.016], [2990.09, 1.517], [2990.1, 1.659], [2990.11, 7.39], [2990.12, 1.714], [2990.13, 11.772], [2990.14, 1.361], [2990.15, 0.416], [2990.16, 0.024], [2990.17, 0.009], [2990.19, 0.443], [2990.2, 13.892], [2990.22, 0.026]], "timestamp": "2025-12-19T22:38:33.375939+00:00"}, {"symbol": "ETHUSDT", "bids": [[2988.54, 68.626], [2988.53, 0.087], [2988.52, 0.031], [2988.51, 0.009], [2988.5, 0.008], [2988.49, 0.488], [2988.48, 2.352], [2988.47, 0.016], [2988.46, 1.361], [2988.45, 0.016], [2988.44, 2.49], [2988.43, 7.723], [2988.42, 0.009], [2988.41, 1.723], [2988.4, 1.72], [2988.39, 0.051], [2988.38, 0.278], [2988.37, 0.249], [2988.36, 0.016], [2988.35, 0.024]], "asks": [[2988.55, 27.362], [2988.56, 0.753], [2988.57, 0.059], [2988.58, 0.007], [2988.59, 0.017], [2988.6, 9.063], [2988.62, 0.017], [2988.63, 0.016], [2988.64, 0.009], [2988.65, 0.009], [2988.66, 0.017], [2988.67, 0.009], [2988.68, 0.264], [2988.69, 0.443], [2988.7, 0.251], [2988.71, 0.009], [2988.72, 0.371], [2988.73, 2.332], [2988.75, 0.018], [2988.76, 3.613]], "timestamp": "2025-12-19T22:39:26.767710+00:00"}, {"symbol": "ETHUSDT", "bids": [[2989.23, 76.528], [2989.22, 0.398], [2989.21, 4.703], [2989.2, 0.007], [2989.19, 0.017], [2989.18, 0.018], [2989.17, 0.016], [2989.16, 0.009], [2989.15, 0.008], [2989.14, 1.689], [2989.13, 0.041], [2989.12, 1.5], [2989.11, 0.009], [2989.1, 23.465], [2989.09, 1.339], [2989.08, 0.023], [2989.07, 0.107], [2989.06, 1.698], [2989.05, 0.009], [2989.04, 8.013]], "asks": [[2989.24, 29.747], [2989.25, 1.599], [2989.26, 0.05], [2989.27, 0.026], [2989.28, 1.689], [2989.29, 0.014], [2989.3, 0.025], [2989.31, 0.009], [2989.32, 0.03], [2989.33, 0.214], [2989.34, 0.034], [2989.35, 1.694], [2989.36, 0.016], [2989.37, 0.1], [2989.38, 0.03], [2989.39, 1.651], [2989.4, 0.034], [2989.41, 0.014], [2989.42, 0.059], [2989.43, 0.059]], "timestamp": "2025-12-19T22:40:20.256929+00:00"}, {"symbol": "ETHUSDT", "bids": [[2989.99, 23.48], [2989.98, 0.014], [2989.97, 1.5], [2989.96, 0.008], [2989.95, 0.009], [2989.94, 0.009], [2989.93, 0.017], [2989.91, 1.531], [2989.9, 2.042], [2989.89, 0.009], [2989.87, 1.89], [2989.86, 3.807], [2989.85, 0.437], [2989.84, 0.024], [2989.83, 0.009], [2989.82, 2.176], [2989.81, 0.009], [2989.8, 1.779], [2989.79, 1.808], [2989.78, 0.025]], "asks": [[2990.0, 27.103], [2990.01, 0.326], [2990.02, 3.267], [2990.03, 0.04], [2990.04, 0.059], [2990.05, 0.493], [2990.06, 0.051], [2990.07, 0.007], [2990.08, 0.018], [2990.09, 0.04], [2990.1, 0.375], [2990.11, 0.042], [2990.12, 0.038], [2990.13, 0.059], [2990.14, 1.7], [2990.15, 0.03], [2990.16, 0.04], [2990.17, 0.348], [2990.18, 0.531], [2990.19, 2.984]], "timestamp": "2025-12-19T22:41:13.266900+00:00"}, {"symbol": "ETHUSDT", "bids": [[2990.01, 19.735], [2990.0, 1.695], [2989.99, 3.344], [2989.98, 0.023], [2989.97, 0.024], [2989.96, 0.009], [2989.94, 0.042], [2989.93, 0.017], [2989.91, 3.177], [2989.9, 0.052], [2989.89, 3.362], [2989.88, 0.009], [2989.86, 0.018], [2989.85, 0.811], [2989.84, 0.031], [2989.83, 0.016], [2989.82, 3.889], [2989.81, 3.525], [2989.8, 6.048], [2989.79, 3.389]], "asks": [[2990.02, 33.274], [2990.03, 0.065], [2990.04, 0.008], [2990.06, 0.016], [2990.07, 0.024], [2990.08, 1.673], [2990.09, 0.047], [2990.1, 0.514], [2990.12, 2.8], [2990.13, 0.009], [2990.14, 0.422], [2990.15, 2.074], [2990.16, 1.009], [2990.17, 0.017], [2990.18, 0.016], [2990.19, 0.009], [2990.2, 0.462], [2990.21, 0.092], [2990.22, 0.352], [2990.23, 14.203]], "timestamp": "2025-12-19T22:42:06.000229+00:00"}, {"symbol": "ETHUSDT", "bids": [[2991.4, 14.033], [2991.39, 100.302], [2991.38, 0.037], [2991.37, 0.014], [2991.36, 0.1], [2991.35, 0.032], [2991.34, 0.008], [2991.33, 0.021], [2991.32, 0.018], [2991.31, 0.162], [2991.3, 0.036], [2991.29, 5.539], [2991.28, 3.388], [2991.26, 0.032], [2991.25, 0.442], [2991.24, 0.046], [2991.23, 0.018], [2991.22, 0.022], [2991.2, 2.121], [2991.19, 0.008]], "asks": [[2991.41, 14.5], [2991.42, 4.675], [2991.43, 0.008], [2991.44, 0.007], [2991.45, 1.681], [2991.46, 0.031], [2991.48, 0.023], [2991.49, 0.017], [2991.5, 0.014], [2991.51, 0.026], [2991.52, 0.038], [2991.54, 4.146], [2991.55, 4.075], [2991.56, 4.053], [2991.57, 24.478], [2991.58, 1.369], [2991.6, 0.858], [2991.61, 0.026], [2991.62, 0.014], [2991.63, 5.59]], "timestamp": "2025-12-19T22:42:59.130620+00:00"}, {"symbol": "ETHUSDT", "bids": [[2991.21, 11.355], [2991.2, 0.048], [2991.19, 0.008], [2991.18, 0.009], [2991.17, 1.697], [2991.16, 0.008], [2991.15, 0.009], [2991.14, 0.023], [2991.13, 0.008], [2991.12, 0.009], [2991.11, 0.016], [2991.1, 2.543], [2991.09, 0.018], [2991.08, 0.03], [2991.07, 0.873], [2991.06, 0.373], [2991.05, 0.034], [2991.04, 0.046], [2991.03, 2.378], [2991.02, 18.297]], "asks": [[2991.22, 95.859], [2991.23, 0.014], [2991.24, 0.021], [2991.25, 0.032], [2991.26, 0.017], [2991.27, 5.311], [2991.28, 23.448], [2991.29, 0.023], [2991.3, 0.114], [2991.31, 1.672], [2991.32, 0.02], [2991.33, 0.038], [2991.34, 0.017], [2991.35, 0.023], [2991.36, 1.019], [2991.37, 0.03], [2991.38, 0.024], [2991.39, 0.691], [2991.4, 2.39], [2991.41, 0.017]], "timestamp": "2025-12-19T22:43:52.292739+00:00"}, {"symbol": "ETHUSDT", "bids": [[2990.0, 8.075], [2989.99, 0.042], [2989.98, 0.007], [2989.97, 0.017], [2989.96, 0.032], [2989.94, 1.763], [2989.93, 0.061], [2989.92, 0.028], [2989.91, 0.033], [2989.9, 3.536], [2989.89, 0.041], [2989.88, 1.691], [2989.87, 0.022], [2989.86, 0.023], [2989.85, 0.016], [2989.84, 0.047], [2989.83, 0.029], [2989.82, 0.159], [2989.81, 0.049], [2989.8, 5.073]], "asks": [[2990.01, 59.033], [2990.02, 3.55], [2990.03, 3.352], [2990.05, 1.387], [2990.06, 0.04], [2990.07, 0.684], [2990.08, 0.022], [2990.09, 0.023], [2990.1, 4.295], [2990.11, 8.787], [2990.12, 0.232], [2990.13, 0.023], [2990.14, 1.681], [2990.15, 0.056], [2990.16, 0.357], [2990.17, 0.55], [2990.19, 0.03], [2990.2, 0.031], [2990.21, 0.017], [2990.22, 0.023]], "timestamp": "2025-12-19T22:44:45.732166+00:00"}, {"symbol": "ETHUSDT", "bids": [[2988.0, 26.015], [2987.99, 0.007], [2987.98, 0.087], [2987.97, 0.009], [2987.96, 0.021], [2987.95, 0.025], [2987.94, 0.023], [2987.92, 0.031], [2987.91, 1.698], [2987.9, 0.029], [2987.89, 0.06], [2987.88, 0.028], [2987.87, 1.035], [2987.86, 0.04], [2987.85, 1.896], [2987.84, 1.386], [2987.83, 0.043], [2987.82, 5.164], [2987.81, 1.895], [2987.8, 0.081]], "asks": [[2988.01, 28.941], [2988.02, 0.114], [2988.03, 0.1], [2988.04, 0.923], [2988.05, 0.743], [2988.06, 0.19], [2988.08, 0.023], [2988.09, 0.024], [2988.1, 1.353], [2988.11, 0.353], [2988.12, 0.761], [2988.13, 0.241], [2988.14, 0.29], [2988.15, 0.109], [2988.16, 0.136], [2988.17, 2.268], [2988.18, 0.478], [2988.19, 0.505], [2988.2, 0.543], [2988.21, 5.658]], "timestamp": "2025-12-19T22:45:39.097324+00:00"}, {"symbol": "ETHUSDT", "bids": [[2988.63, 48.844], [2988.62, 0.416], [2988.6, 0.585], [2988.59, 0.009], [2988.58, 0.03], [2988.57, 0.008], [2988.56, 0.023], [2988.55, 0.009], [2988.54, 0.029], [2988.53, 0.009], [2988.52, 0.023], [2988.51, 0.008], [2988.5, 0.171], [2988.49, 0.017], [2988.48, 0.021], [2988.47, 0.017], [2988.46, 0.023], [2988.45, 2.398], [2988.44, 0.038], [2988.43, 0.026]], "asks": [[2988.64, 31.871], [2988.65, 0.241], [2988.66, 1.797], [2988.67, 1.456], [2988.68, 1.796], [2988.69, 0.109], [2988.7, 1.856], [2988.71, 0.331], [2988.72, 0.706], [2988.74, 1.149], [2988.75, 3.239], [2988.76, 1.682], [2988.77, 0.023], [2988.78, 0.009], [2988.79, 0.045], [2988.8, 0.51], [2988.81, 1.88], [2988.82, 1.292], [2988.83, 3.644], [2988.84, 5.008]], "timestamp": "2025-12-19T22:46:32.549984+00:00"}, {"symbol": "ETHUSDT", "bids": [[2989.79, 1.967], [2989.78, 0.015], [2989.77, 0.009], [2989.76, 0.009], [2989.75, 0.031], [2989.74, 0.009], [2989.73, 0.022], [2989.72, 0.026], [2989.7, 0.047], [2989.69, 0.034], [2989.67, 0.056], [2989.66, 0.614], [2989.65, 0.022], [2989.64, 0.082], [2989.63, 0.009], [2989.62, 0.031], [2989.61, 0.046], [2989.6, 0.072], [2989.59, 0.04], [2989.58, 0.008]], "asks": [[2989.8, 119.261], [2989.81, 35.865], [2989.83, 11.94], [2989.84, 4.42], [2989.85, 2.124], [2989.86, 0.024], [2989.87, 6.761], [2989.88, 9.433], [2989.89, 1.354], [2989.9, 0.031], [2989.92, 0.473], [2989.93, 1.703], [2989.94, 6.021], [2989.95, 48.733], [2989.96, 41.284], [2989.97, 0.564], [2989.98, 3.691], [2989.99, 263.332], [2990.0, 1770.088], [2990.01, 3.743]], "timestamp": "2025-12-19T22:47:26.003413+00:00"}, {"symbol": "ETHUSDT", "bids": [[2988.16, 63.614], [2988.15, 0.021], [2988.14, 0.039], [2988.12, 0.009], [2988.11, 0.031], [2988.09, 0.023], [2988.08, 0.009], [2988.07, 0.014], [2988.06, 0.813], [2988.05, 0.023], [2988.04, 1.011], [2988.03, 0.067], [2988.02, 1.361], [2988.01, 0.04], [2988.0, 3.131], [2987.99, 0.032], [2987.98, 0.017], [2987.97, 10.358], [2987.96, 13.237], [2987.95, 3.711]], "asks": [[2988.17, 16.656], [2988.18, 0.014], [2988.19, 1.101], [2988.2, 1.682], [2988.21, 0.026], [2988.22, 0.023], [2988.23, 0.017], [2988.24, 0.038], [2988.25, 0.377], [2988.26, 1.697], [2988.27, 0.023], [2988.28, 0.032], [2988.29, 1.189], [2988.3, 0.047], [2988.31, 0.026], [2988.32, 1.738], [2988.33, 0.024], [2988.34, 1.424], [2988.35, 0.352], [2988.36, 2.938]], "timestamp": "2025-12-19T22:48:19.149690+00:00"}, {"symbol": "ETHUSDT", "bids": [[2986.63, 3.486], [2986.62, 0.014], [2986.6, 0.078], [2986.59, 0.356], [2986.58, 0.009], [2986.57, 0.374], [2986.56, 0.02], [2986.55, 1.933], [2986.54, 0.024], [2986.53, 0.364], [2986.51, 0.048], [2986.5, 4.083], [2986.49, 0.891], [2986.48, 0.315], [2986.47, 2.215], [2986.46, 1.448], [2986.45, 0.721], [2986.44, 0.814], [2986.43, 0.425], [2986.42, 2.775]], "asks": [[2986.64, 14.139], [2986.65, 3.793], [2986.67, 0.008], [2986.68, 0.009], [2986.69, 11.65], [2986.7, 1.675], [2986.71, 15.553], [2986.72, 0.009], [2986.73, 0.98], [2986.74, 0.024], [2986.75, 0.33], [2986.76, 0.007], [2986.77, 1.721], [2986.78, 0.009], [2986.79, 0.016], [2986.8, 14.036], [2986.81, 1.355], [2986.82, 50.002], [2986.83, 0.032], [2986.84, 17.607]], "timestamp": "2025-12-19T22:49:13.506881+00:00"}, {"symbol": "ETHUSDT", "bids": [[2986.03, 5.994], [2986.02, 0.052], [2986.01, 0.042], [2986.0, 2.47], [2985.99, 0.37], [2985.98, 1.7], [2985.97, 4.6], [2985.96, 0.494], [2985.95, 2.129], [2985.94, 0.018], [2985.93, 0.149], [2985.92, 0.935], [2985.91, 14.173], [2985.9, 1.577], [2985.89, 5.222], [2985.88, 12.334], [2985.87, 0.28], [2985.86, 0.037], [2985.85, 0.079], [2985.84, 0.676]], "asks": [[2986.04, 32.949], [2986.05, 0.969], [2986.06, 0.063], [2986.07, 0.008], [2986.08, 0.009], [2986.09, 0.018], [2986.1, 0.048], [2986.11, 0.016], [2986.12, 0.023], [2986.13, 0.031], [2986.14, 0.39], [2986.15, 0.106], [2986.16, 0.017], [2986.17, 0.014], [2986.18, 0.962], [2986.19, 4.873], [2986.2, 1.517], [2986.21, 0.023], [2986.22, 8.945], [2986.23, 12.022]], "timestamp": "2025-12-19T22:50:06.567595+00:00"}, {"symbol": "ETHUSDT", "bids": [[2988.15, 74.247], [2988.14, 0.649], [2988.13, 0.014], [2988.12, 2.664], [2988.11, 1.683], [2988.1, 0.459], [2988.09, 0.007], [2988.08, 0.023], [2988.07, 2.162], [2988.06, 3.709], [2988.05, 2.065], [2988.04, 0.014], [2988.03, 3.386], [2988.02, 0.053], [2988.01, 0.241], [2988.0, 2.71], [2987.99, 0.016], [2987.98, 0.044], [2987.97, 5.039], [2987.96, 1.522]], "asks": [[2988.16, 18.81], [2988.17, 1.023], [2988.18, 1.514], [2988.19, 1.034], [2988.2, 0.008], [2988.21, 0.045], [2988.22, 0.012], [2988.23, 1.249], [2988.24, 0.038], [2988.25, 0.023], [2988.26, 0.009], [2988.27, 1.736], [2988.28, 0.009], [2988.29, 0.023], [2988.3, 0.051], [2988.31, 0.04], [2988.32, 0.009], [2988.33, 0.645], [2988.34, 13.561], [2988.35, 0.029]], "timestamp": "2025-12-19T22:51:00.308938+00:00"}, {"symbol": "ETHUSDT", "bids": [[2987.48, 8.378], [2987.47, 5.196], [2987.46, 0.125], [2987.45, 0.009], [2987.44, 0.137], [2987.43, 1.366], [2987.42, 0.022], [2987.41, 0.023], [2987.4, 0.106], [2987.39, 0.024], [2987.38, 1.701], [2987.37, 0.127], [2987.36, 0.031], [2987.35, 0.022], [2987.34, 0.023], [2987.33, 0.042], [2987.32, 0.065], [2987.31, 0.861], [2987.3, 9.379], [2987.29, 0.022]], "asks": [[2987.49, 30.629], [2987.5, 0.107], [2987.52, 0.025], [2987.53, 1.683], [2987.54, 0.023], [2987.55, 0.676], [2987.56, 0.023], [2987.57, 0.017], [2987.58, 0.014], [2987.59, 0.009], [2987.6, 0.834], [2987.61, 0.225], [2987.62, 0.404], [2987.63, 3.69], [2987.64, 0.362], [2987.65, 3.422], [2987.66, 10.985], [2987.67, 0.334], [2987.68, 0.039], [2987.69, 0.034]], "timestamp": "2025-12-19T22:51:54.190574+00:00"}