[{"id": "2683685142", "price": 2982.03, "amount": 0.008, "side": "buy", "timestamp": 1766187729740}, {"id": "2683685143", "price": 2982.05, "amount": 0.051, "side": "buy", "timestamp": 1766187729974}, {"id": "2683685144", "price": 2982.04, "amount": 0.008, "side": "sell", "timestamp": 1766187730288}, {"id": "2683685145", "price": 2982.05, "amount": 0.347, "side": "buy", "timestamp": 1766187730407}, {"id": "2683685146", "price": 2982.05, "amount": 1.715, "side": "buy", "timestamp": 1766187730634}, {"id": "2683685147", "price": 2982.06, "amount": 0.016, "side": "buy", "timestamp": 1766187730634}, {"id": "2683685148", "price": 2982.07, "amount": 0.043, "side": "buy", "timestamp": 1766187730634}, {"id": "2683685149", "price": 2982.08, "amount": 0.009, "side": "buy", "timestamp": 1766187730634}, {"id": "2683685150", "price": 2982.09, "amount": 0.025, "side": "buy", "timestamp": 1766187730634}, {"id": "2683685151", "price": 2982.1, "amount": 0.038, "side": "buy", "timestamp": 1766187730634}, {"id": "2683685152", "price": 2982.11, "amount": 0.034, "side": "buy", "timestamp": 1766187730634}, {"id": "2683685153", "price": 2982.12, "amount": 0.045, "side": "buy", "timestamp": 1766187730634}, {"id": "2683685154", "price": 2982.13, "amount": 0.017, "side": "buy", "timestamp": 1766187730634}, {"id": "2683685155", "price": 2982.14, "amount": 0.016, "side": "buy", "timestamp": 1766187730634}, {"id": "2683685156", "price": 2982.15, "amount": 0.009, "side": "buy", "timestamp": 1766187730636}, {"id": "2683685157", "price": 2982.16, "amount": 1.509, "side": "buy", "timestamp": 1766187730636}, {"id": "2683685158", "price": 2982.17, "amount": 0.022, "side": "buy", "timestamp": 1766187730636}, {"id": "2683685159", "price": 2982.18, "amount": 0.361, "side": "buy", "timestamp": 1766187730636}, {"id": "2683685160", "price": 2982.2, "amount": 0.041, "side": "buy", "timestamp": 1766187730649}, {"id": "2683685161", "price": 2982.2, "amount": 111.382, "side": "sell", "timestamp": 1766187731073}, {"id": "2683685162", "price": 2982.19, "amount": 0.114, "side": "sell", "timestamp": 1766187731092}, {"id": "2683685163", "price": 2982.18, "amount": 0.108, "side": "sell", "timestamp": 1766187731092}, {"id": "2683685164", "price": 2982.17, "amount": 0.1, "side": "sell", "timestamp": 1766187731092}, {"id": "2683685165", "price": 2982.16, "amount": 0.116, "side": "sell", "timestamp": 1766187731094}, {"id": "2683685166", "price": 2982.15, "amount": 0.039, "side": "sell", "timestamp": 1766187731094}, {"id": "2683685167", "price": 2982.14, "amount": 0.206, "side": "sell", "timestamp": 1766187731099}, {"id": "2683685168", "price": 2982.13, "amount": 0.007, "side": "sell", "timestamp": 1766187731124}, {"id": "2683685169", "price": 2982.12, "amount": 0.034, "side": "sell", "timestamp": 1766187731502}, {"id": "2683685170", "price": 2982.13, "amount": 0.197, "side": "buy", "timestamp": 1766187731579}, {"id": "2683685171", "price": 2982.12, "amount": 0.159, "side": "sell", "timestamp": 1766187731719}, {"id": "2683685172", "price": 2982.11, "amount": 0.007, "side": "sell", "timestamp": 1766187731719}, {"id": "2683685173", "price": 2982.1, "amount": 0.868, "side": "sell", "timestamp": 1766187731719}, {"id": "2683685174", "price": 2982.1, "amount": 0.685, "side": "sell", "timestamp": 1766187732147}, {"id": "2683685175", "price": 2982.09, "amount": 0.015, "side": "sell", "timestamp": 1766187732149}, {"id": "2683685176", "price": 2982.08, "amount": 0.009, "side": "sell", "timestamp": 1766187732149}, {"id": "2683685177", "price": 2982.07, "amount": 0.015, "side": "sell", "timestamp": 1766187732149}, {"id": "2683685178", "price": 2982.06, "amount": 0.026, "side": "sell", "timestamp": 1766187732149}, {"id": "2683685179", "price": 2982.05, "amount": 0.009, "side": "sell", "timestamp": 1766187732149}, {"id": "2683685180", "price": 2982.05, "amount": 18.771, "side": "buy", "timestamp": 1766187732221}, {"id": "2683685181", "price": 2982.05, "amount": 0.935, "side": "buy", "timestamp": 1766187733283}, {"id": "2683685182", "price": 2982.05, "amount": 2.017, "side": "buy", "timestamp": 1766187733386}, {"id": "2683685183", "price": 2982.05, "amount": 4.298, "side": "buy", "timestamp": 1766187733551}, {"id": "2683685184", "price": 2982.05, "amount": 0.5, "side": "buy", "timestamp": 1766187734009}, {"id": "2683685185", "price": 2982.04, "amount": 0.275, "side": "sell", "timestamp": 1766187735258}, {"id": "2683685186", "price": 2982.05, "amount": 0.145, "side": "buy", "timestamp": 1766187735871}, {"id": "2683685187", "price": 2982.05, "amount": 0.1, "side": "buy", "timestamp": 1766187736455}, {"id": "2683685188", "price": 2982.04, "amount": 0.07, "side": "sell", "timestamp": 1766187736844}, {"id": "2683685189", "price": 2982.05, "amount": 2.507, "side": "buy", "timestamp": 1766187737102}, {"id": "2683685190", "price": 2982.04, "amount": 0.011, "side": "sell", "timestamp": 1766187737316}, {"id": "2683685191", "price": 2982.04, "amount": 0.067, "side": "sell", "timestamp": 1766187737846}, {"id": "2683685534", "price": 2983.08, "amount": 0.023, "side": "sell", "timestamp": 1766187787687}, {"id": "2683685535", "price": 2983.07, "amount": 0.023, "side": "sell", "timestamp": 1766187787687}, {"id": "2683685536", "price": 2983.06, "amount": 0.014, "side": "sell", "timestamp": 1766187787687}, {"id": "2683685537", "price": 2983.05, "amount": 0.398, "side": "sell", "timestamp": 1766187787687}, {"id": "2683685538", "price": 2983.04, "amount": 0.031, "side": "sell", "timestamp": 1766187787689}, {"id": "2683685539", "price": 2983.02, "amount": 0.372, "side": "sell", "timestamp": 1766187787689}, {"id": "2683685540", "price": 2983.01, "amount": 0.051, "side": "sell", "timestamp": 1766187787692}, {"id": "2683685541", "price": 2983.0, "amount": 0.353, "side": "sell", "timestamp": 1766187787692}, {"id": "2683685542", "price": 2982.98, "amount": 0.024, "side": "sell", "timestamp": 1766187787720}, {"id": "2683685543", "price": 2982.96, "amount": 0.018, "side": "sell", "timestamp": 1766187787720}, {"id": "2683685544", "price": 2982.95, "amount": 0.038, "side": "sell", "timestamp": 1766187787720}, {"id": "2683685545", "price": 2982.94, "amount": 0.009, "side": "sell", "timestamp": 1766187787720}, {"id": "2683685546", "price": 2982.93, "amount": 0.022, "side": "sell", "timestamp": 1766187787723}, {"id": "2683685547", "price": 2982.92, "amount": 0.018, "side": "sell", "timestamp": 1766187787723}, {"id": "2683685548", "price": 2982.91, "amount": 0.022, "side": "sell", "timestamp": 1766187787723}, {"id": "2683685549", "price": 2982.9, "amount": 0.032, "side": "sell", "timestamp": 1766187787729}, {"id": "2683685550", "price": 2982.89, "amount": 0.009, "side": "sell", "timestamp": 1766187787729}, {"id": "2683685551", "price": 2982.88, "amount": 1.411, "side": "sell", "timestamp": 1766187787729}, {"id": "2683685552", "price": 2982.88, "amount": 13.037, "side": "sell", "timestamp": 1766187787917}, {"id": "2683685553", "price": 2982.88, "amount": 0.001, "side": "sell", "timestamp": 1766187788264}, {"id": "2683685554", "price": 2982.88, "amount": 0.167, "side": "sell", "timestamp": 1766187789034}, {"id": "2683685555", "price": 2982.88, "amount": 0.142, "side": "sell", "timestamp": 1766187789706}, {"id": "2683685556", "price": 2982.88, "amount": 0.107, "side": "sell", "timestamp": 1766187789915}, {"id": "2683685557", "price": 2982.89, "amount": 0.02, "side": "buy", "timestamp": 1766187790050}, {"id": "2683685558", "price": 2982.88, "amount": 0.275, "side": "sell", "timestamp": 1766187790053}, {"id": "2683685559", "price": 2982.87, "amount": 0.007, "side": "sell", "timestamp": 1766187790054}, {"id": "2683685560", "price": 2982.86, "amount": 0.017, "side": "sell", "timestamp": 1766187790054}, {"id": "2683685561", "price": 2982.85, "amount": 0.023, "side": "sell", "timestamp": 1766187790054}, {"id": "2683685562", "price": 2982.84, "amount": 0.01, "side": "sell", "timestamp": 1766187790054}, {"id": "2683685563", "price": 2982.83, "amount": 0.298, "side": "sell", "timestamp": 1766187790057}, {"id": "2683685564", "price": 2982.82, "amount": 0.008, "side": "sell", "timestamp": 1766187790062}, {"id": "2683685565", "price": 2982.81, "amount": 0.014, "side": "sell", "timestamp": 1766187790062}, {"id": "2683685566", "price": 2982.8, "amount": 0.017, "side": "sell", "timestamp": 1766187790062}, {"id": "2683685567", "price": 2982.79, "amount": 0.059, "side": "sell", "timestamp": 1766187790062}, {"id": "2683685568", "price": 2982.78, "amount": 0.017, "side": "sell", "timestamp": 1766187790062}, {"id": "2683685569", "price": 2982.77, "amount": 0.009, "side": "sell", "timestamp": 1766187790062}, {"id": "2683685570", "price": 2982.76, "amount": 0.097, "side": "sell", "timestamp": 1766187790062}, {"id": "2683685571", "price": 2982.75, "amount": 0.065, "side": "sell", "timestamp": 1766187790063}, {"id": "2683685572", "price": 2982.74, "amount": 0.008, "side": "sell", "timestamp": 1766187790063}, {"id": "2683685573", "price": 2982.73, "amount": 0.05, "side": "sell", "timestamp": 1766187790101}, {"id": "2683685574", "price": 2982.72, "amount": 0.007, "side": "sell", "timestamp": 1766187790101}, {"id": "2683685575", "price": 2982.71, "amount": 0.042, "side": "sell", "timestamp": 1766187790101}, {"id": "2683685576", "price": 2982.7, "amount": 0.008, "side": "sell", "timestamp": 1766187790109}, {"id": "2683685577", "price": 2982.69, "amount": 0.053, "side": "sell", "timestamp": 1766187790132}, {"id": "2683685578", "price": 2982.7, "amount": 0.007, "side": "buy", "timestamp": 1766187790370}, {"id": "2683685579", "price": 2982.69, "amount": 0.162, "side": "sell", "timestamp": 1766187791573}, {"id": "2683685580", "price": 2982.69, "amount": 0.004, "side": "sell", "timestamp": 1766187791682}, {"id": "2683685581", "price": 2982.7, "amount": 0.198, "side": "buy", "timestamp": 1766187793076}, {"id": "2683685582", "price": 2982.69, "amount": 0.026, "side": "sell", "timestamp": 1766187793235}, {"id": "2683685583", "price": 2982.7, "amount": 3.86, "side": "buy", "timestamp": 1766187793660}, {"id": "2683685761", "price": 2981.91, "amount": 0.011, "side": "buy", "timestamp": 1766187834279}, {"id": "2683685762", "price": 2981.91, "amount": 0.051, "side": "buy", "timestamp": 1766187834390}, {"id": "2683685763", "price": 2981.9, "amount": 17.764, "side": "sell", "timestamp": 1766187835062}, {"id": "2683685764", "price": 2981.9, "amount": 0.022, "side": "sell", "timestamp": 1766187835412}, {"id": "2683685765", "price": 2981.9, "amount": 0.035, "side": "sell", "timestamp": 1766187836211}, {"id": "2683685766", "price": 2981.9, "amount": 0.221, "side": "sell", "timestamp": 1766187837019}, {"id": "2683685767", "price": 2981.91, "amount": 0.5, "side": "buy", "timestamp": 1766187837291}, {"id": "2683685768", "price": 2981.91, "amount": 0.007, "side": "buy", "timestamp": 1766187837621}, {"id": "2683685769", "price": 2981.91, "amount": 0.427, "side": "buy", "timestamp": 1766187840178}, {"id": "2683685770", "price": 2981.91, "amount": 4.234, "side": "buy", "timestamp": 1766187842268}, {"id": "2683685771", "price": 2981.9, "amount": 0.008, "side": "sell", "timestamp": 1766187842742}, {"id": "2683685772", "price": 2981.9, "amount": 0.008, "side": "sell", "timestamp": 1766187843009}, {"id": "2683685773", "price": 2981.9, "amount": 0.015, "side": "sell", "timestamp": 1766187844305}, {"id": "2683685774", "price": 2981.91, "amount": 0.01, "side": "buy", "timestamp": 1766187844328}, {"id": "2683685775", "price": 2981.91, "amount": 0.011, "side": "buy", "timestamp": 1766187844869}, {"id": "2683685776", "price": 2981.91, "amount": 14.659, "side": "buy", "timestamp": 1766187845191}, {"id": "2683685777", "price": 2981.92, "amount": 0.157, "side": "buy", "timestamp": 1766187845195}, {"id": "2683685778", "price": 2981.93, "amount": 0.009, "side": "buy", "timestamp": 1766187845195}, {"id": "2683685779", "price": 2981.94, "amount": 0.009, "side": "buy", "timestamp": 1766187845195}, {"id": "2683685780", "price": 2981.95, "amount": 0.009, "side": "buy", "timestamp": 1766187845196}, {"id": "2683685781", "price": 2981.96, "amount": 0.029, "side": "buy", "timestamp": 1766187845207}, {"id": "2683685782", "price": 2981.97, "amount": 4.098, "side": "buy", "timestamp": 1766187845211}, {"id": "2683685783", "price": 2981.98, "amount": 0.014, "side": "buy", "timestamp": 1766187845211}, {"id": "2683685784", "price": 2981.99, "amount": 0.018, "side": "buy", "timestamp": 1766187845211}, {"id": "2683685785", "price": 2982.0, "amount": 1.266, "side": "buy", "timestamp": 1766187845211}, {"id": "2683685786", "price": 2982.01, "amount": 1.516, "side": "buy", "timestamp": 1766187845211}, {"id": "2683685787", "price": 2982.02, "amount": 0.014, "side": "buy", "timestamp": 1766187845211}, {"id": "2683685788", "price": 2982.03, "amount": 0.031, "side": "buy", "timestamp": 1766187845211}, {"id": "2683685789", "price": 2982.04, "amount": 2.674, "side": "buy", "timestamp": 1766187845211}, {"id": "2683685790", "price": 2982.05, "amount": 0.009, "side": "buy", "timestamp": 1766187845211}, {"id": "2683685791", "price": 2982.06, "amount": 0.258, "side": "buy", "timestamp": 1766187845211}, {"id": "2683685792", "price": 2982.06, "amount": 0.23, "side": "buy", "timestamp": 1766187845349}, {"id": "2683685793", "price": 2982.07, "amount": 0.011, "side": "buy", "timestamp": 1766187845615}, {"id": "2683685794", "price": 2982.07, "amount": 0.014, "side": "buy", "timestamp": 1766187845801}, {"id": "2683685795", "price": 2982.06, "amount": 7.138, "side": "sell", "timestamp": 1766187845879}, {"id": "2683685796", "price": 2982.07, "amount": 0.019, "side": "buy", "timestamp": 1766187845928}, {"id": "2683685797", "price": 2982.07, "amount": 0.01, "side": "buy", "timestamp": 1766187846104}, {"id": "2683685798", "price": 2982.07, "amount": 0.009, "side": "buy", "timestamp": 1766187846820}, {"id": "2683685799", "price": 2982.07, "amount": 2.013, "side": "buy", "timestamp": 1766187847411}, {"id": "2683685800", "price": 2982.08, "amount": 0.091, "side": "buy", "timestamp": 1766187847411}, {"id": "2683685801", "price": 2982.09, "amount": 0.024, "side": "buy", "timestamp": 1766187847411}, {"id": "2683685802", "price": 2982.1, "amount": 0.017, "side": "buy", "timestamp": 1766187847411}, {"id": "2683685803", "price": 2982.11, "amount": 0.018, "side": "buy", "timestamp": 1766187847411}, {"id": "2683685804", "price": 2982.12, "amount": 0.036, "side": "buy", "timestamp": 1766187847411}, {"id": "2683685805", "price": 2982.14, "amount": 0.039, "side": "buy", "timestamp": 1766187847411}, {"id": "2683685806", "price": 2982.15, "amount": 1.09, "side": "buy", "timestamp": 1766187847411}, {"id": "2683685807", "price": 2982.16, "amount": 0.016, "side": "buy", "timestamp": 1766187847411}, {"id": "2683685808", "price": 2982.17, "amount": 0.009, "side": "buy", "timestamp": 1766187847412}, {"id": "2683685809", "price": 2982.18, "amount": 0.031, "side": "buy", "timestamp": 1766187847414}, {"id": "2683685810", "price": 2982.17, "amount": 0.01, "side": "sell", "timestamp": 1766187847473}, {"id": "2683686028", "price": 2981.65, "amount": 0.007, "side": "sell", "timestamp": 1766187900453}, {"id": "2683686029", "price": 2981.64, "amount": 0.017, "side": "sell", "timestamp": 1766187900453}, {"id": "2683686030", "price": 2981.63, "amount": 0.016, "side": "sell", "timestamp": 1766187900453}, {"id": "2683686031", "price": 2981.62, "amount": 0.122, "side": "sell", "timestamp": 1766187900453}, {"id": "2683686032", "price": 2981.61, "amount": 0.015, "side": "sell", "timestamp": 1766187900453}, {"id": "2683686033", "price": 2981.6, "amount": 0.819, "side": "sell", "timestamp": 1766187900453}, {"id": "2683686034", "price": 2981.59, "amount": 0.675, "side": "sell", "timestamp": 1766187900453}, {"id": "2683686035", "price": 2981.58, "amount": 1.178, "side": "sell", "timestamp": 1766187900453}, {"id": "2683686036", "price": 2981.57, "amount": 0.503, "side": "sell", "timestamp": 1766187900453}, {"id": "2683686037", "price": 2981.56, "amount": 1.567, "side": "sell", "timestamp": 1766187900453}, {"id": "2683686038", "price": 2981.55, "amount": 3.056, "side": "sell", "timestamp": 1766187900453}, {"id": "2683686039", "price": 2981.54, "amount": 9.207, "side": "sell", "timestamp": 1766187900453}, {"id": "2683686040", "price": 2981.53, "amount": 52.528, "side": "sell", "timestamp": 1766187900453}, {"id": "2683686041", "price": 2981.52, "amount": 0.042, "side": "sell", "timestamp": 1766187900523}, {"id": "2683686042", "price": 2981.51, "amount": 0.15, "side": "sell", "timestamp": 1766187900532}, {"id": "2683686043", "price": 2981.5, "amount": 0.029, "side": "sell", "timestamp": 1766187900532}, {"id": "2683686044", "price": 2981.48, "amount": 0.032, "side": "sell", "timestamp": 1766187900532}, {"id": "2683686045", "price": 2981.46, "amount": 0.03, "side": "sell", "timestamp": 1766187900532}, {"id": "2683686046", "price": 2981.44, "amount": 0.137, "side": "sell", "timestamp": 1766187900532}, {"id": "2683686047", "price": 2981.43, "amount": 0.033, "side": "sell", "timestamp": 1766187900532}, {"id": "2683686048", "price": 2981.42, "amount": 0.115, "side": "sell", "timestamp": 1766187900532}, {"id": "2683686049", "price": 2981.4, "amount": 0.03, "side": "sell", "timestamp": 1766187900548}, {"id": "2683686050", "price": 2981.39, "amount": 0.017, "side": "sell", "timestamp": 1766187900965}, {"id": "2683686051", "price": 2981.39, "amount": 0.191, "side": "sell", "timestamp": 1766187901356}, {"id": "2683686052", "price": 2981.39, "amount": 5.943, "side": "sell", "timestamp": 1766187901643}, {"id": "2683686053", "price": 2981.38, "amount": 0.041, "side": "sell", "timestamp": 1766187901643}, {"id": "2683686054", "price": 2981.36, "amount": 0.017, "side": "sell", "timestamp": 1766187901649}, {"id": "2683686055", "price": 2981.35, "amount": 0.026, "side": "sell", "timestamp": 1766187901649}, {"id": "2683686056", "price": 2981.34, "amount": 0.024, "side": "sell", "timestamp": 1766187901649}, {"id": "2683686057", "price": 2981.33, "amount": 0.032, "side": "sell", "timestamp": 1766187901649}, {"id": "2683686058", "price": 2981.32, "amount": 0.03, "side": "sell", "timestamp": 1766187901649}, {"id": "2683686059", "price": 2981.31, "amount": 0.034, "side": "sell", "timestamp": 1766187901649}, {"id": "2683686060", "price": 2981.3, "amount": 0.032, "side": "sell", "timestamp": 1766187901649}, {"id": "2683686061", "price": 2981.29, "amount": 0.624, "side": "sell", "timestamp": 1766187901766}, {"id": "2683686062", "price": 2981.28, "amount": 0.007, "side": "sell", "timestamp": 1766187901766}, {"id": "2683686063", "price": 2981.27, "amount": 0.01, "side": "sell", "timestamp": 1766187901766}, {"id": "2683686064", "price": 2981.26, "amount": 0.051, "side": "sell", "timestamp": 1766187901766}, {"id": "2683686065", "price": 2981.25, "amount": 0.067, "side": "sell", "timestamp": 1766187901766}, {"id": "2683686066", "price": 2981.24, "amount": 0.023, "side": "sell", "timestamp": 1766187901766}, {"id": "2683686067", "price": 2981.23, "amount": 1.693, "side": "sell", "timestamp": 1766187901766}, {"id": "2683686068", "price": 2981.22, "amount": 0.008, "side": "sell", "timestamp": 1766187901766}, {"id": "2683686069", "price": 2981.21, "amount": 0.057, "side": "sell", "timestamp": 1766187901766}, {"id": "2683686070", "price": 2981.2, "amount": 0.031, "side": "sell", "timestamp": 1766187901766}, {"id": "2683686071", "price": 2981.19, "amount": 0.039, "side": "sell", "timestamp": 1766187901766}, {"id": "2683686072", "price": 2981.18, "amount": 0.872, "side": "sell", "timestamp": 1766187901766}, {"id": "2683686073", "price": 2981.17, "amount": 0.396, "side": "sell", "timestamp": 1766187902138}, {"id": "2683686074", "price": 2981.17, "amount": 0.037, "side": "sell", "timestamp": 1766187903078}, {"id": "2683686075", "price": 2981.18, "amount": 0.012, "side": "buy", "timestamp": 1766187903208}, {"id": "2683686076", "price": 2981.17, "amount": 0.075, "side": "sell", "timestamp": 1766187903567}, {"id": "2683686077", "price": 2981.18, "amount": 0.008, "side": "buy", "timestamp": 1766187903859}, {"id": "2683686327", "price": 2981.17, "amount": 0.056, "side": "sell", "timestamp": 1766187942382}, {"id": "2683686328", "price": 2981.18, "amount": 4.886, "side": "buy", "timestamp": 1766187943383}, {"id": "2683686329", "price": 2981.17, "amount": 4.0, "side": "sell", "timestamp": 1766187943754}, {"id": "2683686330", "price": 2981.17, "amount": 0.049, "side": "sell", "timestamp": 1766187944127}, {"id": "2683686331", "price": 2981.17, "amount": 1.731, "side": "sell", "timestamp": 1766187944270}, {"id": "2683686332", "price": 2981.17, "amount": 0.036, "side": "sell", "timestamp": 1766187944510}, {"id": "2683686333", "price": 2981.17, "amount": 0.04, "side": "sell", "timestamp": 1766187946152}, {"id": "2683686334", "price": 2981.17, "amount": 0.009, "side": "sell", "timestamp": 1766187946264}, {"id": "2683686335", "price": 2981.17, "amount": 0.074, "side": "sell", "timestamp": 1766187946978}, {"id": "2683686336", "price": 2981.18, "amount": 0.635, "side": "buy", "timestamp": 1766187947453}, {"id": "2683686337", "price": 2981.18, "amount": 0.009, "side": "buy", "timestamp": 1766187947748}, {"id": "2683686338", "price": 2981.17, "amount": 0.067, "side": "sell", "timestamp": 1766187948044}, {"id": "2683686339", "price": 2981.17, "amount": 0.163, "side": "sell", "timestamp": 1766187948441}, {"id": "2683686340", "price": 2981.18, "amount": 2.606, "side": "buy", "timestamp": 1766187949533}, {"id": "2683686341", "price": 2981.17, "amount": 0.079, "side": "sell", "timestamp": 1766187949812}, {"id": "2683686342", "price": 2981.17, "amount": 0.093, "side": "sell", "timestamp": 1766187949974}, {"id": "2683686343", "price": 2981.17, "amount": 0.3, "side": "sell", "timestamp": 1766187950395}, {"id": "2683686344", "price": 2981.17, "amount": 0.1, "side": "sell", "timestamp": 1766187950655}, {"id": "2683686345", "price": 2981.17, "amount": 1.0, "side": "sell", "timestamp": 1766187951707}, {"id": "2683686346", "price": 2981.17, "amount": 0.014, "side": "sell", "timestamp": 1766187952952}, {"id": "2683686347", "price": 2981.17, "amount": 0.007, "side": "sell", "timestamp": 1766187953574}, {"id": "2683686348", "price": 2981.18, "amount": 0.034, "side": "buy", "timestamp": 1766187953634}, {"id": "2683686349", "price": 2981.18, "amount": 0.4, "side": "buy", "timestamp": 1766187953976}, {"id": "2683686350", "price": 2981.18, "amount": 0.398, "side": "buy", "timestamp": 1766187954986}, {"id": "2683686351", "price": 2981.18, "amount": 0.5, "side": "buy", "timestamp": 1766187955123}, {"id": "2683686352", "price": 2981.18, "amount": 0.065, "side": "buy", "timestamp": 1766187955642}, {"id": "2683686353", "price": 2981.18, "amount": 0.397, "side": "buy", "timestamp": 1766187956003}, {"id": "2683686354", "price": 2981.17, "amount": 1.0, "side": "sell", "timestamp": 1766187956265}, {"id": "2683686355", "price": 2981.18, "amount": 4.868, "side": "buy", "timestamp": 1766187956737}, {"id": "2683686356", "price": 2981.18, "amount": 0.396, "side": "buy", "timestamp": 1766187956980}, {"id": "2683686357", "price": 2981.17, "amount": 0.043, "side": "sell", "timestamp": 1766187957429}, {"id": "2683686358", "price": 2981.18, "amount": 0.395, "side": "buy", "timestamp": 1766187957956}, {"id": "2683686359", "price": 2981.17, "amount": 12.181, "side": "sell", "timestamp": 1766187958324}, {"id": "2683686360", "price": 2981.18, "amount": 0.394, "side": "buy", "timestamp": 1766187958979}, {"id": "2683686361", "price": 2981.17, "amount": 0.007, "side": "sell", "timestamp": 1766187959183}, {"id": "2683686362", "price": 2981.18, "amount": 3.112, "side": "buy", "timestamp": 1766187959200}, {"id": "2683686363", "price": 2981.19, "amount": 0.163, "side": "buy", "timestamp": 1766187959200}, {"id": "2683686364", "price": 2981.2, "amount": 0.036, "side": "buy", "timestamp": 1766187959200}, {"id": "2683686365", "price": 2981.21, "amount": 0.04, "side": "buy", "timestamp": 1766187959200}, {"id": "2683686366", "price": 2981.22, "amount": 0.023, "side": "buy", "timestamp": 1766187959200}, {"id": "2683686367", "price": 2981.23, "amount": 0.023, "side": "buy", "timestamp": 1766187959200}, {"id": "2683686368", "price": 2981.24, "amount": 0.009, "side": "buy", "timestamp": 1766187959200}, {"id": "2683686369", "price": 2981.25, "amount": 0.037, "side": "buy", "timestamp": 1766187959200}, {"id": "2683686370", "price": 2981.26, "amount": 0.012, "side": "buy", "timestamp": 1766187959200}, {"id": "2683686371", "price": 2981.27, "amount": 0.053, "side": "sell", "timestamp": 1766187959247}, {"id": "2683686372", "price": 2981.27, "amount": 0.012, "side": "sell", "timestamp": 1766187959634}, {"id": "2683686373", "price": 2981.28, "amount": 0.393, "side": "buy", "timestamp": 1766187959995}, {"id": "2683686374", "price": 2981.28, "amount": 0.391, "side": "buy", "timestamp": 1766187960936}, {"id": "2683686375", "price": 2981.27, "amount": 0.335, "side": "sell", "timestamp": 1766187961415}, {"id": "2683686376", "price": 2981.27, "amount": 0.007, "side": "sell", "timestamp": 1766187961520}, {"id": "2683686549", "price": 2980.98, "amount": 0.007, "side": "buy", "timestamp": 1766188000048}, {"id": "2683686550", "price": 2980.99, "amount": 0.113, "side": "buy", "timestamp": 1766188000048}, {"id": "2683686551", "price": 2981.0, "amount": 11.631, "side": "buy", "timestamp": 1766188000048}, {"id": "2683686552", "price": 2981.01, "amount": 0.145, "side": "buy", "timestamp": 1766188000048}, {"id": "2683686553", "price": 2981.02, "amount": 0.007, "side": "buy", "timestamp": 1766188000048}, {"id": "2683686554", "price": 2981.03, "amount": 0.031, "side": "buy", "timestamp": 1766188000048}, {"id": "2683686555", "price": 2981.04, "amount": 0.04, "side": "buy", "timestamp": 1766188000048}, {"id": "2683686556", "price": 2981.05, "amount": 0.014, "side": "buy", "timestamp": 1766188000048}, {"id": "2683686557", "price": 2981.06, "amount": 1.517, "side": "buy", "timestamp": 1766188000048}, {"id": "2683686558", "price": 2981.07, "amount": 0.044, "side": "buy", "timestamp": 1766188000048}, {"id": "2683686559", "price": 2981.08, "amount": 0.008, "side": "buy", "timestamp": 1766188000048}, {"id": "2683686560", "price": 2981.09, "amount": 0.031, "side": "buy", "timestamp": 1766188000048}, {"id": "2683686561", "price": 2981.09, "amount": 0.01, "side": "sell", "timestamp": 1766188000153}, {"id": "2683686562", "price": 2981.1, "amount": 0.137, "side": "buy", "timestamp": 1766188000318}, {"id": "2683686563", "price": 2981.09, "amount": 1.905, "side": "sell", "timestamp": 1766188001074}, {"id": "2683686564", "price": 2981.1, "amount": 0.025, "side": "buy", "timestamp": 1766188001502}, {"id": "2683686565", "price": 2981.1, "amount": 0.502, "side": "buy", "timestamp": 1766188001640}, {"id": "2683686566", "price": 2981.09, "amount": 0.223, "side": "sell", "timestamp": 1766188001949}, {"id": "2683686567", "price": 2981.09, "amount": 0.033, "side": "sell", "timestamp": 1766188002420}, {"id": "2683686568", "price": 2981.1, "amount": 0.131, "side": "buy", "timestamp": 1766188002570}, {"id": "2683686569", "price": 2981.09, "amount": 0.456, "side": "sell", "timestamp": 1766188002680}, {"id": "2683686570", "price": 2981.09, "amount": 0.007, "side": "sell", "timestamp": 1766188002887}, {"id": "2683686571", "price": 2981.1, "amount": 0.023, "side": "buy", "timestamp": 1766188003545}, {"id": "2683686572", "price": 2981.1, "amount": 0.008, "side": "buy", "timestamp": 1766188003701}, {"id": "2683686573", "price": 2981.09, "amount": 0.1, "side": "sell", "timestamp": 1766188005037}, {"id": "2683686574", "price": 2981.09, "amount": 0.043, "side": "sell", "timestamp": 1766188005143}, {"id": "2683686575", "price": 2981.1, "amount": 0.009, "side": "buy", "timestamp": 1766188005235}, {"id": "2683686576", "price": 2981.1, "amount": 0.029, "side": "buy", "timestamp": 1766188005510}, {"id": "2683686577", "price": 2981.1, "amount": 0.05, "side": "buy", "timestamp": 1766188005911}, {"id": "2683686578", "price": 2981.1, "amount": 0.007, "side": "buy", "timestamp": 1766188006138}, {"id": "2683686579", "price": 2981.09, "amount": 1.674, "side": "sell", "timestamp": 1766188006956}, {"id": "2683686580", "price": 2981.1, "amount": 0.009, "side": "buy", "timestamp": 1766188007203}, {"id": "2683686581", "price": 2981.1, "amount": 0.02, "side": "buy", "timestamp": 1766188007631}, {"id": "2683686582", "price": 2981.09, "amount": 0.004, "side": "sell", "timestamp": 1766188007671}, {"id": "2683686583", "price": 2981.1, "amount": 0.023, "side": "buy", "timestamp": 1766188007691}, {"id": "2683686584", "price": 2981.1, "amount": 1.0, "side": "buy", "timestamp": 1766188008214}, {"id": "2683686585", "price": 2981.1, "amount": 0.011, "side": "buy", "timestamp": 1766188008702}, {"id": "2683686586", "price": 2981.09, "amount": 0.459, "side": "sell", "timestamp": 1766188008718}, {"id": "2683686587", "price": 2981.1, "amount": 6.037, "side": "buy", "timestamp": 1766188009444}, {"id": "2683686588", "price": 2981.09, "amount": 0.09, "side": "sell", "timestamp": 1766188009505}, {"id": "2683686589", "price": 2981.1, "amount": 0.02, "side": "buy", "timestamp": 1766188009672}, {"id": "2683686590", "price": 2981.09, "amount": 0.016, "side": "sell", "timestamp": 1766188009910}, {"id": "2683686591", "price": 2981.09, "amount": 0.09, "side": "sell", "timestamp": 1766188010042}, {"id": "2683686592", "price": 2981.1, "amount": 0.112, "side": "buy", "timestamp": 1766188010292}, {"id": "2683686593", "price": 2981.1, "amount": 5.505, "side": "buy", "timestamp": 1766188011305}, {"id": "2683686594", "price": 2981.09, "amount": 0.055, "side": "sell", "timestamp": 1766188011491}, {"id": "2683686595", "price": 2981.09, "amount": 0.013, "side": "sell", "timestamp": 1766188011660}, {"id": "2683686596", "price": 2981.1, "amount": 0.412, "side": "buy", "timestamp": 1766188011678}, {"id": "2683686597", "price": 2981.09, "amount": 0.036, "side": "sell", "timestamp": 1766188011698}, {"id": "2683686598", "price": 2981.09, "amount": 0.009, "side": "sell", "timestamp": 1766188014134}, {"id": "2683686700", "price": 2980.89, "amount": 0.099, "side": "sell", "timestamp": 1766188044964}, {"id": "2683686701", "price": 2980.9, "amount": 0.007, "side": "buy", "timestamp": 1766188045298}, {"id": "2683686702", "price": 2980.9, "amount": 0.235, "side": "buy", "timestamp": 1766188045487}, {"id": "2683686703", "price": 2980.9, "amount": 0.335, "side": "buy", "timestamp": 1766188046910}, {"id": "2683686704", "price": 2980.89, "amount": 0.081, "side": "sell", "timestamp": 1766188047049}, {"id": "2683686705", "price": 2980.89, "amount": 0.293, "side": "sell", "timestamp": 1766188048144}, {"id": "2683686706", "price": 2980.9, "amount": 4.675, "side": "buy", "timestamp": 1766188048553}, {"id": "2683686707", "price": 2980.89, "amount": 0.4, "side": "sell", "timestamp": 1766188049281}, {"id": "2683686708", "price": 2980.9, "amount": 0.209, "side": "buy", "timestamp": 1766188049808}, {"id": "2683686709", "price": 2980.89, "amount": 0.086, "side": "sell", "timestamp": 1766188049950}, {"id": "2683686710", "price": 2980.89, "amount": 0.316, "side": "sell", "timestamp": 1766188050089}, {"id": "2683686711", "price": 2980.9, "amount": 11.291, "side": "buy", "timestamp": 1766188050161}, {"id": "2683686712", "price": 2980.9, "amount": 0.065, "side": "buy", "timestamp": 1766188050717}, {"id": "2683686713", "price": 2980.9, "amount": 0.127, "side": "buy", "timestamp": 1766188050832}, {"id": "2683686714", "price": 2980.9, "amount": 0.007, "side": "buy", "timestamp": 1766188051403}, {"id": "2683686715", "price": 2980.89, "amount": 0.007, "side": "sell", "timestamp": 1766188051542}, {"id": "2683686716", "price": 2980.9, "amount": 0.037, "side": "buy", "timestamp": 1766188051593}, {"id": "2683686717", "price": 2980.9, "amount": 1.0, "side": "buy", "timestamp": 1766188051886}, {"id": "2683686718", "price": 2980.89, "amount": 1.037, "side": "sell", "timestamp": 1766188052137}, {"id": "2683686719", "price": 2980.9, "amount": 0.013, "side": "buy", "timestamp": 1766188052178}, {"id": "2683686720", "price": 2980.89, "amount": 0.204, "side": "sell", "timestamp": 1766188053521}, {"id": "2683686721", "price": 2980.9, "amount": 0.244, "side": "buy", "timestamp": 1766188053698}, {"id": "2683686722", "price": 2980.89, "amount": 0.293, "side": "sell", "timestamp": 1766188054136}, {"id": "2683686723", "price": 2980.9, "amount": 0.073, "side": "buy", "timestamp": 1766188054151}, {"id": "2683686724", "price": 2980.89, "amount": 0.009, "side": "sell", "timestamp": 1766188054679}, {"id": "2683686725", "price": 2980.89, "amount": 0.1, "side": "sell", "timestamp": 1766188055270}, {"id": "2683686726", "price": 2980.9, "amount": 0.009, "side": "buy", "timestamp": 1766188055792}, {"id": "2683686727", "price": 2980.9, "amount": 0.415, "side": "buy", "timestamp": 1766188055960}, {"id": "2683686728", "price": 2980.89, "amount": 0.101, "side": "sell", "timestamp": 1766188056019}, {"id": "2683686729", "price": 2980.89, "amount": 0.533, "side": "sell", "timestamp": 1766188056159}, {"id": "2683686730", "price": 2980.9, "amount": 2.5, "side": "buy", "timestamp": 1766188057317}, {"id": "2683686731", "price": 2980.89, "amount": 0.011, "side": "sell", "timestamp": 1766188058345}, {"id": "2683686732", "price": 2980.89, "amount": 0.3, "side": "sell", "timestamp": 1766188059060}, {"id": "2683686733", "price": 2980.89, "amount": 2.351, "side": "sell", "timestamp": 1766188060162}, {"id": "2683686734", "price": 2980.9, "amount": 1.678, "side": "buy", "timestamp": 1766188060294}, {"id": "2683686735", "price": 2980.9, "amount": 0.279, "side": "buy", "timestamp": 1766188061134}, {"id": "2683686736", "price": 2980.9, "amount": 0.203, "side": "buy", "timestamp": 1766188061921}, {"id": "2683686737", "price": 2980.89, "amount": 0.01, "side": "sell", "timestamp": 1766188062479}, {"id": "2683686738", "price": 2980.9, "amount": 1.607, "side": "buy", "timestamp": 1766188062509}, {"id": "2683686739", "price": 2980.89, "amount": 0.167, "side": "sell", "timestamp": 1766188062881}, {"id": "2683686740", "price": 2980.89, "amount": 0.027, "side": "sell", "timestamp": 1766188063065}, {"id": "2683686741", "price": 2980.89, "amount": 0.11, "side": "sell", "timestamp": 1766188063542}, {"id": "2683686742", "price": 2980.89, "amount": 0.042, "side": "sell", "timestamp": 1766188064148}, {"id": "2683686743", "price": 2980.9, "amount": 0.395, "side": "buy", "timestamp": 1766188064777}, {"id": "2683686744", "price": 2980.89, "amount": 0.033, "side": "sell", "timestamp": 1766188065261}, {"id": "2683686745", "price": 2980.89, "amount": 0.35, "side": "sell", "timestamp": 1766188065488}, {"id": "2683686746", "price": 2980.89, "amount": 0.043, "side": "sell", "timestamp": 1766188065721}, {"id": "2683686747", "price": 2980.89, "amount": 0.798, "side": "sell", "timestamp": 1766188066494}, {"id": "2683686748", "price": 2980.89, "amount": 0.333, "side": "sell", "timestamp": 1766188066762}, {"id": "2683686749", "price": 2980.9, "amount": 0.021, "side": "buy", "timestamp": 1766188067060}, {"id": "2683686882", "price": 2981.0, "amount": 0.167, "side": "buy", "timestamp": 1766188108454}, {"id": "2683686883", "price": 2981.0, "amount": 0.013, "side": "buy", "timestamp": 1766188108845}, {"id": "2683686884", "price": 2980.99, "amount": 35.069, "side": "sell", "timestamp": 1766188108914}, {"id": "2683686885", "price": 2980.98, "amount": 0.022, "side": "sell", "timestamp": 1766188108914}, {"id": "2683686886", "price": 2980.97, "amount": 3.237, "side": "sell", "timestamp": 1766188108914}, {"id": "2683686887", "price": 2980.96, "amount": 0.278, "side": "sell", "timestamp": 1766188108914}, {"id": "2683686888", "price": 2980.95, "amount": 1.694, "side": "sell", "timestamp": 1766188108914}, {"id": "2683686889", "price": 2980.94, "amount": 11.227, "side": "sell", "timestamp": 1766188108914}, {"id": "2683686890", "price": 2980.93, "amount": 3.99, "side": "sell", "timestamp": 1766188108914}, {"id": "2683686891", "price": 2980.94, "amount": 1.909, "side": "buy", "timestamp": 1766188110226}, {"id": "2683686892", "price": 2980.94, "amount": 0.029, "side": "buy", "timestamp": 1766188110665}, {"id": "2683686893", "price": 2980.94, "amount": 3.241, "side": "buy", "timestamp": 1766188110892}, {"id": "2683686894", "price": 2980.94, "amount": 1.798, "side": "buy", "timestamp": 1766188112011}, {"id": "2683686895", "price": 2980.93, "amount": 0.012, "side": "sell", "timestamp": 1766188112405}, {"id": "2683686896", "price": 2980.94, "amount": 0.01, "side": "buy", "timestamp": 1766188112472}, {"id": "2683686897", "price": 2980.93, "amount": 0.118, "side": "sell", "timestamp": 1766188112652}, {"id": "2683686898", "price": 2980.94, "amount": 0.308, "side": "buy", "timestamp": 1766188113441}, {"id": "2683686899", "price": 2980.93, "amount": 0.015, "side": "sell", "timestamp": 1766188113783}, {"id": "2683686900", "price": 2980.93, "amount": 0.085, "side": "sell", "timestamp": 1766188114811}, {"id": "2683686901", "price": 2980.94, "amount": 1.513, "side": "buy", "timestamp": 1766188115346}, {"id": "2683686902", "price": 2980.95, "amount": 0.05, "side": "buy", "timestamp": 1766188115346}, {"id": "2683686903", "price": 2980.97, "amount": 0.008, "side": "buy", "timestamp": 1766188115346}, {"id": "2683686904", "price": 2981.0, "amount": 0.033, "side": "buy", "timestamp": 1766188115348}, {"id": "2683686905", "price": 2981.01, "amount": 0.037, "side": "buy", "timestamp": 1766188115348}, {"id": "2683686906", "price": 2981.02, "amount": 0.016, "side": "buy", "timestamp": 1766188115348}, {"id": "2683686907", "price": 2981.03, "amount": 0.022, "side": "buy", "timestamp": 1766188115348}, {"id": "2683686908", "price": 2981.03, "amount": 0.004, "side": "sell", "timestamp": 1766188115681}, {"id": "2683686909", "price": 2981.03, "amount": 0.076, "side": "sell", "timestamp": 1766188115798}, {"id": "2683686910", "price": 2981.04, "amount": 4.025, "side": "buy", "timestamp": 1766188116294}, {"id": "2683686911", "price": 2981.04, "amount": 2.157, "side": "buy", "timestamp": 1766188117512}, {"id": "2683686912", "price": 2981.05, "amount": 0.376, "side": "buy", "timestamp": 1766188117512}, {"id": "2683686913", "price": 2981.07, "amount": 0.009, "side": "buy", "timestamp": 1766188117512}, {"id": "2683686914", "price": 2981.08, "amount": 0.017, "side": "buy", "timestamp": 1766188117512}, {"id": "2683686915", "price": 2981.1, "amount": 2.171, "side": "buy", "timestamp": 1766188117518}, {"id": "2683686916", "price": 2981.12, "amount": 0.236, "side": "buy", "timestamp": 1766188117528}, {"id": "2683686917", "price": 2981.13, "amount": 0.023, "side": "buy", "timestamp": 1766188117528}, {"id": "2683686918", "price": 2981.14, "amount": 0.009, "side": "buy", "timestamp": 1766188117528}, {"id": "2683686919", "price": 2981.15, "amount": 0.014, "side": "buy", "timestamp": 1766188117528}, {"id": "2683686920", "price": 2981.16, "amount": 0.038, "side": "buy", "timestamp": 1766188117528}, {"id": "2683686921", "price": 2981.17, "amount": 0.023, "side": "buy", "timestamp": 1766188117528}, {"id": "2683686922", "price": 2981.19, "amount": 0.023, "side": "buy", "timestamp": 1766188117528}, {"id": "2683686923", "price": 2981.2, "amount": 0.016, "side": "buy", "timestamp": 1766188117528}, {"id": "2683686924", "price": 2981.21, "amount": 0.009, "side": "buy", "timestamp": 1766188117528}, {"id": "2683686925", "price": 2981.22, "amount": 0.023, "side": "buy", "timestamp": 1766188117528}, {"id": "2683686926", "price": 2981.23, "amount": 0.017, "side": "buy", "timestamp": 1766188117528}, {"id": "2683686927", "price": 2981.24, "amount": 0.017, "side": "buy", "timestamp": 1766188117528}, {"id": "2683686928", "price": 2981.25, "amount": 0.068, "side": "buy", "timestamp": 1766188117535}, {"id": "2683686929", "price": 2981.25, "amount": 0.007, "side": "buy", "timestamp": 1766188118170}, {"id": "2683686930", "price": 2981.24, "amount": 0.012, "side": "sell", "timestamp": 1766188118317}, {"id": "2683686931", "price": 2981.24, "amount": 1.113, "side": "sell", "timestamp": 1766188119581}, {"id": "2683687122", "price": 2980.35, "amount": 13.931, "side": "sell", "timestamp": 1766188158755}, {"id": "2683687123", "price": 2980.36, "amount": 0.923, "side": "buy", "timestamp": 1766188159139}, {"id": "2683687124", "price": 2980.35, "amount": 0.057, "side": "sell", "timestamp": 1766188159739}, {"id": "2683687125", "price": 2980.36, "amount": 0.9, "side": "buy", "timestamp": 1766188159801}, {"id": "2683687126", "price": 2980.35, "amount": 0.019, "side": "sell", "timestamp": 1766188159890}, {"id": "2683687127", "price": 2980.35, "amount": 0.058, "side": "sell", "timestamp": 1766188160069}, {"id": "2683687128", "price": 2980.35, "amount": 0.017, "side": "sell", "timestamp": 1766188160518}, {"id": "2683687129", "price": 2980.35, "amount": 0.168, "side": "sell", "timestamp": 1766188160675}, {"id": "2683687130", "price": 2980.35, "amount": 0.019, "side": "sell", "timestamp": 1766188161843}, {"id": "2683687131", "price": 2980.36, "amount": 1.456, "side": "buy", "timestamp": 1766188161941}, {"id": "2683687132", "price": 2980.36, "amount": 0.671, "side": "buy", "timestamp": 1766188162492}, {"id": "2683687133", "price": 2980.35, "amount": 0.009, "side": "sell", "timestamp": 1766188162504}, {"id": "2683687134", "price": 2980.36, "amount": 0.009, "side": "buy", "timestamp": 1766188162589}, {"id": "2683687135", "price": 2980.35, "amount": 0.034, "side": "sell", "timestamp": 1766188162792}, {"id": "2683687136", "price": 2980.36, "amount": 0.376, "side": "buy", "timestamp": 1766188162960}, {"id": "2683687137", "price": 2980.35, "amount": 0.5, "side": "sell", "timestamp": 1766188163255}, {"id": "2683687138", "price": 2980.35, "amount": 0.069, "side": "sell", "timestamp": 1766188163498}, {"id": "2683687139", "price": 2980.35, "amount": 8.388, "side": "sell", "timestamp": 1766188163895}, {"id": "2683687140", "price": 2980.35, "amount": 0.158, "side": "sell", "timestamp": 1766188164002}, {"id": "2683687141", "price": 2980.35, "amount": 0.036, "side": "sell", "timestamp": 1766188164773}, {"id": "2683687142", "price": 2980.35, "amount": 0.066, "side": "sell", "timestamp": 1766188164892}, {"id": "2683687143", "price": 2980.35, "amount": 0.043, "side": "sell", "timestamp": 1766188164993}, {"id": "2683687144", "price": 2980.36, "amount": 0.007, "side": "buy", "timestamp": 1766188165233}, {"id": "2683687145", "price": 2980.35, "amount": 0.11, "side": "sell", "timestamp": 1766188165653}, {"id": "2683687146", "price": 2980.35, "amount": 0.1, "side": "sell", "timestamp": 1766188165918}, {"id": "2683687147", "price": 2980.35, "amount": 0.042, "side": "sell", "timestamp": 1766188166057}, {"id": "2683687148", "price": 2980.35, "amount": 0.369, "side": "sell", "timestamp": 1766188166713}, {"id": "2683687149", "price": 2980.36, "amount": 20.0, "side": "buy", "timestamp": 1766188167118}, {"id": "2683687150", "price": 2980.35, "amount": 0.1, "side": "sell", "timestamp": 1766188167263}, {"id": "2683687151", "price": 2980.35, "amount": 0.107, "side": "sell", "timestamp": 1766188167747}, {"id": "2683687152", "price": 2980.36, "amount": 5.033, "side": "buy", "timestamp": 1766188167909}, {"id": "2683687153", "price": 2980.36, "amount": 0.016, "side": "buy", "timestamp": 1766188168146}, {"id": "2683687154", "price": 2980.35, "amount": 0.381, "side": "sell", "timestamp": 1766188168148}, {"id": "2683687155", "price": 2980.35, "amount": 0.056, "side": "sell", "timestamp": 1766188168424}, {"id": "2683687156", "price": 2980.35, "amount": 0.216, "side": "sell", "timestamp": 1766188168731}, {"id": "2683687157", "price": 2980.36, "amount": 0.392, "side": "buy", "timestamp": 1766188169319}, {"id": "2683687158", "price": 2980.35, "amount": 0.1, "side": "sell", "timestamp": 1766188169356}, {"id": "2683687159", "price": 2980.35, "amount": 0.075, "side": "sell", "timestamp": 1766188169862}, {"id": "2683687160", "price": 2980.35, "amount": 0.062, "side": "sell", "timestamp": 1766188169969}, {"id": "2683687161", "price": 2980.35, "amount": 0.39, "side": "sell", "timestamp": 1766188170143}, {"id": "2683687162", "price": 2980.35, "amount": 0.1, "side": "sell", "timestamp": 1766188170317}, {"id": "2683687163", "price": 2980.35, "amount": 0.1, "side": "sell", "timestamp": 1766188171020}, {"id": "2683687164", "price": 2980.35, "amount": 0.007, "side": "sell", "timestamp": 1766188171300}, {"id": "2683687165", "price": 2980.36, "amount": 0.1, "side": "buy", "timestamp": 1766188171961}, {"id": "2683687166", "price": 2980.35, "amount": 1.36, "side": "sell", "timestamp": 1766188172042}, {"id": "2683687167", "price": 2980.35, "amount": 0.1, "side": "sell", "timestamp": 1766188172345}, {"id": "2683687168", "price": 2980.35, "amount": 0.1, "side": "sell", "timestamp": 1766188172592}, {"id": "2683687169", "price": 2980.35, "amount": 0.099, "side": "sell", "timestamp": 1766188172850}, {"id": "2683687170", "price": 2980.35, "amount": 0.113, "side": "sell", "timestamp": 1766188173052}, {"id": "2683687171", "price": 2980.35, "amount": 0.573, "side": "sell", "timestamp": 1766188173178}, {"id": "2683687582", "price": 2977.99, "amount": 0.1, "side": "buy", "timestamp": 1766188224113}, {"id": "2683687583", "price": 2977.98, "amount": 0.346, "side": "sell", "timestamp": 1766188224326}, {"id": "2683687584", "price": 2977.98, "amount": 0.102, "side": "sell", "timestamp": 1766188224613}, {"id": "2683687585", "price": 2977.98, "amount": 23.505, "side": "sell", "timestamp": 1766188224739}, {"id": "2683687586", "price": 2977.98, "amount": 0.578, "side": "sell", "timestamp": 1766188224847}, {"id": "2683687587", "price": 2977.99, "amount": 0.01, "side": "buy", "timestamp": 1766188224876}, {"id": "2683687588", "price": 2977.98, "amount": 5.101, "side": "sell", "timestamp": 1766188224976}, {"id": "2683687589", "price": 2977.99, "amount": 0.02, "side": "buy", "timestamp": 1766188225047}, {"id": "2683687590", "price": 2977.99, "amount": 0.007, "side": "buy", "timestamp": 1766188225296}, {"id": "2683687591", "price": 2977.98, "amount": 0.061, "side": "sell", "timestamp": 1766188225902}, {"id": "2683687592", "price": 2977.99, "amount": 0.034, "side": "buy", "timestamp": 1766188225914}, {"id": "2683687593", "price": 2977.98, "amount": 0.889, "side": "sell", "timestamp": 1766188225994}, {"id": "2683687594", "price": 2977.99, "amount": 0.323, "side": "buy", "timestamp": 1766188226043}, {"id": "2683687595", "price": 2977.98, "amount": 1.841, "side": "sell", "timestamp": 1766188226043}, {"id": "2683687596", "price": 2977.99, "amount": 0.921, "side": "buy", "timestamp": 1766188226043}, {"id": "2683687597", "price": 2977.98, "amount": 32.281, "side": "sell", "timestamp": 1766188226043}, {"id": "2683687598", "price": 2977.97, "amount": 0.124, "side": "sell", "timestamp": 1766188226043}, {"id": "2683687599", "price": 2977.95, "amount": 0.117, "side": "sell", "timestamp": 1766188226043}, {"id": "2683687600", "price": 2977.94, "amount": 0.016, "side": "sell", "timestamp": 1766188226043}, {"id": "2683687601", "price": 2977.93, "amount": 0.009, "side": "sell", "timestamp": 1766188226043}, {"id": "2683687602", "price": 2977.92, "amount": 0.007, "side": "sell", "timestamp": 1766188226043}, {"id": "2683687603", "price": 2977.91, "amount": 0.057, "side": "sell", "timestamp": 1766188226043}, {"id": "2683687604", "price": 2977.9, "amount": 0.04, "side": "sell", "timestamp": 1766188226043}, {"id": "2683687605", "price": 2977.89, "amount": 0.014, "side": "sell", "timestamp": 1766188226043}, {"id": "2683687606", "price": 2977.88, "amount": 0.009, "side": "sell", "timestamp": 1766188226043}, {"id": "2683687607", "price": 2977.87, "amount": 0.031, "side": "sell", "timestamp": 1766188226043}, {"id": "2683687608", "price": 2977.86, "amount": 0.008, "side": "sell", "timestamp": 1766188226043}, {"id": "2683687609", "price": 2977.85, "amount": 0.054, "side": "sell", "timestamp": 1766188226043}, {"id": "2683687610", "price": 2977.84, "amount": 0.361, "side": "sell", "timestamp": 1766188226043}, {"id": "2683687611", "price": 2977.83, "amount": 3.305, "side": "sell", "timestamp": 1766188226043}, {"id": "2683687612", "price": 2977.82, "amount": 7.37, "side": "sell", "timestamp": 1766188226043}, {"id": "2683687613", "price": 2977.99, "amount": 5.103, "side": "buy", "timestamp": 1766188226043}, {"id": "2683687614", "price": 2977.82, "amount": 2.551, "side": "sell", "timestamp": 1766188226043}, {"id": "2683687615", "price": 2977.99, "amount": 50.0, "side": "buy", "timestamp": 1766188226043}, {"id": "2683687616", "price": 2977.82, "amount": 0.251, "side": "sell", "timestamp": 1766188226043}, {"id": "2683687617", "price": 2977.99, "amount": 4.334, "side": "buy", "timestamp": 1766188226043}, {"id": "2683687618", "price": 2978.0, "amount": 5.474, "side": "buy", "timestamp": 1766188226044}, {"id": "2683687619", "price": 2977.82, "amount": 0.02, "side": "sell", "timestamp": 1766188226044}, {"id": "2683687620", "price": 2977.83, "amount": 41.607, "side": "buy", "timestamp": 1766188226048}, {"id": "2683687621", "price": 2977.85, "amount": 0.008, "side": "buy", "timestamp": 1766188226051}, {"id": "2683687622", "price": 2977.87, "amount": 0.009, "side": "buy", "timestamp": 1766188226051}, {"id": "2683687623", "price": 2977.88, "amount": 0.694, "side": "buy", "timestamp": 1766188226051}, {"id": "2683687624", "price": 2977.89, "amount": 0.663, "side": "buy", "timestamp": 1766188226051}, {"id": "2683687625", "price": 2977.9, "amount": 0.686, "side": "buy", "timestamp": 1766188226051}, {"id": "2683687626", "price": 2977.91, "amount": 0.612, "side": "buy", "timestamp": 1766188226051}, {"id": "2683687627", "price": 2977.9, "amount": 0.372, "side": "buy", "timestamp": 1766188226055}, {"id": "2683687628", "price": 2977.92, "amount": 0.008, "side": "buy", "timestamp": 1766188226055}, {"id": "2683687629", "price": 2977.93, "amount": 0.009, "side": "buy", "timestamp": 1766188226055}, {"id": "2683687630", "price": 2977.94, "amount": 0.127, "side": "buy", "timestamp": 1766188226058}, {"id": "2683687631", "price": 2977.93, "amount": 3.0, "side": "sell", "timestamp": 1766188226122}, {"id": "2683688034", "price": 2979.4, "amount": 0.4, "side": "buy", "timestamp": 1766188277165}, {"id": "2683688035", "price": 2979.39, "amount": 0.043, "side": "sell", "timestamp": 1766188277201}, {"id": "2683688036", "price": 2979.4, "amount": 0.379, "side": "buy", "timestamp": 1766188277476}, {"id": "2683688037", "price": 2979.4, "amount": 0.407, "side": "buy", "timestamp": 1766188277618}, {"id": "2683688038", "price": 2979.4, "amount": 0.213, "side": "buy", "timestamp": 1766188277739}, {"id": "2683688039", "price": 2979.41, "amount": 0.183, "side": "buy", "timestamp": 1766188277778}, {"id": "2683688040", "price": 2979.43, "amount": 0.023, "side": "buy", "timestamp": 1766188277778}, {"id": "2683688041", "price": 2979.44, "amount": 0.051, "side": "buy", "timestamp": 1766188277778}, {"id": "2683688042", "price": 2979.45, "amount": 0.034, "side": "buy", "timestamp": 1766188277778}, {"id": "2683688043", "price": 2979.46, "amount": 1.082, "side": "buy", "timestamp": 1766188277778}, {"id": "2683688044", "price": 2979.45, "amount": 0.058, "side": "sell", "timestamp": 1766188277829}, {"id": "2683688045", "price": 2979.46, "amount": 0.207, "side": "buy", "timestamp": 1766188277855}, {"id": "2683688046", "price": 2979.45, "amount": 0.15, "side": "sell", "timestamp": 1766188277950}, {"id": "2683688047", "price": 2979.46, "amount": 0.302, "side": "buy", "timestamp": 1766188278020}, {"id": "2683688048", "price": 2979.46, "amount": 0.144, "side": "sell", "timestamp": 1766188278146}, {"id": "2683688049", "price": 2979.47, "amount": 0.018, "side": "buy", "timestamp": 1766188278153}, {"id": "2683688050", "price": 2979.46, "amount": 0.202, "side": "sell", "timestamp": 1766188278156}, {"id": "2683688051", "price": 2979.47, "amount": 0.315, "side": "buy", "timestamp": 1766188278214}, {"id": "2683688052", "price": 2979.47, "amount": 0.268, "side": "buy", "timestamp": 1766188278340}, {"id": "2683688053", "price": 2979.47, "amount": 1.21, "side": "buy", "timestamp": 1766188278458}, {"id": "2683688054", "price": 2979.48, "amount": 0.015, "side": "buy", "timestamp": 1766188278485}, {"id": "2683688055", "price": 2979.49, "amount": 0.596, "side": "buy", "timestamp": 1766188278485}, {"id": "2683688056", "price": 2979.5, "amount": 2.952, "side": "buy", "timestamp": 1766188278485}, {"id": "2683688057", "price": 2979.51, "amount": 0.029, "side": "buy", "timestamp": 1766188278485}, {"id": "2683688058", "price": 2979.52, "amount": 0.032, "side": "buy", "timestamp": 1766188278485}, {"id": "2683688059", "price": 2979.53, "amount": 0.029, "side": "buy", "timestamp": 1766188278485}, {"id": "2683688060", "price": 2979.54, "amount": 0.016, "side": "buy", "timestamp": 1766188278485}, {"id": "2683688061", "price": 2979.55, "amount": 0.032, "side": "buy", "timestamp": 1766188278485}, {"id": "2683688062", "price": 2979.56, "amount": 0.009, "side": "buy", "timestamp": 1766188278485}, {"id": "2683688063", "price": 2979.57, "amount": 0.174, "side": "buy", "timestamp": 1766188278485}, {"id": "2683688064", "price": 2979.58, "amount": 0.057, "side": "buy", "timestamp": 1766188278485}, {"id": "2683688065", "price": 2979.59, "amount": 0.056, "side": "buy", "timestamp": 1766188278485}, {"id": "2683688066", "price": 2979.6, "amount": 0.415, "side": "buy", "timestamp": 1766188278485}, {"id": "2683688067", "price": 2979.61, "amount": 1.702, "side": "buy", "timestamp": 1766188278485}, {"id": "2683688068", "price": 2979.62, "amount": 0.038, "side": "buy", "timestamp": 1766188278485}, {"id": "2683688069", "price": 2979.63, "amount": 0.344, "side": "buy", "timestamp": 1766188278485}, {"id": "2683688070", "price": 2979.64, "amount": 0.046, "side": "buy", "timestamp": 1766188278485}, {"id": "2683688071", "price": 2979.65, "amount": 0.017, "side": "buy", "timestamp": 1766188278485}, {"id": "2683688072", "price": 2979.66, "amount": 0.564, "side": "buy", "timestamp": 1766188278485}, {"id": "2683688073", "price": 2979.67, "amount": 0.023, "side": "buy", "timestamp": 1766188278485}, {"id": "2683688074", "price": 2979.68, "amount": 5.608, "side": "buy", "timestamp": 1766188278485}, {"id": "2683688075", "price": 2979.69, "amount": 0.753, "side": "buy", "timestamp": 1766188278485}, {"id": "2683688076", "price": 2979.7, "amount": 0.708, "side": "buy", "timestamp": 1766188278485}, {"id": "2683688077", "price": 2979.69, "amount": 0.276, "side": "buy", "timestamp": 1766188278488}, {"id": "2683688078", "price": 2979.68, "amount": 3.01, "side": "sell", "timestamp": 1766188278505}, {"id": "2683688079", "price": 2979.69, "amount": 0.214, "side": "buy", "timestamp": 1766188278573}, {"id": "2683688080", "price": 2979.68, "amount": 0.009, "side": "sell", "timestamp": 1766188278626}, {"id": "2683688081", "price": 2979.69, "amount": 0.409, "side": "buy", "timestamp": 1766188278632}, {"id": "2683688082", "price": 2979.69, "amount": 0.215, "side": "buy", "timestamp": 1766188278737}, {"id": "2683688083", "price": 2979.69, "amount": 0.072, "side": "buy", "timestamp": 1766188279089}, {"id": "2683688612", "price": 2978.53, "amount": 16.513, "side": "buy", "timestamp": 1766188321118}, {"id": "2683688613", "price": 2978.53, "amount": 0.014, "side": "sell", "timestamp": 1766188321153}, {"id": "2683688614", "price": 2978.54, "amount": 0.594, "side": "buy", "timestamp": 1766188321248}, {"id": "2683688615", "price": 2978.53, "amount": 0.016, "side": "sell", "timestamp": 1766188321310}, {"id": "2683688616", "price": 2978.53, "amount": 0.088, "side": "sell", "timestamp": 1766188322056}, {"id": "2683688617", "price": 2978.54, "amount": 0.008, "side": "buy", "timestamp": 1766188322317}, {"id": "2683688618", "price": 2978.53, "amount": 5.065, "side": "sell", "timestamp": 1766188322326}, {"id": "2683688619", "price": 2978.54, "amount": 7.569, "side": "buy", "timestamp": 1766188322345}, {"id": "2683688620", "price": 2978.53, "amount": 0.009, "side": "sell", "timestamp": 1766188322757}, {"id": "2683688621", "price": 2978.54, "amount": 0.099, "side": "buy", "timestamp": 1766188322952}, {"id": "2683688622", "price": 2978.54, "amount": 0.41, "side": "buy", "timestamp": 1766188323336}, {"id": "2683688623", "price": 2978.54, "amount": 0.057, "side": "buy", "timestamp": 1766188323544}, {"id": "2683688624", "price": 2978.53, "amount": 5.447, "side": "sell", "timestamp": 1766188323569}, {"id": "2683688625", "price": 2978.54, "amount": 4.305, "side": "buy", "timestamp": 1766188323727}, {"id": "2683688626", "price": 2978.55, "amount": 4.209, "side": "buy", "timestamp": 1766188323755}, {"id": "2683688627", "price": 2978.56, "amount": 0.969, "side": "buy", "timestamp": 1766188323755}, {"id": "2683688628", "price": 2978.57, "amount": 0.118, "side": "buy", "timestamp": 1766188323755}, {"id": "2683688629", "price": 2978.58, "amount": 0.231, "side": "buy", "timestamp": 1766188323755}, {"id": "2683688630", "price": 2978.6, "amount": 0.777, "side": "buy", "timestamp": 1766188323755}, {"id": "2683688631", "price": 2978.61, "amount": 1.344, "side": "buy", "timestamp": 1766188323755}, {"id": "2683688632", "price": 2978.6, "amount": 0.276, "side": "sell", "timestamp": 1766188323810}, {"id": "2683688633", "price": 2978.61, "amount": 0.411, "side": "buy", "timestamp": 1766188324338}, {"id": "2683688634", "price": 2978.6, "amount": 0.035, "side": "sell", "timestamp": 1766188324384}, {"id": "2683688635", "price": 2978.61, "amount": 3.185, "side": "buy", "timestamp": 1766188324568}, {"id": "2683688636", "price": 2978.6, "amount": 0.438, "side": "sell", "timestamp": 1766188324577}, {"id": "2683688637", "price": 2978.61, "amount": 1.944, "side": "buy", "timestamp": 1766188324578}, {"id": "2683688638", "price": 2978.6, "amount": 90.246, "side": "sell", "timestamp": 1766188324738}, {"id": "2683688639", "price": 2978.59, "amount": 0.014, "side": "sell", "timestamp": 1766188324739}, {"id": "2683688640", "price": 2978.58, "amount": 0.007, "side": "sell", "timestamp": 1766188324739}, {"id": "2683688641", "price": 2978.56, "amount": 0.009, "side": "sell", "timestamp": 1766188324739}, {"id": "2683688642", "price": 2978.55, "amount": 0.142, "side": "sell", "timestamp": 1766188324742}, {"id": "2683688643", "price": 2978.54, "amount": 0.02, "side": "sell", "timestamp": 1766188324783}, {"id": "2683688644", "price": 2978.54, "amount": 0.013, "side": "sell", "timestamp": 1766188325042}, {"id": "2683688645", "price": 2978.54, "amount": 1.471, "side": "sell", "timestamp": 1766188325276}, {"id": "2683688646", "price": 2978.55, "amount": 0.42, "side": "buy", "timestamp": 1766188325337}, {"id": "2683688647", "price": 2978.55, "amount": 0.412, "side": "buy", "timestamp": 1766188326376}, {"id": "2683688648", "price": 2978.54, "amount": 0.009, "side": "sell", "timestamp": 1766188326604}, {"id": "2683688649", "price": 2978.55, "amount": 0.041, "side": "buy", "timestamp": 1766188326924}, {"id": "2683688650", "price": 2978.54, "amount": 0.034, "side": "sell", "timestamp": 1766188327106}, {"id": "2683688651", "price": 2978.55, "amount": 0.413, "side": "buy", "timestamp": 1766188327307}, {"id": "2683688652", "price": 2978.55, "amount": 1.007, "side": "buy", "timestamp": 1766188327865}, {"id": "2683688653", "price": 2978.55, "amount": 0.011, "side": "buy", "timestamp": 1766188328185}, {"id": "2683688654", "price": 2978.54, "amount": 1.5, "side": "sell", "timestamp": 1766188329297}, {"id": "2683688655", "price": 2978.55, "amount": 0.01, "side": "buy", "timestamp": 1766188329514}, {"id": "2683688656", "price": 2978.55, "amount": 0.088, "side": "buy", "timestamp": 1766188329708}, {"id": "2683688657", "price": 2978.54, "amount": 0.064, "side": "sell", "timestamp": 1766188330014}, {"id": "2683688658", "price": 2978.54, "amount": 0.007, "side": "sell", "timestamp": 1766188330177}, {"id": "2683688659", "price": 2978.55, "amount": 0.025, "side": "buy", "timestamp": 1766188330569}, {"id": "2683688660", "price": 2978.55, "amount": 0.182, "side": "buy", "timestamp": 1766188330769}, {"id": "2683688661", "price": 2978.55, "amount": 0.007, "side": "buy", "timestamp": 1766188331675}, {"id": "2683688936", "price": 2978.19, "amount": 0.007, "side": "sell", "timestamp": 1766188373193}, {"id": "2683688937", "price": 2978.18, "amount": 0.359, "side": "sell", "timestamp": 1766188373343}, {"id": "2683688938", "price": 2978.18, "amount": 0.035, "side": "sell", "timestamp": 1766188373547}, {"id": "2683688939", "price": 2978.19, "amount": 0.01, "side": "buy", "timestamp": 1766188373551}, {"id": "2683688940", "price": 2978.19, "amount": 0.067, "side": "buy", "timestamp": 1766188373814}, {"id": "2683688941", "price": 2978.18, "amount": 0.179, "side": "sell", "timestamp": 1766188374886}, {"id": "2683688942", "price": 2978.19, "amount": 0.049, "side": "buy", "timestamp": 1766188375217}, {"id": "2683688943", "price": 2978.18, "amount": 0.167, "side": "sell", "timestamp": 1766188375432}, {"id": "2683688944", "price": 2978.19, "amount": 0.145, "side": "buy", "timestamp": 1766188375588}, {"id": "2683688945", "price": 2978.18, "amount": 1.775, "side": "sell", "timestamp": 1766188375622}, {"id": "2683688946", "price": 2978.19, "amount": 0.26, "side": "buy", "timestamp": 1766188375694}, {"id": "2683688947", "price": 2978.18, "amount": 0.666, "side": "sell", "timestamp": 1766188376157}, {"id": "2683688948", "price": 2978.19, "amount": 0.183, "side": "buy", "timestamp": 1766188376325}, {"id": "2683688949", "price": 2978.18, "amount": 1.387, "side": "sell", "timestamp": 1766188376501}, {"id": "2683688950", "price": 2978.18, "amount": 0.338, "side": "sell", "timestamp": 1766188377005}, {"id": "2683688951", "price": 2978.19, "amount": 0.061, "side": "buy", "timestamp": 1766188377251}, {"id": "2683688952", "price": 2978.18, "amount": 0.034, "side": "sell", "timestamp": 1766188377548}, {"id": "2683688953", "price": 2978.18, "amount": 1.736, "side": "sell", "timestamp": 1766188377702}, {"id": "2683688954", "price": 2978.18, "amount": 0.655, "side": "sell", "timestamp": 1766188377818}, {"id": "2683688955", "price": 2978.18, "amount": 0.034, "side": "sell", "timestamp": 1766188378148}, {"id": "2683688956", "price": 2978.18, "amount": 0.072, "side": "sell", "timestamp": 1766188378491}, {"id": "2683688957", "price": 2978.18, "amount": 0.653, "side": "sell", "timestamp": 1766188378789}, {"id": "2683688958", "price": 2978.18, "amount": 2.554, "side": "sell", "timestamp": 1766188378945}, {"id": "2683688959", "price": 2978.17, "amount": 0.015, "side": "sell", "timestamp": 1766188378945}, {"id": "2683688960", "price": 2978.16, "amount": 1.521, "side": "sell", "timestamp": 1766188378945}, {"id": "2683688961", "price": 2978.15, "amount": 0.018, "side": "sell", "timestamp": 1766188378946}, {"id": "2683688962", "price": 2978.14, "amount": 0.009, "side": "sell", "timestamp": 1766188378946}, {"id": "2683688963", "price": 2978.13, "amount": 0.046, "side": "sell", "timestamp": 1766188378946}, {"id": "2683688964", "price": 2978.12, "amount": 0.009, "side": "sell", "timestamp": 1766188378946}, {"id": "2683688965", "price": 2978.11, "amount": 0.039, "side": "sell", "timestamp": 1766188378946}, {"id": "2683688966", "price": 2978.1, "amount": 0.055, "side": "sell", "timestamp": 1766188378946}, {"id": "2683688967", "price": 2978.08, "amount": 0.014, "side": "sell", "timestamp": 1766188378946}, {"id": "2683688968", "price": 2978.07, "amount": 0.061, "side": "sell", "timestamp": 1766188378946}, {"id": "2683688969", "price": 2978.06, "amount": 0.755, "side": "sell", "timestamp": 1766188378946}, {"id": "2683688970", "price": 2978.05, "amount": 0.024, "side": "sell", "timestamp": 1766188378946}, {"id": "2683688971", "price": 2978.04, "amount": 0.086, "side": "sell", "timestamp": 1766188378946}, {"id": "2683688972", "price": 2978.03, "amount": 0.031, "side": "sell", "timestamp": 1766188378946}, {"id": "2683688973", "price": 2978.02, "amount": 0.657, "side": "sell", "timestamp": 1766188379788}, {"id": "2683688974", "price": 2978.03, "amount": 1.341, "side": "buy", "timestamp": 1766188380545}, {"id": "2683688975", "price": 2978.02, "amount": 5.669, "side": "sell", "timestamp": 1766188380704}, {"id": "2683688976", "price": 2978.03, "amount": 0.878, "side": "buy", "timestamp": 1766188381257}, {"id": "2683688977", "price": 2978.02, "amount": 0.654, "side": "sell", "timestamp": 1766188381751}, {"id": "2683688978", "price": 2978.02, "amount": 0.341, "side": "sell", "timestamp": 1766188382139}, {"id": "2683688979", "price": 2978.03, "amount": 0.033, "side": "buy", "timestamp": 1766188382173}, {"id": "2683688980", "price": 2978.02, "amount": 4.182, "side": "sell", "timestamp": 1766188382214}, {"id": "2683688981", "price": 2978.03, "amount": 0.942, "side": "buy", "timestamp": 1766188382218}, {"id": "2683688982", "price": 2978.02, "amount": 0.662, "side": "sell", "timestamp": 1766188382828}, {"id": "2683688983", "price": 2978.03, "amount": 0.143, "side": "buy", "timestamp": 1766188383251}, {"id": "2683688984", "price": 2978.02, "amount": 0.01, "side": "sell", "timestamp": 1766188383624}, {"id": "2683688985", "price": 2978.02, "amount": 0.65, "side": "sell", "timestamp": 1766188383784}, {"id": "2683689247", "price": 2978.59, "amount": 1.702, "side": "sell", "timestamp": 1766188425039}, {"id": "2683689248", "price": 2978.58, "amount": 0.28, "side": "sell", "timestamp": 1766188425042}, {"id": "2683689249", "price": 2978.59, "amount": 20.526, "side": "buy", "timestamp": 1766188425044}, {"id": "2683689250", "price": 2978.58, "amount": 0.121, "side": "sell", "timestamp": 1766188425053}, {"id": "2683689251", "price": 2978.58, "amount": 0.083, "side": "sell", "timestamp": 1766188425186}, {"id": "2683689252", "price": 2978.59, "amount": 0.007, "side": "buy", "timestamp": 1766188425423}, {"id": "2683689253", "price": 2978.58, "amount": 2.205, "side": "sell", "timestamp": 1766188425436}, {"id": "2683689254", "price": 2978.58, "amount": 0.661, "side": "sell", "timestamp": 1766188425721}, {"id": "2683689255", "price": 2978.59, "amount": 0.01, "side": "buy", "timestamp": 1766188426031}, {"id": "2683689256", "price": 2978.58, "amount": 0.549, "side": "sell", "timestamp": 1766188426860}, {"id": "2683689257", "price": 2978.59, "amount": 0.013, "side": "buy", "timestamp": 1766188426882}, {"id": "2683689258", "price": 2978.58, "amount": 0.547, "side": "sell", "timestamp": 1766188427819}, {"id": "2683689259", "price": 2978.58, "amount": 0.008, "side": "sell", "timestamp": 1766188428077}, {"id": "2683689260", "price": 2978.59, "amount": 0.016, "side": "buy", "timestamp": 1766188428249}, {"id": "2683689261", "price": 2978.59, "amount": 67.32, "side": "buy", "timestamp": 1766188428416}, {"id": "2683689262", "price": 2978.6, "amount": 0.451, "side": "buy", "timestamp": 1766188428424}, {"id": "2683689263", "price": 2978.59, "amount": 2.014, "side": "buy", "timestamp": 1766188428425}, {"id": "2683689264", "price": 2978.61, "amount": 1.006, "side": "buy", "timestamp": 1766188428425}, {"id": "2683689265", "price": 2978.62, "amount": 0.008, "side": "buy", "timestamp": 1766188428426}, {"id": "2683689266", "price": 2978.63, "amount": 0.009, "side": "buy", "timestamp": 1766188428426}, {"id": "2683689267", "price": 2978.64, "amount": 0.402, "side": "buy", "timestamp": 1766188428426}, {"id": "2683689268", "price": 2978.65, "amount": 0.017, "side": "buy", "timestamp": 1766188428440}, {"id": "2683689269", "price": 2978.66, "amount": 0.017, "side": "buy", "timestamp": 1766188428440}, {"id": "2683689270", "price": 2978.67, "amount": 0.009, "side": "buy", "timestamp": 1766188428440}, {"id": "2683689271", "price": 2978.68, "amount": 0.028, "side": "buy", "timestamp": 1766188428461}, {"id": "2683689272", "price": 2978.69, "amount": 0.008, "side": "buy", "timestamp": 1766188428461}, {"id": "2683689273", "price": 2978.7, "amount": 0.016, "side": "buy", "timestamp": 1766188428461}, {"id": "2683689274", "price": 2978.7, "amount": 0.1, "side": "sell", "timestamp": 1766188428723}, {"id": "2683689275", "price": 2978.7, "amount": 0.545, "side": "sell", "timestamp": 1766188428862}, {"id": "2683689276", "price": 2978.71, "amount": 4.338, "side": "buy", "timestamp": 1766188429679}, {"id": "2683689277", "price": 2978.7, "amount": 0.117, "side": "sell", "timestamp": 1766188429701}, {"id": "2683689278", "price": 2978.7, "amount": 0.544, "side": "sell", "timestamp": 1766188429805}, {"id": "2683689279", "price": 2978.7, "amount": 0.542, "side": "sell", "timestamp": 1766188430840}, {"id": "2683689280", "price": 2978.71, "amount": 2.483, "side": "buy", "timestamp": 1766188431589}, {"id": "2683689281", "price": 2978.7, "amount": 0.02, "side": "sell", "timestamp": 1766188431635}, {"id": "2683689282", "price": 2978.7, "amount": 0.54, "side": "sell", "timestamp": 1766188431752}, {"id": "2683689283", "price": 2978.71, "amount": 0.017, "side": "buy", "timestamp": 1766188432037}, {"id": "2683689284", "price": 2978.7, "amount": 0.55, "side": "sell", "timestamp": 1766188432738}, {"id": "2683689285", "price": 2978.71, "amount": 1.01, "side": "buy", "timestamp": 1766188433430}, {"id": "2683689286", "price": 2978.7, "amount": 0.537, "side": "sell", "timestamp": 1766188433731}, {"id": "2683689287", "price": 2978.7, "amount": 0.051, "side": "sell", "timestamp": 1766188433871}, {"id": "2683689288", "price": 2978.71, "amount": 8.316, "side": "buy", "timestamp": 1766188433950}, {"id": "2683689289", "price": 2978.7, "amount": 0.221, "side": "sell", "timestamp": 1766188434191}, {"id": "2683689290", "price": 2978.7, "amount": 0.535, "side": "sell", "timestamp": 1766188434875}, {"id": "2683689291", "price": 2978.71, "amount": 1.258, "side": "buy", "timestamp": 1766188435271}, {"id": "2683689292", "price": 2978.7, "amount": 1.0, "side": "sell", "timestamp": 1766188435683}, {"id": "2683689293", "price": 2978.7, "amount": 0.533, "side": "sell", "timestamp": 1766188435817}, {"id": "2683689294", "price": 2978.71, "amount": 1.79, "side": "buy", "timestamp": 1766188436225}, {"id": "2683689295", "price": 2978.7, "amount": 0.01, "side": "sell", "timestamp": 1766188436623}, {"id": "2683689296", "price": 2978.7, "amount": 0.531, "side": "sell", "timestamp": 1766188436799}, {"id": "2683689812", "price": 2976.61, "amount": 0.836, "side": "sell", "timestamp": 1766188484473}, {"id": "2683689813", "price": 2976.61, "amount": 0.02, "side": "sell", "timestamp": 1766188484805}, {"id": "2683689814", "price": 2976.61, "amount": 1.0, "side": "sell", "timestamp": 1766188485028}, {"id": "2683689815", "price": 2976.62, "amount": 0.394, "side": "buy", "timestamp": 1766188485692}, {"id": "2683689816", "price": 2976.62, "amount": 0.481, "side": "buy", "timestamp": 1766188485992}, {"id": "2683689817", "price": 2976.62, "amount": 0.022, "side": "buy", "timestamp": 1766188486197}, {"id": "2683689818", "price": 2976.61, "amount": 0.027, "side": "sell", "timestamp": 1766188486507}, {"id": "2683689819", "price": 2976.62, "amount": 0.973, "side": "buy", "timestamp": 1766188486712}, {"id": "2683689820", "price": 2976.62, "amount": 20.941, "side": "buy", "timestamp": 1766188487040}, {"id": "2683689821", "price": 2976.63, "amount": 0.008, "side": "buy", "timestamp": 1766188487046}, {"id": "2683689822", "price": 2976.65, "amount": 0.022, "side": "buy", "timestamp": 1766188487046}, {"id": "2683689823", "price": 2976.66, "amount": 0.009, "side": "buy", "timestamp": 1766188487046}, {"id": "2683689824", "price": 2976.67, "amount": 0.023, "side": "buy", "timestamp": 1766188487046}, {"id": "2683689825", "price": 2976.68, "amount": 0.029, "side": "buy", "timestamp": 1766188487046}, {"id": "2683689826", "price": 2976.69, "amount": 0.023, "side": "buy", "timestamp": 1766188487046}, {"id": "2683689827", "price": 2976.7, "amount": 0.009, "side": "buy", "timestamp": 1766188487046}, {"id": "2683689828", "price": 2976.71, "amount": 0.028, "side": "buy", "timestamp": 1766188487046}, {"id": "2683689829", "price": 2976.72, "amount": 0.198, "side": "buy", "timestamp": 1766188487064}, {"id": "2683689830", "price": 2976.73, "amount": 0.008, "side": "buy", "timestamp": 1766188487067}, {"id": "2683689831", "price": 2976.74, "amount": 0.263, "side": "buy", "timestamp": 1766188487070}, {"id": "2683689832", "price": 2976.74, "amount": 0.026, "side": "sell", "timestamp": 1766188487357}, {"id": "2683689833", "price": 2976.74, "amount": 0.1, "side": "sell", "timestamp": 1766188487947}, {"id": "2683689834", "price": 2976.75, "amount": 1.007, "side": "buy", "timestamp": 1766188488316}, {"id": "2683689835", "price": 2976.74, "amount": 1.229, "side": "sell", "timestamp": 1766188488337}, {"id": "2683689836", "price": 2976.75, "amount": 0.01, "side": "buy", "timestamp": 1766188488344}, {"id": "2683689837", "price": 2976.75, "amount": 0.015, "side": "buy", "timestamp": 1766188488557}, {"id": "2683689838", "price": 2976.74, "amount": 0.116, "side": "sell", "timestamp": 1766188488932}, {"id": "2683689839", "price": 2976.74, "amount": 0.026, "side": "sell", "timestamp": 1766188489131}, {"id": "2683689840", "price": 2976.75, "amount": 9.195, "side": "buy", "timestamp": 1766188489406}, {"id": "2683689841", "price": 2976.75, "amount": 5.375, "side": "buy", "timestamp": 1766188489670}, {"id": "2683689842", "price": 2976.76, "amount": 0.008, "side": "buy", "timestamp": 1766188489703}, {"id": "2683689843", "price": 2976.77, "amount": 0.024, "side": "buy", "timestamp": 1766188489703}, {"id": "2683689844", "price": 2976.78, "amount": 0.093, "side": "buy", "timestamp": 1766188489703}, {"id": "2683689845", "price": 2976.79, "amount": 0.018, "side": "buy", "timestamp": 1766188489703}, {"id": "2683689846", "price": 2976.8, "amount": 0.014, "side": "buy", "timestamp": 1766188489703}, {"id": "2683689847", "price": 2976.81, "amount": 0.009, "side": "buy", "timestamp": 1766188489703}, {"id": "2683689848", "price": 2976.82, "amount": 0.08, "side": "buy", "timestamp": 1766188489703}, {"id": "2683689849", "price": 2976.83, "amount": 0.009, "side": "buy", "timestamp": 1766188489703}, {"id": "2683689850", "price": 2976.84, "amount": 0.009, "side": "buy", "timestamp": 1766188489703}, {"id": "2683689851", "price": 2976.85, "amount": 0.118, "side": "buy", "timestamp": 1766188489703}, {"id": "2683689852", "price": 2976.86, "amount": 0.008, "side": "buy", "timestamp": 1766188489704}, {"id": "2683689853", "price": 2976.87, "amount": 1.518, "side": "buy", "timestamp": 1766188489704}, {"id": "2683689854", "price": 2976.88, "amount": 0.008, "side": "buy", "timestamp": 1766188489704}, {"id": "2683689855", "price": 2976.89, "amount": 0.032, "side": "buy", "timestamp": 1766188489704}, {"id": "2683689856", "price": 2976.9, "amount": 0.037, "side": "buy", "timestamp": 1766188489704}, {"id": "2683689857", "price": 2976.91, "amount": 0.007, "side": "buy", "timestamp": 1766188489704}, {"id": "2683689858", "price": 2976.92, "amount": 0.261, "side": "buy", "timestamp": 1766188489708}, {"id": "2683689859", "price": 2976.93, "amount": 0.024, "side": "buy", "timestamp": 1766188489714}, {"id": "2683689860", "price": 2976.95, "amount": 0.014, "side": "buy", "timestamp": 1766188489717}, {"id": "2683689861", "price": 2976.96, "amount": 0.007, "side": "buy", "timestamp": 1766188489717}, {"id": "2683690181", "price": 2977.26, "amount": 0.066, "side": "sell", "timestamp": 1766188535651}, {"id": "2683690182", "price": 2977.26, "amount": 20.0, "side": "sell", "timestamp": 1766188535969}, {"id": "2683690183", "price": 2977.27, "amount": 0.067, "side": "buy", "timestamp": 1766188536066}, {"id": "2683690184", "price": 2977.26, "amount": 0.762, "side": "sell", "timestamp": 1766188536139}, {"id": "2683690185", "price": 2977.27, "amount": 1.584, "side": "buy", "timestamp": 1766188537099}, {"id": "2683690186", "price": 2977.26, "amount": 0.847, "side": "sell", "timestamp": 1766188537437}, {"id": "2683690187", "price": 2977.27, "amount": 0.082, "side": "buy", "timestamp": 1766188538099}, {"id": "2683690188", "price": 2977.26, "amount": 0.007, "side": "sell", "timestamp": 1766188538969}, {"id": "2683690189", "price": 2977.27, "amount": 0.216, "side": "buy", "timestamp": 1766188539142}, {"id": "2683690190", "price": 2977.26, "amount": 1.0, "side": "sell", "timestamp": 1766188539369}, {"id": "2683690191", "price": 2977.27, "amount": 11.668, "side": "buy", "timestamp": 1766188539808}, {"id": "2683690192", "price": 2977.28, "amount": 19.446, "side": "buy", "timestamp": 1766188539808}, {"id": "2683690193", "price": 2977.29, "amount": 2.347, "side": "buy", "timestamp": 1766188539816}, {"id": "2683690194", "price": 2977.3, "amount": 1.394, "side": "buy", "timestamp": 1766188539816}, {"id": "2683690195", "price": 2977.31, "amount": 0.373, "side": "buy", "timestamp": 1766188539816}, {"id": "2683690196", "price": 2977.32, "amount": 0.687, "side": "buy", "timestamp": 1766188539816}, {"id": "2683690197", "price": 2977.33, "amount": 0.938, "side": "buy", "timestamp": 1766188539816}, {"id": "2683690198", "price": 2977.34, "amount": 0.014, "side": "buy", "timestamp": 1766188539816}, {"id": "2683690199", "price": 2977.35, "amount": 0.8, "side": "buy", "timestamp": 1766188539816}, {"id": "2683690200", "price": 2977.36, "amount": 0.018, "side": "buy", "timestamp": 1766188539816}, {"id": "2683690201", "price": 2977.37, "amount": 0.036, "side": "buy", "timestamp": 1766188539816}, {"id": "2683690202", "price": 2977.38, "amount": 0.152, "side": "buy", "timestamp": 1766188539816}, {"id": "2683690203", "price": 2977.39, "amount": 0.034, "side": "buy", "timestamp": 1766188539820}, {"id": "2683690204", "price": 2977.4, "amount": 0.045, "side": "buy", "timestamp": 1766188539820}, {"id": "2683690205", "price": 2977.41, "amount": 0.446, "side": "buy", "timestamp": 1766188539836}, {"id": "2683690206", "price": 2977.42, "amount": 1.226, "side": "buy", "timestamp": 1766188539836}, {"id": "2683690207", "price": 2977.43, "amount": 0.354, "side": "buy", "timestamp": 1766188539836}, {"id": "2683690208", "price": 2977.44, "amount": 0.015, "side": "buy", "timestamp": 1766188539839}, {"id": "2683690209", "price": 2977.45, "amount": 0.009, "side": "buy", "timestamp": 1766188539839}, {"id": "2683690210", "price": 2977.46, "amount": 0.107, "side": "buy", "timestamp": 1766188539839}, {"id": "2683690211", "price": 2977.47, "amount": 0.024, "side": "buy", "timestamp": 1766188539839}, {"id": "2683690212", "price": 2977.48, "amount": 0.009, "side": "buy", "timestamp": 1766188539839}, {"id": "2683690213", "price": 2977.49, "amount": 0.045, "side": "buy", "timestamp": 1766188539839}, {"id": "2683690214", "price": 2977.5, "amount": 0.03, "side": "buy", "timestamp": 1766188539839}, {"id": "2683690215", "price": 2977.51, "amount": 0.039, "side": "buy", "timestamp": 1766188539839}, {"id": "2683690216", "price": 2977.52, "amount": 1.686, "side": "buy", "timestamp": 1766188539842}, {"id": "2683690217", "price": 2977.53, "amount": 3.174, "side": "buy", "timestamp": 1766188539842}, {"id": "2683690218", "price": 2977.54, "amount": 0.008, "side": "buy", "timestamp": 1766188539902}, {"id": "2683690219", "price": 2977.55, "amount": 0.023, "side": "buy", "timestamp": 1766188539902}, {"id": "2683690220", "price": 2977.56, "amount": 0.009, "side": "buy", "timestamp": 1766188539902}, {"id": "2683690221", "price": 2977.57, "amount": 0.022, "side": "buy", "timestamp": 1766188539907}, {"id": "2683690222", "price": 2977.58, "amount": 0.061, "side": "buy", "timestamp": 1766188539907}, {"id": "2683690223", "price": 2977.59, "amount": 1.965, "side": "sell", "timestamp": 1766188540037}, {"id": "2683690224", "price": 2977.6, "amount": 0.067, "side": "buy", "timestamp": 1766188540174}, {"id": "2683690225", "price": 2977.59, "amount": 0.857, "side": "sell", "timestamp": 1766188541433}, {"id": "2683690226", "price": 2977.59, "amount": 0.041, "side": "sell", "timestamp": 1766188541843}, {"id": "2683690227", "price": 2977.6, "amount": 0.067, "side": "buy", "timestamp": 1766188542013}, {"id": "2683690228", "price": 2977.6, "amount": 3.901, "side": "buy", "timestamp": 1766188543063}, {"id": "2683690229", "price": 2977.59, "amount": 0.145, "side": "sell", "timestamp": 1766188543617}, {"id": "2683690230", "price": 2977.59, "amount": 0.268, "side": "sell", "timestamp": 1766188543835}, {"id": "2683690469", "price": 2978.0, "amount": 0.025, "side": "sell", "timestamp": 1766188591246}, {"id": "2683690470", "price": 2978.0, "amount": 10.239, "side": "buy", "timestamp": 1766188591512}, {"id": "2683690471", "price": 2978.0, "amount": 0.019, "side": "buy", "timestamp": 1766188591713}, {"id": "2683690472", "price": 2978.0, "amount": 0.067, "side": "buy", "timestamp": 1766188592021}, {"id": "2683690473", "price": 2977.99, "amount": 0.309, "side": "sell", "timestamp": 1766188592457}, {"id": "2683690474", "price": 2977.99, "amount": 0.008, "side": "sell", "timestamp": 1766188592563}, {"id": "2683690475", "price": 2977.99, "amount": 0.152, "side": "sell", "timestamp": 1766188592723}, {"id": "2683690476", "price": 2977.99, "amount": 0.003, "side": "sell", "timestamp": 1766188592976}, {"id": "2683690477", "price": 2978.0, "amount": 0.135, "side": "buy", "timestamp": 1766188592994}, {"id": "2683690478", "price": 2977.99, "amount": 0.026, "side": "sell", "timestamp": 1766188593160}, {"id": "2683690479", "price": 2978.0, "amount": 0.035, "side": "buy", "timestamp": 1766188593210}, {"id": "2683690480", "price": 2977.99, "amount": 0.066, "side": "sell", "timestamp": 1766188593568}, {"id": "2683690481", "price": 2978.0, "amount": 0.076, "side": "buy", "timestamp": 1766188594128}, {"id": "2683690482", "price": 2977.99, "amount": 1.439, "side": "sell", "timestamp": 1766188594217}, {"id": "2683690483", "price": 2977.99, "amount": 2.076, "side": "sell", "timestamp": 1766188594453}, {"id": "2683690484", "price": 2977.99, "amount": 5.0, "side": "sell", "timestamp": 1766188594724}, {"id": "2683690485", "price": 2977.99, "amount": 0.013, "side": "sell", "timestamp": 1766188595161}, {"id": "2683690486", "price": 2977.99, "amount": 0.007, "side": "sell", "timestamp": 1766188595668}, {"id": "2683690487", "price": 2978.0, "amount": 0.016, "side": "buy", "timestamp": 1766188595775}, {"id": "2683690488", "price": 2977.99, "amount": 0.064, "side": "sell", "timestamp": 1766188595874}, {"id": "2683690489", "price": 2978.0, "amount": 93.096, "side": "buy", "timestamp": 1766188595894}, {"id": "2683690490", "price": 2978.01, "amount": 1.218, "side": "buy", "timestamp": 1766188595894}, {"id": "2683690491", "price": 2978.02, "amount": 2.18, "side": "buy", "timestamp": 1766188595894}, {"id": "2683690492", "price": 2978.03, "amount": 1.344, "side": "buy", "timestamp": 1766188595894}, {"id": "2683690493", "price": 2978.04, "amount": 1.618, "side": "buy", "timestamp": 1766188595894}, {"id": "2683690494", "price": 2978.05, "amount": 0.023, "side": "buy", "timestamp": 1766188595894}, {"id": "2683690495", "price": 2978.06, "amount": 1.198, "side": "buy", "timestamp": 1766188595894}, {"id": "2683690496", "price": 2978.07, "amount": 0.023, "side": "buy", "timestamp": 1766188595894}, {"id": "2683690497", "price": 2978.08, "amount": 0.714, "side": "buy", "timestamp": 1766188595894}, {"id": "2683690498", "price": 2978.09, "amount": 0.023, "side": "buy", "timestamp": 1766188595894}, {"id": "2683690499", "price": 2978.1, "amount": 13.617, "side": "buy", "timestamp": 1766188595894}, {"id": "2683690500", "price": 2978.11, "amount": 0.022, "side": "buy", "timestamp": 1766188595894}, {"id": "2683690501", "price": 2978.12, "amount": 0.252, "side": "buy", "timestamp": 1766188595894}, {"id": "2683690502", "price": 2978.13, "amount": 0.19, "side": "buy", "timestamp": 1766188595894}, {"id": "2683690503", "price": 2978.15, "amount": 0.4, "side": "buy", "timestamp": 1766188595894}, {"id": "2683690504", "price": 2978.16, "amount": 1.369, "side": "buy", "timestamp": 1766188595894}, {"id": "2683690505", "price": 2978.17, "amount": 0.014, "side": "buy", "timestamp": 1766188595894}, {"id": "2683690506", "price": 2978.18, "amount": 0.017, "side": "buy", "timestamp": 1766188595894}, {"id": "2683690507", "price": 2978.19, "amount": 2.472, "side": "buy", "timestamp": 1766188595894}, {"id": "2683690508", "price": 2978.2, "amount": 0.503, "side": "buy", "timestamp": 1766188595894}, {"id": "2683690509", "price": 2978.21, "amount": 0.031, "side": "buy", "timestamp": 1766188595894}, {"id": "2683690510", "price": 2978.22, "amount": 0.016, "side": "buy", "timestamp": 1766188595894}, {"id": "2683690511", "price": 2978.23, "amount": 0.023, "side": "buy", "timestamp": 1766188595894}, {"id": "2683690512", "price": 2978.24, "amount": 23.677, "side": "buy", "timestamp": 1766188595894}, {"id": "2683690513", "price": 2978.25, "amount": 18.259, "side": "buy", "timestamp": 1766188595894}, {"id": "2683690514", "price": 2978.25, "amount": 0.502, "side": "buy", "timestamp": 1766188596326}, {"id": "2683690515", "price": 2978.24, "amount": 0.075, "side": "sell", "timestamp": 1766188596529}, {"id": "2683690516", "price": 2978.24, "amount": 0.078, "side": "sell", "timestamp": 1766188596863}, {"id": "2683690517", "price": 2978.25, "amount": 3.535, "side": "buy", "timestamp": 1766188596974}, {"id": "2683690518", "price": 2978.24, "amount": 0.013, "side": "sell", "timestamp": 1766188597162}, {"id": "2683690707", "price": 2978.53, "amount": 0.762, "side": "buy", "timestamp": 1766188635353}, {"id": "2683690708", "price": 2978.53, "amount": 0.062, "side": "buy", "timestamp": 1766188635671}, {"id": "2683690709", "price": 2978.53, "amount": 3.191, "side": "buy", "timestamp": 1766188636103}, {"id": "2683690710", "price": 2978.52, "amount": 0.002, "side": "sell", "timestamp": 1766188636220}, {"id": "2683690711", "price": 2978.52, "amount": 0.049, "side": "sell", "timestamp": 1766188636341}, {"id": "2683690712", "price": 2978.52, "amount": 0.031, "side": "sell", "timestamp": 1766188636625}, {"id": "2683690713", "price": 2978.52, "amount": 0.005, "side": "sell", "timestamp": 1766188637454}, {"id": "2683690714", "price": 2978.52, "amount": 1.156, "side": "sell", "timestamp": 1766188638143}, {"id": "2683690715", "price": 2978.52, "amount": 0.343, "side": "sell", "timestamp": 1766188639492}, {"id": "2683690716", "price": 2978.53, "amount": 0.019, "side": "buy", "timestamp": 1766188639743}, {"id": "2683690717", "price": 2978.53, "amount": 0.094, "side": "buy", "timestamp": 1766188640039}, {"id": "2683690718", "price": 2978.53, "amount": 0.015, "side": "buy", "timestamp": 1766188640456}, {"id": "2683690719", "price": 2978.52, "amount": 0.336, "side": "sell", "timestamp": 1766188640458}, {"id": "2683690720", "price": 2978.52, "amount": 0.336, "side": "sell", "timestamp": 1766188640560}, {"id": "2683690721", "price": 2978.53, "amount": 0.007, "side": "buy", "timestamp": 1766188640595}, {"id": "2683690722", "price": 2978.52, "amount": 0.336, "side": "sell", "timestamp": 1766188640676}, {"id": "2683690723", "price": 2978.52, "amount": 0.336, "side": "sell", "timestamp": 1766188640784}, {"id": "2683690724", "price": 2978.52, "amount": 1.061, "side": "sell", "timestamp": 1766188640893}, {"id": "2683690725", "price": 2978.52, "amount": 0.417, "side": "sell", "timestamp": 1766188641001}, {"id": "2683690726", "price": 2978.53, "amount": 0.015, "side": "buy", "timestamp": 1766188641235}, {"id": "2683690727", "price": 2978.52, "amount": 0.336, "side": "sell", "timestamp": 1766188641238}, {"id": "2683690728", "price": 2978.53, "amount": 0.007, "side": "buy", "timestamp": 1766188641377}, {"id": "2683690729", "price": 2978.52, "amount": 0.336, "side": "sell", "timestamp": 1766188641380}, {"id": "2683690730", "price": 2978.53, "amount": 0.265, "side": "buy", "timestamp": 1766188641464}, {"id": "2683690731", "price": 2978.52, "amount": 0.319, "side": "sell", "timestamp": 1766188641558}, {"id": "2683690732", "price": 2978.52, "amount": 0.615, "side": "sell", "timestamp": 1766188641819}, {"id": "2683690733", "price": 2978.52, "amount": 0.098, "side": "sell", "timestamp": 1766188642242}, {"id": "2683690734", "price": 2978.52, "amount": 0.007, "side": "sell", "timestamp": 1766188642624}, {"id": "2683690735", "price": 2978.53, "amount": 0.007, "side": "buy", "timestamp": 1766188642631}, {"id": "2683690736", "price": 2978.52, "amount": 1.602, "side": "sell", "timestamp": 1766188642986}, {"id": "2683690737", "price": 2978.52, "amount": 18.508, "side": "sell", "timestamp": 1766188643129}, {"id": "2683690738", "price": 2978.53, "amount": 0.366, "side": "buy", "timestamp": 1766188644376}, {"id": "2683690739", "price": 2978.53, "amount": 0.041, "side": "buy", "timestamp": 1766188644533}, {"id": "2683690740", "price": 2978.52, "amount": 5.0, "side": "sell", "timestamp": 1766188645485}, {"id": "2683690741", "price": 2978.52, "amount": 0.031, "side": "sell", "timestamp": 1766188645841}, {"id": "2683690742", "price": 2978.53, "amount": 0.014, "side": "buy", "timestamp": 1766188645969}, {"id": "2683690743", "price": 2978.52, "amount": 0.113, "side": "sell", "timestamp": 1766188646029}, {"id": "2683690744", "price": 2978.53, "amount": 0.05, "side": "buy", "timestamp": 1766188646919}, {"id": "2683690745", "price": 2978.52, "amount": 1.27, "side": "sell", "timestamp": 1766188647303}, {"id": "2683690746", "price": 2978.52, "amount": 1.262, "side": "sell", "timestamp": 1766188647920}, {"id": "2683690747", "price": 2978.52, "amount": 0.292, "side": "sell", "timestamp": 1766188648128}, {"id": "2683690748", "price": 2978.52, "amount": 0.116, "side": "sell", "timestamp": 1766188648413}, {"id": "2683690749", "price": 2978.53, "amount": 1.0, "side": "buy", "timestamp": 1766188649124}, {"id": "2683690750", "price": 2978.52, "amount": 1.0, "side": "sell", "timestamp": 1766188649772}, {"id": "2683690751", "price": 2978.52, "amount": 16.022, "side": "sell", "timestamp": 1766188650010}, {"id": "2683690752", "price": 2978.53, "amount": 0.007, "side": "buy", "timestamp": 1766188650077}, {"id": "2683690753", "price": 2978.52, "amount": 0.298, "side": "sell", "timestamp": 1766188650156}, {"id": "2683690754", "price": 2978.52, "amount": 0.142, "side": "sell", "timestamp": 1766188650386}, {"id": "2683690755", "price": 2978.53, "amount": 0.164, "side": "buy", "timestamp": 1766188650712}, {"id": "2683690756", "price": 2978.52, "amount": 0.128, "side": "sell", "timestamp": 1766188650761}, {"id": "2683690866", "price": 2978.42, "amount": 0.128, "side": "buy", "timestamp": 1766188688958}, {"id": "2683690867", "price": 2978.41, "amount": 0.116, "side": "sell", "timestamp": 1766188689141}, {"id": "2683690868", "price": 2978.42, "amount": 10.0, "side": "buy", "timestamp": 1766188689312}, {"id": "2683690869", "price": 2978.41, "amount": 0.11, "side": "sell", "timestamp": 1766188689702}, {"id": "2683690870", "price": 2978.42, "amount": 0.017, "side": "buy", "timestamp": 1766188689720}, {"id": "2683690871", "price": 2978.41, "amount": 0.1, "side": "sell", "timestamp": 1766188689783}, {"id": "2683690872", "price": 2978.42, "amount": 0.083, "side": "buy", "timestamp": 1766188689847}, {"id": "2683690873", "price": 2978.42, "amount": 0.066, "side": "buy", "timestamp": 1766188689978}, {"id": "2683690874", "price": 2978.41, "amount": 0.007, "side": "sell", "timestamp": 1766188689997}, {"id": "2683690875", "price": 2978.41, "amount": 0.007, "side": "sell", "timestamp": 1766188690130}, {"id": "2683690876", "price": 2978.42, "amount": 0.027, "side": "buy", "timestamp": 1766188691406}, {"id": "2683690877", "price": 2978.41, "amount": 0.004, "side": "sell", "timestamp": 1766188691668}, {"id": "2683690878", "price": 2978.41, "amount": 1.081, "side": "sell", "timestamp": 1766188692528}, {"id": "2683690879", "price": 2978.42, "amount": 0.537, "side": "buy", "timestamp": 1766188693154}, {"id": "2683690880", "price": 2978.42, "amount": 0.44, "side": "buy", "timestamp": 1766188693989}, {"id": "2683690881", "price": 2978.42, "amount": 0.016, "side": "buy", "timestamp": 1766188694711}, {"id": "2683690882", "price": 2978.42, "amount": 0.078, "side": "buy", "timestamp": 1766188694817}, {"id": "2683690883", "price": 2978.42, "amount": 0.02, "side": "buy", "timestamp": 1766188694919}, {"id": "2683690884", "price": 2978.42, "amount": 0.968, "side": "buy", "timestamp": 1766188695558}, {"id": "2683690885", "price": 2978.42, "amount": 0.037, "side": "buy", "timestamp": 1766188696974}, {"id": "2683690886", "price": 2978.41, "amount": 0.167, "side": "sell", "timestamp": 1766188697208}, {"id": "2683690887", "price": 2978.42, "amount": 26.559, "side": "buy", "timestamp": 1766188697286}, {"id": "2683690888", "price": 2978.43, "amount": 0.035, "side": "buy", "timestamp": 1766188697286}, {"id": "2683690889", "price": 2978.44, "amount": 1.055, "side": "buy", "timestamp": 1766188697286}, {"id": "2683690890", "price": 2978.45, "amount": 2.059, "side": "buy", "timestamp": 1766188697292}, {"id": "2683690891", "price": 2978.46, "amount": 1.352, "side": "buy", "timestamp": 1766188697292}, {"id": "2683690892", "price": 2978.46, "amount": 0.081, "side": "sell", "timestamp": 1766188697294}, {"id": "2683690893", "price": 2978.47, "amount": 1.523, "side": "buy", "timestamp": 1766188697295}, {"id": "2683690894", "price": 2978.48, "amount": 0.009, "side": "buy", "timestamp": 1766188697304}, {"id": "2683690895", "price": 2978.49, "amount": 0.023, "side": "buy", "timestamp": 1766188697304}, {"id": "2683690896", "price": 2978.5, "amount": 0.024, "side": "buy", "timestamp": 1766188697304}, {"id": "2683690897", "price": 2978.51, "amount": 0.155, "side": "buy", "timestamp": 1766188697306}, {"id": "2683690898", "price": 2978.52, "amount": 0.245, "side": "buy", "timestamp": 1766188697306}, {"id": "2683690899", "price": 2978.53, "amount": 2.377, "side": "buy", "timestamp": 1766188697306}, {"id": "2683690900", "price": 2978.54, "amount": 0.04, "side": "buy", "timestamp": 1766188697338}, {"id": "2683690901", "price": 2978.56, "amount": 0.327, "side": "buy", "timestamp": 1766188698290}, {"id": "2683690902", "price": 2978.56, "amount": 0.56, "side": "buy", "timestamp": 1766188699036}, {"id": "2683690903", "price": 2978.55, "amount": 1.596, "side": "sell", "timestamp": 1766188699461}, {"id": "2683690904", "price": 2978.56, "amount": 0.353, "side": "buy", "timestamp": 1766188699495}, {"id": "2683690905", "price": 2978.56, "amount": 0.018, "side": "buy", "timestamp": 1766188699903}, {"id": "2683690906", "price": 2978.56, "amount": 0.025, "side": "buy", "timestamp": 1766188700063}, {"id": "2683690907", "price": 2978.56, "amount": 0.018, "side": "buy", "timestamp": 1766188700269}, {"id": "2683690908", "price": 2978.56, "amount": 1.13, "side": "buy", "timestamp": 1766188700507}, {"id": "2683690909", "price": 2978.55, "amount": 2.311, "side": "sell", "timestamp": 1766188701209}, {"id": "2683690910", "price": 2978.56, "amount": 5.0, "side": "buy", "timestamp": 1766188701685}, {"id": "2683690911", "price": 2978.56, "amount": 0.05, "side": "buy", "timestamp": 1766188703987}, {"id": "2683690912", "price": 2978.56, "amount": 0.016, "side": "buy", "timestamp": 1766188704750}, {"id": "2683690913", "price": 2978.56, "amount": 0.019, "side": "buy", "timestamp": 1766188704914}, {"id": "2683690914", "price": 2978.55, "amount": 0.559, "side": "sell", "timestamp": 1766188705003}, {"id": "2683690915", "price": 2978.56, "amount": 0.008, "side": "buy", "timestamp": 1766188705052}, {"id": "2683691047", "price": 2978.33, "amount": 0.466, "side": "sell", "timestamp": 1766188739432}, {"id": "2683691048", "price": 2978.34, "amount": 1.0, "side": "buy", "timestamp": 1766188740185}, {"id": "2683691049", "price": 2978.33, "amount": 1.016, "side": "sell", "timestamp": 1766188740442}, {"id": "2683691050", "price": 2978.33, "amount": 0.047, "side": "sell", "timestamp": 1766188740566}, {"id": "2683691051", "price": 2978.33, "amount": 0.012, "side": "sell", "timestamp": 1766188741014}, {"id": "2683691052", "price": 2978.33, "amount": 1.821, "side": "sell", "timestamp": 1766188741596}, {"id": "2683691053", "price": 2978.33, "amount": 0.66, "side": "sell", "timestamp": 1766188741701}, {"id": "2683691054", "price": 2978.34, "amount": 4.729, "side": "buy", "timestamp": 1766188741836}, {"id": "2683691055", "price": 2978.34, "amount": 0.012, "side": "buy", "timestamp": 1766188742096}, {"id": "2683691056", "price": 2978.33, "amount": 0.392, "side": "sell", "timestamp": 1766188742139}, {"id": "2683691057", "price": 2978.34, "amount": 0.02, "side": "buy", "timestamp": 1766188742252}, {"id": "2683691058", "price": 2978.34, "amount": 1.163, "side": "buy", "timestamp": 1766188742357}, {"id": "2683691059", "price": 2978.34, "amount": 0.011, "side": "buy", "timestamp": 1766188742462}, {"id": "2683691060", "price": 2978.34, "amount": 0.056, "side": "buy", "timestamp": 1766188742646}, {"id": "2683691061", "price": 2978.33, "amount": 3.291, "side": "sell", "timestamp": 1766188743139}, {"id": "2683691062", "price": 2978.34, "amount": 0.008, "side": "buy", "timestamp": 1766188743476}, {"id": "2683691063", "price": 2978.33, "amount": 1.0, "side": "sell", "timestamp": 1766188743892}, {"id": "2683691064", "price": 2978.33, "amount": 0.226, "side": "sell", "timestamp": 1766188744124}, {"id": "2683691065", "price": 2978.33, "amount": 2.003, "side": "sell", "timestamp": 1766188745022}, {"id": "2683691066", "price": 2978.34, "amount": 2.5, "side": "buy", "timestamp": 1766188745314}, {"id": "2683691067", "price": 2978.33, "amount": 5.089, "side": "sell", "timestamp": 1766188745663}, {"id": "2683691068", "price": 2978.33, "amount": 0.827, "side": "sell", "timestamp": 1766188745893}, {"id": "2683691069", "price": 2978.33, "amount": 0.138, "side": "sell", "timestamp": 1766188746149}, {"id": "2683691070", "price": 2978.33, "amount": 0.013, "side": "sell", "timestamp": 1766188746402}, {"id": "2683691071", "price": 2978.34, "amount": 1.456, "side": "buy", "timestamp": 1766188747976}, {"id": "2683691072", "price": 2978.34, "amount": 2.282, "side": "buy", "timestamp": 1766188748106}, {"id": "2683691073", "price": 2978.34, "amount": 1.205, "side": "buy", "timestamp": 1766188748250}, {"id": "2683691074", "price": 2978.34, "amount": 0.109, "side": "buy", "timestamp": 1766188749202}, {"id": "2683691075", "price": 2978.34, "amount": 0.2, "side": "buy", "timestamp": 1766188749760}, {"id": "2683691076", "price": 2978.33, "amount": 0.5, "side": "sell", "timestamp": 1766188749932}, {"id": "2683691077", "price": 2978.33, "amount": 6.774, "side": "sell", "timestamp": 1766188750115}, {"id": "2683691078", "price": 2978.34, "amount": 2.175, "side": "buy", "timestamp": 1766188751742}, {"id": "2683691079", "price": 2978.34, "amount": 1.0, "side": "buy", "timestamp": 1766188753210}, {"id": "2683691080", "price": 2978.34, "amount": 8.129, "side": "buy", "timestamp": 1766188753716}, {"id": "2683691081", "price": 2978.33, "amount": 0.091, "side": "sell", "timestamp": 1766188753893}, {"id": "2683691082", "price": 2978.33, "amount": 0.088, "side": "sell", "timestamp": 1766188754143}, {"id": "2683691083", "price": 2978.33, "amount": 10.0, "side": "sell", "timestamp": 1766188755367}, {"id": "2683691084", "price": 2978.34, "amount": 2.532, "side": "buy", "timestamp": 1766188755460}, {"id": "2683691085", "price": 2978.33, "amount": 0.013, "side": "sell", "timestamp": 1766188756011}, {"id": "2683691086", "price": 2978.34, "amount": 0.304, "side": "buy", "timestamp": 1766188756024}, {"id": "2683691087", "price": 2978.33, "amount": 0.056, "side": "sell", "timestamp": 1766188756339}, {"id": "2683691088", "price": 2978.34, "amount": 0.048, "side": "buy", "timestamp": 1766188756660}, {"id": "2683691089", "price": 2978.34, "amount": 0.577, "side": "buy", "timestamp": 1766188757108}, {"id": "2683691090", "price": 2978.33, "amount": 12.686, "side": "sell", "timestamp": 1766188757147}, {"id": "2683691091", "price": 2978.34, "amount": 3.62, "side": "buy", "timestamp": 1766188758036}, {"id": "2683691092", "price": 2978.33, "amount": 0.179, "side": "sell", "timestamp": 1766188758145}, {"id": "2683691093", "price": 2978.33, "amount": 0.086, "side": "sell", "timestamp": 1766188758427}, {"id": "2683691094", "price": 2978.34, "amount": 0.99, "side": "buy", "timestamp": 1766188758498}