[{"symbol": "ETHUSDT", "bids": [[3115.25, 25.762], [3115.24, 4.997], [3115.22, 0.098], [3115.21, 0.007], [3115.2, 0.068], [3115.19, 0.089], [3115.18, 0.02], [3115.17, 0.016], [3115.16, 0.009], [3115.15, 0.045], [3115.14, 0.029], [3115.13, 0.02], [3115.12, 0.029], [3115.11, 0.016], [3115.1, 3.251], [3115.09, 3.268], [3115.08, 0.199], [3115.07, 0.009], [3115.06, 0.027], [3115.05, 0.029]], "asks": [[3115.26, 135.357], [3115.27, 1.171], [3115.28, 0.331], [3115.29, 0.099], [3115.3, 1.036], [3115.31, 0.316], [3115.32, 1.308], [3115.33, 0.115], [3115.34, 0.04], [3115.35, 0.215], [3115.36, 4.067], [3115.37, 28.116], [3115.38, 0.238], [3115.39, 3.24], [3115.4, 6.091], [3115.41, 2.824], [3115.42, 4.222], [3115.43, 20.544], [3115.44, 1.457], [3115.45, 6.326]], "timestamp": "2025-12-13T09:00:15.547598+00:00"}, {"symbol": "ETHUSDT", "bids": [[3114.49, 253.325], [3114.48, 4.431], [3114.47, 5.258], [3114.46, 0.103], [3114.45, 0.131], [3114.44, 0.102], [3114.43, 1.463], [3114.42, 0.698], [3114.41, 1.303], [3114.4, 1.452], [3114.39, 0.167], [3114.38, 0.022], [3114.37, 1.982], [3114.36, 0.188], [3114.35, 0.016], [3114.34, 0.02], [3114.33, 3.853], [3114.32, 0.013], [3114.31, 1.04], [3114.3, 2.079]], "asks": [[3114.5, 0.493], [3114.51, 2.09], [3114.54, 0.457], [3114.56, 0.107], [3114.57, 0.009], [3114.58, 0.013], [3114.59, 0.009], [3114.6, 0.052], [3114.61, 0.022], [3114.62, 1.564], [3114.63, 0.16], [3114.64, 0.018], [3114.65, 0.322], [3114.66, 1.515], [3114.67, 0.063], [3114.68, 0.035], [3114.69, 0.321], [3114.7, 1.751], [3114.71, 1.313], [3114.72, 0.652]], "timestamp": "2025-12-13T09:01:09.473540+00:00"}, {"symbol": "ETHUSDT", "bids": [[3114.73, 1.039], [3114.72, 0.397], [3114.71, 0.051], [3114.7, 0.111], [3114.69, 0.826], [3114.68, 0.016], [3114.67, 0.054], [3114.66, 0.095], [3114.65, 0.281], [3114.64, 5.132], [3114.63, 0.013], [3114.62, 0.586], [3114.61, 0.052], [3114.6, 0.041], [3114.59, 0.029], [3114.58, 0.007], [3114.57, 0.68], [3114.56, 0.016], [3114.55, 1.182], [3114.54, 2.792]], "asks": [[3114.74, 191.867], [3114.75, 0.181], [3114.76, 0.009], [3114.78, 0.03], [3114.79, 2.221], [3114.8, 1.682], [3114.81, 0.4], [3114.82, 2.025], [3114.83, 7.071], [3114.84, 0.038], [3114.85, 1.65], [3114.86, 0.007], [3114.87, 0.684], [3114.88, 1.336], [3114.89, 0.029], [3114.9, 0.037], [3114.91, 0.029], [3114.92, 0.045], [3114.93, 3.666], [3114.94, 2.213]], "timestamp": "2025-12-13T09:02:03.989740+00:00"}, {"symbol": "ETHUSDT", "bids": [[3116.23, 66.154], [3116.22, 1.136], [3116.21, 0.007], [3116.2, 0.007], [3116.19, 0.047], [3116.18, 0.016], [3116.17, 0.024], [3116.16, 0.009], [3116.15, 0.662], [3116.14, 1.336], [3116.13, 0.029], [3116.12, 0.088], [3116.11, 0.961], [3116.1, 1.609], [3116.09, 0.06], [3116.08, 0.009], [3116.06, 0.8], [3116.05, 1.284], [3116.04, 0.038], [3116.03, 0.033]], "asks": [[3116.24, 28.452], [3116.25, 0.292], [3116.26, 1.198], [3116.28, 0.017], [3116.3, 1.316], [3116.31, 0.058], [3116.32, 0.032], [3116.33, 1.212], [3116.35, 0.702], [3116.36, 4.377], [3116.37, 2.101], [3116.38, 0.013], [3116.39, 6.864], [3116.4, 3.045], [3116.41, 6.238], [3116.42, 1.045], [3116.43, 1.246], [3116.44, 1.956], [3116.45, 0.448], [3116.46, 5.043]], "timestamp": "2025-12-13T09:02:58.670710+00:00"}, {"symbol": "ETHUSDT", "bids": [[3117.23, 63.015], [3117.22, 1.141], [3117.21, 0.007], [3117.2, 0.116], [3117.18, 0.026], [3117.17, 0.007], [3117.16, 0.08], [3117.15, 1.283], [3117.14, 0.234], [3117.13, 0.076], [3117.12, 0.007], [3117.11, 0.651], [3117.1, 1.789], [3117.09, 0.189], [3117.08, 0.028], [3117.07, 1.571], [3117.06, 1.48], [3117.05, 0.471], [3117.04, 0.007], [3117.03, 0.816]], "asks": [[3117.24, 48.349], [3117.25, 2.421], [3117.26, 0.016], [3117.27, 0.106], [3117.28, 0.007], [3117.29, 0.112], [3117.3, 0.688], [3117.31, 0.049], [3117.32, 1.315], [3117.34, 0.017], [3117.35, 0.465], [3117.36, 1.743], [3117.37, 0.02], [3117.38, 0.009], [3117.39, 1.421], [3117.4, 2.374], [3117.41, 0.029], [3117.42, 4.074], [3117.43, 0.069], [3117.44, 0.007]], "timestamp": "2025-12-13T09:03:52.842023+00:00"}, {"symbol": "ETHUSDT", "bids": [[3117.6, 54.507], [3117.59, 0.021], [3117.58, 0.038], [3117.57, 0.007], [3117.56, 1.154], [3117.55, 0.016], [3117.54, 0.045], [3117.53, 0.009], [3117.52, 0.02], [3117.51, 0.007], [3117.5, 0.078], [3117.49, 0.007], [3117.48, 0.169], [3117.47, 0.007], [3117.46, 0.022], [3117.45, 0.014], [3117.44, 0.009], [3117.43, 0.074], [3117.42, 0.16], [3117.4, 0.402]], "asks": [[3117.61, 50.653], [3117.62, 0.007], [3117.64, 0.038], [3117.65, 0.361], [3117.66, 1.925], [3117.68, 0.036], [3117.69, 1.864], [3117.7, 0.434], [3117.71, 0.009], [3117.72, 0.32], [3117.73, 11.593], [3117.74, 1.931], [3117.75, 0.384], [3117.76, 0.123], [3117.77, 7.412], [3117.78, 0.023], [3117.79, 2.531], [3117.8, 2.812], [3117.81, 2.539], [3117.82, 9.172]], "timestamp": "2025-12-13T09:04:47.033986+00:00"}, {"symbol": "ETHUSDT", "bids": [[3116.56, 40.441], [3116.55, 0.15], [3116.54, 0.176], [3116.53, 0.007], [3116.52, 0.184], [3116.51, 0.104], [3116.5, 0.009], [3116.49, 0.007], [3116.48, 0.02], [3116.47, 1.755], [3116.46, 3.259], [3116.45, 3.066], [3116.44, 1.292], [3116.43, 0.144], [3116.42, 0.007], [3116.41, 0.013], [3116.4, 0.648], [3116.39, 0.058], [3116.38, 0.5], [3116.37, 1.326]], "asks": [[3116.57, 62.393], [3116.58, 0.021], [3116.59, 0.052], [3116.6, 0.007], [3116.61, 0.009], [3116.62, 0.009], [3116.63, 0.007], [3116.64, 0.047], [3116.65, 0.013], [3116.66, 0.039], [3116.67, 0.174], [3116.68, 0.051], [3116.69, 7.865], [3116.7, 20.728], [3116.71, 1.293], [3116.72, 0.061], [3116.73, 2.354], [3116.74, 20.022], [3116.75, 0.828], [3116.76, 0.353]], "timestamp": "2025-12-13T09:05:40.771272+00:00"}, {"symbol": "ETHUSDT", "bids": [[3118.0, 8.393], [3117.99, 0.575], [3117.98, 0.007], [3117.97, 0.064], [3117.96, 0.015], [3117.95, 3.181], [3117.94, 11.853], [3117.93, 0.031], [3117.92, 0.574], [3117.91, 6.367], [3117.9, 0.046], [3117.89, 0.007], [3117.88, 0.084], [3117.87, 0.063], [3117.86, 0.032], [3117.85, 0.014], [3117.84, 0.03], [3117.83, 0.058], [3117.82, 0.082], [3117.81, 0.351]], "asks": [[3118.01, 116.166], [3118.02, 28.468], [3118.04, 0.5], [3118.05, 0.21], [3118.06, 0.009], [3118.07, 20.089], [3118.08, 20.016], [3118.09, 2.147], [3118.1, 0.778], [3118.12, 0.013], [3118.13, 0.047], [3118.14, 0.658], [3118.15, 0.013], [3118.16, 0.009], [3118.18, 0.06], [3118.19, 1.291], [3118.2, 0.021], [3118.21, 0.02], [3118.22, 3.205], [3118.23, 10.206]], "timestamp": "2025-12-13T09:06:35.477087+00:00"}, {"symbol": "ETHUSDT", "bids": [[3116.76, 37.167], [3116.75, 0.159], [3116.74, 0.055], [3116.73, 0.016], [3116.72, 0.617], [3116.71, 1.355], [3116.7, 0.918], [3116.69, 0.251], [3116.68, 0.013], [3116.67, 0.24], [3116.65, 0.02], [3116.64, 1.339], [3116.63, 0.185], [3116.62, 0.013], [3116.61, 0.484], [3116.6, 0.409], [3116.59, 0.221], [3116.58, 0.32], [3116.57, 1.409], [3116.56, 1.633]], "asks": [[3116.77, 234.423], [3116.78, 0.014], [3116.79, 1.284], [3116.8, 0.014], [3116.81, 0.045], [3116.82, 7.518], [3116.83, 0.009], [3116.85, 0.038], [3116.86, 5.607], [3116.87, 0.216], [3116.88, 6.783], [3116.89, 0.016], [3116.9, 0.807], [3116.91, 0.029], [3116.92, 0.007], [3116.93, 1.078], [3116.94, 2.652], [3116.95, 2.604], [3116.96, 22.126], [3116.97, 0.027]], "timestamp": "2025-12-13T09:07:29.729358+00:00"}, {"symbol": "ETHUSDT", "bids": [[3117.46, 171.61], [3117.45, 1.995], [3117.44, 0.129], [3117.43, 0.007], [3117.42, 0.007], [3117.41, 0.009], [3117.4, 0.094], [3117.39, 0.182], [3117.38, 0.016], [3117.37, 11.079], [3117.36, 0.698], [3117.35, 0.013], [3117.34, 0.642], [3117.33, 0.027], [3117.32, 72.086], [3117.31, 2.812], [3117.3, 0.328], [3117.29, 0.007], [3117.28, 0.047], [3117.27, 0.069]], "asks": [[3117.47, 8.407], [3117.48, 0.896], [3117.5, 0.064], [3117.51, 0.007], [3117.52, 0.018], [3117.53, 1.451], [3117.54, 0.147], [3117.55, 0.01], [3117.56, 0.516], [3117.57, 0.038], [3117.58, 0.007], [3117.59, 0.183], [3117.6, 1.322], [3117.61, 0.007], [3117.62, 0.134], [3117.63, 0.065], [3117.64, 0.02], [3117.65, 0.237], [3117.66, 0.236], [3117.67, 0.669]], "timestamp": "2025-12-13T09:08:24.101751+00:00"}, {"symbol": "ETHUSDT", "bids": [[3118.17, 158.51], [3118.16, 0.329], [3118.15, 0.112], [3118.13, 0.468], [3118.12, 0.016], [3118.11, 0.66], [3118.1, 1.631], [3118.09, 0.077], [3118.08, 0.438], [3118.07, 0.141], [3118.06, 0.022], [3118.05, 0.014], [3118.04, 0.036], [3118.03, 0.095], [3118.02, 0.054], [3118.01, 0.017], [3118.0, 1.119], [3117.99, 4.992], [3117.98, 0.17], [3117.97, 0.013]], "asks": [[3118.18, 24.537], [3118.19, 0.649], [3118.2, 0.036], [3118.22, 0.026], [3118.23, 0.205], [3118.24, 0.401], [3118.25, 0.023], [3118.26, 1.302], [3118.27, 0.038], [3118.28, 0.025], [3118.29, 6.247], [3118.3, 0.389], [3118.31, 0.029], [3118.32, 0.015], [3118.33, 0.075], [3118.34, 0.651], [3118.35, 1.653], [3118.36, 0.207], [3118.37, 0.064], [3118.38, 3.133]], "timestamp": "2025-12-13T09:09:18.271390+00:00"}, {"symbol": "ETHUSDT", "bids": [[3118.31, 151.421], [3118.3, 0.021], [3118.28, 0.024], [3118.27, 0.038], [3118.26, 0.009], [3118.25, 10.266], [3118.24, 0.082], [3118.23, 0.1], [3118.22, 0.027], [3118.21, 1.304], [3118.2, 0.038], [3118.19, 0.047], [3118.18, 0.009], [3118.17, 0.013], [3118.16, 0.009], [3118.15, 0.069], [3118.14, 1.36], [3118.13, 0.032], [3118.12, 69.116], [3118.11, 1.091]], "asks": [[3118.32, 3.69], [3118.33, 0.02], [3118.34, 0.007], [3118.35, 0.566], [3118.36, 0.209], [3118.37, 0.68], [3118.38, 1.882], [3118.39, 0.054], [3118.4, 0.696], [3118.41, 0.641], [3118.42, 0.735], [3118.43, 1.238], [3118.44, 0.818], [3118.45, 0.009], [3118.48, 2.252], [3118.49, 4.541], [3118.5, 0.702], [3118.51, 0.013], [3118.52, 0.054], [3118.54, 0.013]], "timestamp": "2025-12-13T09:10:12.460000+00:00"}, {"symbol": "ETHUSDT", "bids": [[3117.32, 28.167], [3117.31, 1.96], [3117.3, 0.046], [3117.29, 0.007], [3117.28, 0.105], [3117.27, 0.184], [3117.26, 2.023], [3117.25, 0.045], [3117.24, 1.386], [3117.23, 0.126], [3117.22, 0.309], [3117.21, 0.696], [3117.2, 0.045], [3117.19, 0.228], [3117.18, 0.014], [3117.17, 0.033], [3117.16, 0.527], [3117.15, 0.303], [3117.14, 0.023], [3117.13, 1.26]], "asks": [[3117.33, 69.418], [3117.34, 1.285], [3117.35, 1.636], [3117.36, 0.007], [3117.37, 0.007], [3117.38, 0.651], [3117.39, 0.045], [3117.4, 0.016], [3117.41, 0.02], [3117.42, 1.619], [3117.43, 0.956], [3117.44, 0.02], [3117.45, 0.023], [3117.46, 0.623], [3117.47, 2.418], [3117.48, 10.761], [3117.49, 25.74], [3117.5, 0.646], [3117.51, 1.314], [3117.52, 0.725]], "timestamp": "2025-12-13T09:11:06.714549+00:00"}, {"symbol": "ETHUSDT", "bids": [[3118.85, 71.773], [3118.84, 0.026], [3118.83, 1.553], [3118.82, 2.032], [3118.81, 8.2], [3118.8, 0.213], [3118.79, 0.06], [3118.78, 0.651], [3118.77, 0.406], [3118.76, 0.024], [3118.75, 1.729], [3118.74, 1.072], [3118.73, 0.484], [3118.72, 6.345], [3118.71, 0.222], [3118.7, 0.617], [3118.69, 0.084], [3118.68, 1.696], [3118.67, 14.094], [3118.66, 0.698]], "asks": [[3118.86, 62.259], [3118.87, 0.007], [3118.9, 0.009], [3118.91, 0.047], [3118.93, 0.009], [3118.94, 29.485], [3118.95, 5.91], [3118.96, 0.036], [3118.97, 0.854], [3118.98, 4.048], [3118.99, 7.703], [3119.0, 5020.773], [3119.01, 0.104], [3119.02, 0.016], [3119.03, 0.094], [3119.04, 1.653], [3119.05, 0.771], [3119.06, 0.035], [3119.07, 1.015], [3119.08, 0.025]], "timestamp": "2025-12-13T09:12:00.754277+00:00"}, {"symbol": "ETHUSDT", "bids": [[3118.99, 71.743], [3118.98, 0.104], [3118.97, 0.177], [3118.96, 0.007], [3118.95, 0.007], [3118.94, 0.553], [3118.93, 2.897], [3118.92, 0.182], [3118.91, 0.007], [3118.9, 0.054], [3118.89, 0.026], [3118.88, 3.69], [3118.87, 12.919], [3118.86, 3.577], [3118.85, 0.372], [3118.84, 0.016], [3118.83, 0.22], [3118.82, 0.052], [3118.81, 0.023], [3118.8, 0.463]], "asks": [[3119.0, 5015.35], [3119.01, 0.151], [3119.02, 0.016], [3119.03, 0.064], [3119.04, 0.336], [3119.05, 0.009], [3119.06, 0.042], [3119.07, 0.214], [3119.08, 0.025], [3119.09, 0.033], [3119.1, 0.051], [3119.11, 0.06], [3119.12, 0.174], [3119.13, 0.02], [3119.14, 0.098], [3119.15, 0.922], [3119.16, 4.226], [3119.17, 0.02], [3119.18, 0.065], [3119.19, 0.492]], "timestamp": "2025-12-13T09:12:55.072035+00:00"}, {"symbol": "ETHUSDT", "bids": [[3118.99, 98.332], [3118.98, 0.014], [3118.97, 0.162], [3118.96, 0.087], [3118.95, 0.074], [3118.94, 0.014], [3118.93, 0.007], [3118.92, 0.032], [3118.91, 2.073], [3118.9, 0.041], [3118.89, 12.981], [3118.88, 12.117], [3118.87, 9.103], [3118.86, 0.023], [3118.85, 0.374], [3118.84, 0.022], [3118.83, 25.013], [3118.82, 0.443], [3118.81, 0.009], [3118.8, 5.512]], "asks": [[3119.0, 30.729], [3119.01, 0.165], [3119.02, 0.464], [3119.04, 0.007], [3119.05, 0.419], [3119.06, 0.038], [3119.07, 0.016], [3119.08, 0.013], [3119.1, 0.023], [3119.11, 0.123], [3119.13, 0.009], [3119.14, 0.013], [3119.15, 0.881], [3119.16, 130.351], [3119.17, 0.093], [3119.18, 0.014], [3119.19, 1.137], [3119.2, 0.082], [3119.21, 0.009], [3119.22, 1.212]], "timestamp": "2025-12-13T09:13:48.815688+00:00"}, {"symbol": "ETHUSDT", "bids": [[3117.54, 29.15], [3117.53, 0.953], [3117.52, 0.162], [3117.51, 1.268], [3117.5, 4.991], [3117.49, 0.007], [3117.48, 0.412], [3117.47, 1.543], [3117.46, 3.329], [3117.45, 0.049], [3117.44, 0.038], [3117.43, 0.036], [3117.42, 0.007], [3117.41, 7.599], [3117.4, 1.355], [3117.39, 1.777], [3117.38, 20.691], [3117.37, 0.007], [3117.36, 1.345], [3117.35, 0.05]], "asks": [[3117.55, 66.149], [3117.56, 1.173], [3117.57, 0.641], [3117.58, 1.503], [3117.59, 0.048], [3117.6, 12.119], [3117.61, 0.034], [3117.63, 0.06], [3117.64, 0.016], [3117.66, 2.106], [3117.67, 0.038], [3117.68, 0.057], [3117.69, 0.033], [3117.7, 1.12], [3117.72, 0.069], [3117.73, 1.293], [3117.75, 0.034], [3117.76, 0.009], [3117.77, 0.88], [3117.78, 0.23]], "timestamp": "2025-12-13T09:14:43.088609+00:00"}, {"symbol": "ETHUSDT", "bids": [[3114.82, 54.249], [3114.81, 0.6], [3114.8, 0.009], [3114.78, 0.052], [3114.77, 0.016], [3114.75, 0.036], [3114.74, 0.102], [3114.73, 0.016], [3114.72, 1.284], [3114.71, 0.033], [3114.7, 0.069], [3114.69, 0.328], [3114.68, 0.679], [3114.67, 0.009], [3114.66, 0.059], [3114.65, 10.7], [3114.64, 2.958], [3114.62, 0.095], [3114.61, 0.27], [3114.6, 0.549]], "asks": [[3114.83, 78.102], [3114.84, 0.015], [3114.85, 0.008], [3114.86, 0.034], [3114.87, 0.047], [3114.89, 0.007], [3114.9, 0.45], [3114.91, 0.051], [3114.92, 0.129], [3114.93, 0.649], [3114.94, 0.036], [3114.95, 0.509], [3114.96, 0.017], [3114.97, 0.022], [3114.98, 0.009], [3114.99, 0.023], [3115.0, 0.445], [3115.01, 1.033], [3115.02, 0.357], [3115.03, 0.051]], "timestamp": "2025-12-13T09:15:36.952005+00:00"}, {"symbol": "ETHUSDT", "bids": [[3115.89, 66.612], [3115.88, 0.656], [3115.87, 0.211], [3115.86, 2.017], [3115.85, 0.038], [3115.84, 0.016], [3115.83, 3.044], [3115.82, 1.3], [3115.81, 1.588], [3115.8, 0.259], [3115.79, 0.065], [3115.78, 0.021], [3115.77, 7.729], [3115.76, 0.054], [3115.75, 1.313], [3115.74, 13.441], [3115.73, 7.116], [3115.72, 0.643], [3115.71, 0.227], [3115.7, 3.341]], "asks": [[3115.9, 158.767], [3115.91, 1.275], [3115.92, 0.014], [3115.93, 0.009], [3115.94, 0.118], [3115.95, 0.016], [3115.96, 0.009], [3115.97, 1.284], [3115.98, 0.16], [3115.99, 0.052], [3116.0, 0.808], [3116.01, 0.972], [3116.02, 0.022], [3116.04, 1.96], [3116.05, 0.029], [3116.06, 0.009], [3116.07, 0.6], [3116.08, 0.658], [3116.09, 0.209], [3116.1, 0.021]], "timestamp": "2025-12-13T09:16:31.326165+00:00"}, {"symbol": "ETHUSDT", "bids": [[3114.1, 74.386], [3114.09, 0.014], [3114.08, 0.401], [3114.07, 0.161], [3114.06, 0.009], [3114.05, 0.08], [3114.04, 1.975], [3114.03, 13.621], [3114.02, 21.217], [3114.01, 0.144], [3114.0, 25.923], [3113.99, 0.059], [3113.98, 0.315], [3113.97, 1.313], [3113.96, 16.232], [3113.95, 22.624], [3113.94, 3.177], [3113.93, 0.149], [3113.92, 5.517], [3113.91, 17.496]], "asks": [[3114.11, 17.491], [3114.12, 0.045], [3114.14, 0.007], [3114.15, 0.007], [3114.16, 0.009], [3114.17, 0.038], [3114.18, 0.016], [3114.19, 0.054], [3114.21, 0.016], [3114.22, 0.085], [3114.23, 0.972], [3114.24, 0.014], [3114.25, 0.366], [3114.26, 0.045], [3114.27, 0.169], [3114.28, 0.84], [3114.3, 0.772], [3114.31, 1.297], [3114.32, 0.057], [3114.34, 0.334]], "timestamp": "2025-12-13T09:17:24.779883+00:00"}, {"symbol": "ETHUSDT", "bids": [[3115.72, 177.95], [3115.71, 0.058], [3115.7, 0.173], [3115.68, 1.348], [3115.67, 1.635], [3115.66, 0.021], [3115.65, 0.352], [3115.64, 0.02], [3115.62, 0.067], [3115.61, 0.007], [3115.6, 0.033], [3115.59, 0.027], [3115.58, 0.045], [3115.57, 1.301], [3115.56, 0.982], [3115.55, 0.016], [3115.54, 0.045], [3115.53, 0.077], [3115.52, 0.664], [3115.51, 2.341]], "asks": [[3115.73, 46.546], [3115.74, 0.007], [3115.75, 0.009], [3115.76, 1.322], [3115.77, 0.021], [3115.78, 0.009], [3115.79, 0.613], [3115.8, 0.038], [3115.81, 0.051], [3115.82, 0.019], [3115.83, 1.294], [3115.84, 0.664], [3115.85, 0.009], [3115.86, 0.051], [3115.87, 0.2], [3115.88, 0.03], [3115.89, 0.014], [3115.9, 0.299], [3115.91, 0.022], [3115.92, 0.52]], "timestamp": "2025-12-13T09:18:18.440962+00:00"}, {"symbol": "ETHUSDT", "bids": [[3115.8, 40.335], [3115.79, 1.836], [3115.78, 0.329], [3115.77, 1.756], [3115.76, 1.641], [3115.75, 2.217], [3115.74, 0.414], [3115.73, 1.008], [3115.72, 4.441], [3115.71, 1.274], [3115.7, 0.965], [3115.69, 7.066], [3115.68, 5.485], [3115.67, 1.71], [3115.66, 0.807], [3115.65, 0.374], [3115.64, 0.028], [3115.62, 0.321], [3115.61, 0.016], [3115.6, 0.218]], "asks": [[3115.81, 58.582], [3115.82, 0.021], [3115.83, 0.007], [3115.84, 0.642], [3115.85, 0.045], [3115.86, 0.016], [3115.88, 0.007], [3115.89, 1.351], [3115.9, 0.016], [3115.91, 0.007], [3115.92, 0.038], [3115.93, 0.038], [3115.94, 0.014], [3115.95, 0.043], [3115.96, 3.704], [3115.97, 1.941], [3115.98, 0.174], [3115.99, 19.744], [3116.0, 1.208], [3116.01, 0.013]], "timestamp": "2025-12-13T09:19:11.822596+00:00"}, {"symbol": "ETHUSDT", "bids": [[3115.85, 7.609], [3115.84, 0.052], [3115.83, 0.007], [3115.82, 0.009], [3115.81, 3.591], [3115.8, 7.569], [3115.79, 1.12], [3115.78, 0.014], [3115.77, 0.022], [3115.76, 1.019], [3115.75, 0.014], [3115.74, 0.427], [3115.73, 0.997], [3115.72, 0.74], [3115.71, 0.185], [3115.7, 0.963], [3115.69, 0.009], [3115.68, 6.246], [3115.67, 0.234], [3115.66, 0.34]], "asks": [[3115.86, 66.705], [3115.87, 0.021], [3115.89, 0.007], [3115.9, 1.195], [3115.91, 0.434], [3115.92, 0.007], [3115.93, 1.293], [3115.94, 0.02], [3115.95, 0.032], [3115.96, 0.056], [3115.97, 0.02], [3115.98, 0.016], [3115.99, 0.029], [3116.0, 1.698], [3116.01, 0.169], [3116.02, 0.029], [3116.03, 3.03], [3116.04, 4.063], [3116.05, 4.12], [3116.06, 2.995]], "timestamp": "2025-12-13T09:20:05.344999+00:00"}, {"symbol": "ETHUSDT", "bids": [[3113.09, 209.197], [3113.08, 1.961], [3113.07, 5.413], [3113.06, 0.007], [3113.05, 0.038], [3113.04, 0.041], [3113.02, 0.026], [3113.01, 0.013], [3113.0, 0.054], [3112.99, 20.02], [3112.98, 30.08], [3112.96, 0.038], [3112.95, 0.029], [3112.93, 46.918], [3112.92, 35.704], [3112.91, 53.895], [3112.9, 32.747], [3112.89, 0.032], [3112.88, 0.222], [3112.87, 1.613]], "asks": [[3113.1, 26.964], [3113.11, 0.087], [3113.13, 0.047], [3113.14, 0.017], [3113.15, 0.362], [3113.16, 0.811], [3113.18, 0.02], [3113.19, 0.047], [3113.2, 0.427], [3113.21, 0.013], [3113.22, 0.337], [3113.24, 0.658], [3113.25, 0.385], [3113.26, 0.557], [3113.27, 0.817], [3113.28, 1.485], [3113.29, 0.038], [3113.3, 0.014], [3113.31, 6.277], [3113.32, 0.098]], "timestamp": "2025-12-13T09:20:59.720062+00:00"}, {"symbol": "ETHUSDT", "bids": [[3114.52, 160.017], [3114.51, 1.691], [3114.5, 0.007], [3114.48, 0.038], [3114.47, 13.81], [3114.45, 1.41], [3114.44, 30.527], [3114.43, 1.331], [3114.42, 0.093], [3114.41, 0.009], [3114.4, 1.612], [3114.39, 0.389], [3114.38, 60.659], [3114.37, 27.202], [3114.36, 30.286], [3114.35, 31.961], [3114.34, 50.016], [3114.33, 0.072], [3114.32, 3.903], [3114.31, 0.105]], "asks": [[3114.53, 32.801], [3114.54, 0.184], [3114.55, 0.538], [3114.57, 0.831], [3114.58, 0.007], [3114.59, 1.307], [3114.6, 2.6], [3114.61, 0.058], [3114.62, 1.275], [3114.63, 1.706], [3114.64, 0.02], [3114.65, 0.148], [3114.66, 0.554], [3114.67, 0.339], [3114.68, 0.813], [3114.69, 0.02], [3114.7, 3.811], [3114.71, 1.181], [3114.72, 6.35], [3114.73, 0.113]], "timestamp": "2025-12-13T09:21:54.198544+00:00"}, {"symbol": "ETHUSDT", "bids": [[3115.45, 175.042], [3115.44, 8.335], [3115.43, 0.166], [3115.42, 0.663], [3115.41, 2.211], [3115.4, 0.333], [3115.39, 0.045], [3115.38, 0.009], [3115.37, 0.013], [3115.36, 0.835], [3115.35, 0.793], [3115.34, 1.284], [3115.33, 4.082], [3115.32, 0.176], [3115.31, 0.02], [3115.3, 0.017], [3115.29, 0.022], [3115.28, 5.553], [3115.27, 1.298], [3115.26, 0.567]], "asks": [[3115.46, 52.3], [3115.47, 0.007], [3115.49, 0.007], [3115.5, 0.049], [3115.51, 2.104], [3115.52, 4.258], [3115.53, 3.813], [3115.55, 0.516], [3115.56, 2.369], [3115.57, 1.263], [3115.58, 0.026], [3115.59, 1.061], [3115.6, 0.023], [3115.61, 0.029], [3115.62, 0.198], [3115.63, 0.007], [3115.64, 0.041], [3115.65, 0.36], [3115.66, 0.023], [3115.67, 0.068]], "timestamp": "2025-12-13T09:22:49.233209+00:00"}, {"symbol": "ETHUSDT", "bids": [[3114.62, 20.839], [3114.61, 0.052], [3114.6, 0.023], [3114.59, 0.026], [3114.58, 0.218], [3114.57, 0.047], [3114.56, 0.007], [3114.55, 0.029], [3114.54, 0.009], [3114.53, 0.045], [3114.52, 0.023], [3114.51, 0.013], [3114.5, 0.069], [3114.49, 0.019], [3114.48, 0.065], [3114.47, 0.017], [3114.46, 0.524], [3114.45, 0.934], [3114.44, 0.027], [3114.43, 0.009]], "asks": [[3114.63, 123.395], [3114.64, 0.071], [3114.65, 0.353], [3114.66, 0.167], [3114.67, 0.014], [3114.68, 3.921], [3114.69, 0.335], [3114.7, 2.012], [3114.71, 0.092], [3114.72, 1.518], [3114.73, 0.007], [3114.74, 0.03], [3114.75, 4.573], [3114.76, 1.298], [3114.77, 0.03], [3114.78, 0.009], [3114.79, 0.65], [3114.8, 0.554], [3114.81, 0.273], [3114.82, 0.85]], "timestamp": "2025-12-13T09:23:43.869700+00:00"}, {"symbol": "ETHUSDT", "bids": [[3113.67, 1.58], [3113.66, 1.101], [3113.64, 0.071], [3113.63, 0.009], [3113.62, 0.121], [3113.61, 0.218], [3113.6, 0.063], [3113.59, 0.02], [3113.58, 0.007], [3113.57, 0.009], [3113.56, 0.058], [3113.55, 0.554], [3113.54, 0.352], [3113.53, 0.087], [3113.52, 0.084], [3113.51, 0.007], [3113.5, 0.019], [3113.49, 0.029], [3113.48, 0.155], [3113.47, 0.022]], "asks": [[3113.68, 184.847], [3113.69, 35.088], [3113.7, 4.08], [3113.71, 1.291], [3113.72, 0.007], [3113.73, 0.016], [3113.74, 0.054], [3113.75, 0.087], [3113.76, 0.016], [3113.77, 0.02], [3113.78, 16.05], [3113.79, 1.376], [3113.8, 0.029], [3113.81, 1.312], [3113.82, 0.183], [3113.83, 0.06], [3113.84, 2.342], [3113.85, 0.007], [3113.86, 0.029], [3113.87, 2.722]], "timestamp": "2025-12-13T09:24:39.165931+00:00"}, {"symbol": "ETHUSDT", "bids": [[3113.48, 77.319], [3113.47, 0.021], [3113.46, 0.404], [3113.45, 0.009], [3113.44, 1.011], [3113.42, 1.338], [3113.41, 0.007], [3113.4, 0.405], [3113.39, 0.016], [3113.37, 19.744], [3113.36, 0.038], [3113.35, 1.711], [3113.34, 0.671], [3113.33, 0.028], [3113.32, 0.155], [3113.31, 0.108], [3113.3, 0.239], [3113.29, 1.065], [3113.28, 0.4], [3113.27, 0.379]], "asks": [[3113.49, 161.163], [3113.5, 5.192], [3113.51, 7.949], [3113.52, 0.014], [3113.53, 0.223], [3113.54, 0.016], [3113.55, 0.021], [3113.56, 0.009], [3113.57, 1.342], [3113.58, 0.016], [3113.59, 0.111], [3113.6, 0.033], [3113.61, 2.892], [3113.62, 0.013], [3113.63, 2.058], [3113.64, 0.225], [3113.65, 0.407], [3113.66, 1.304], [3113.67, 0.33], [3113.68, 1.228]], "timestamp": "2025-12-13T09:25:33.745885+00:00"}, {"symbol": "ETHUSDT", "bids": [[3113.62, 39.531], [3113.61, 0.048], [3113.6, 0.34], [3113.59, 0.057], [3113.58, 0.155], [3113.57, 0.009], [3113.56, 0.007], [3113.55, 0.036], [3113.53, 0.846], [3113.52, 0.016], [3113.51, 0.013], [3113.5, 0.36], [3113.49, 3.469], [3113.48, 20.415], [3113.47, 0.096], [3113.46, 0.855], [3113.45, 1.711], [3113.44, 14.417], [3113.43, 0.032], [3113.42, 0.109]], "asks": [[3113.63, 91.99], [3113.64, 3.258], [3113.65, 0.045], [3113.66, 0.016], [3113.67, 1.205], [3113.68, 1.3], [3113.69, 0.047], [3113.7, 0.045], [3113.71, 0.02], [3113.72, 0.009], [3113.73, 3.96], [3113.74, 0.1], [3113.75, 1.293], [3113.76, 0.336], [3113.77, 0.02], [3113.78, 0.016], [3113.79, 0.007], [3113.8, 0.385], [3113.81, 0.051], [3113.82, 0.881]], "timestamp": "2025-12-13T09:26:28.428352+00:00"}, {"symbol": "ETHUSDT", "bids": [[3113.06, 65.471], [3113.05, 0.112], [3113.04, 0.871], [3113.02, 0.209], [3113.01, 1.293], [3113.0, 3.48], [3112.99, 0.062], [3112.98, 0.022], [3112.96, 1.004], [3112.95, 0.625], [3112.94, 0.057], [3112.93, 1.553], [3112.92, 0.039], [3112.91, 0.195], [3112.9, 0.02], [3112.89, 0.054], [3112.87, 1.658], [3112.86, 0.178], [3112.85, 2.108], [3112.84, 0.326]], "asks": [[3113.07, 138.057], [3113.08, 0.021], [3113.09, 0.038], [3113.1, 0.028], [3113.12, 1.503], [3113.13, 0.809], [3113.14, 0.009], [3113.15, 0.42], [3113.16, 0.009], [3113.17, 0.022], [3113.18, 0.007], [3113.19, 1.652], [3113.2, 0.431], [3113.21, 0.65], [3113.22, 0.338], [3113.23, 0.007], [3113.24, 1.958], [3113.25, 0.241], [3113.26, 0.009], [3113.27, 0.02]], "timestamp": "2025-12-13T09:27:23.007962+00:00"}, {"symbol": "ETHUSDT", "bids": [[3112.47, 194.171], [3112.46, 0.097], [3112.45, 0.651], [3112.44, 0.651], [3112.43, 1.104], [3112.42, 0.023], [3112.41, 1.945], [3112.4, 0.014], [3112.39, 0.068], [3112.38, 0.009], [3112.37, 0.073], [3112.36, 0.087], [3112.35, 1.62], [3112.34, 0.02], [3112.32, 13.209], [3112.31, 0.079], [3112.3, 0.014], [3112.29, 0.009], [3112.28, 0.075], [3112.27, 30.027]], "asks": [[3112.48, 31.506], [3112.49, 0.034], [3112.5, 0.031], [3112.51, 0.045], [3112.52, 0.009], [3112.53, 0.01], [3112.54, 0.009], [3112.56, 0.2], [3112.57, 0.045], [3112.58, 0.01], [3112.59, 0.799], [3112.6, 0.835], [3112.61, 0.052], [3112.62, 1.053], [3112.63, 0.03], [3112.64, 9.072], [3112.65, 1.156], [3112.66, 0.69], [3112.67, 0.016], [3112.68, 2.251]], "timestamp": "2025-12-13T09:28:17.485532+00:00"}, {"symbol": "ETHUSDT", "bids": [[3112.04, 213.308], [3112.03, 0.114], [3112.01, 0.168], [3112.0, 2.005], [3111.99, 0.016], [3111.97, 0.093], [3111.95, 4.222], [3111.94, 0.018], [3111.93, 0.065], [3111.92, 20.568], [3111.91, 0.007], [3111.9, 0.301], [3111.89, 5.491], [3111.88, 0.016], [3111.87, 0.027], [3111.86, 0.257], [3111.85, 2.751], [3111.84, 0.017], [3111.83, 0.479], [3111.82, 0.028]], "asks": [[3112.05, 46.274], [3112.06, 0.007], [3112.07, 0.016], [3112.08, 7.2], [3112.09, 0.045], [3112.1, 0.016], [3112.11, 0.02], [3112.12, 0.007], [3112.14, 0.029], [3112.15, 5.591], [3112.16, 36.28], [3112.17, 0.187], [3112.18, 0.007], [3112.19, 0.009], [3112.2, 1.156], [3112.21, 0.016], [3112.22, 0.013], [3112.23, 0.016], [3112.24, 0.198], [3112.25, 1.403]], "timestamp": "2025-12-13T09:29:11.580236+00:00"}, {"symbol": "ETHUSDT", "bids": [[3113.35, 267.751], [3113.34, 0.014], [3113.33, 18.023], [3113.32, 1.322], [3113.3, 0.016], [3113.28, 0.018], [3113.27, 0.058], [3113.25, 50.222], [3113.24, 32.876], [3113.23, 30.02], [3113.22, 31.336], [3113.21, 20.149], [3113.2, 0.376], [3113.19, 2.53], [3113.18, 0.094], [3113.17, 0.029], [3113.16, 0.007], [3113.15, 0.037], [3113.14, 1.291], [3113.13, 0.664]], "asks": [[3113.36, 0.228], [3113.37, 0.007], [3113.39, 0.047], [3113.4, 0.465], [3113.41, 0.009], [3113.42, 0.116], [3113.43, 0.047], [3113.45, 0.774], [3113.46, 1.273], [3113.47, 0.109], [3113.48, 2.396], [3113.49, 0.464], [3113.5, 0.073], [3113.51, 4.611], [3113.52, 0.178], [3113.53, 0.022], [3113.55, 0.591], [3113.56, 0.033], [3113.57, 0.876], [3113.58, 2.302]], "timestamp": "2025-12-13T09:30:04.832527+00:00"}, {"symbol": "ETHUSDT", "bids": [[3113.67, 139.98], [3113.66, 46.899], [3113.65, 30.007], [3113.64, 32.171], [3113.63, 30.062], [3113.62, 0.023], [3113.61, 0.016], [3113.6, 0.007], [3113.59, 0.067], [3113.58, 0.649], [3113.57, 0.073], [3113.56, 0.02], [3113.55, 1.014], [3113.54, 0.067], [3113.53, 0.031], [3113.52, 0.029], [3113.51, 0.606], [3113.5, 0.049], [3113.49, 0.023], [3113.47, 0.067]], "asks": [[3113.68, 89.997], [3113.69, 1.11], [3113.7, 1.315], [3113.71, 0.009], [3113.72, 0.183], [3113.74, 0.047], [3113.75, 0.066], [3113.76, 0.044], [3113.77, 0.009], [3113.78, 0.681], [3113.79, 0.031], [3113.8, 0.01], [3113.81, 1.293], [3113.82, 1.202], [3113.83, 1.109], [3113.84, 0.183], [3113.85, 0.979], [3113.86, 0.526], [3113.87, 0.42], [3113.88, 0.017]], "timestamp": "2025-12-13T09:30:58.972375+00:00"}, {"symbol": "ETHUSDT", "bids": [[3113.98, 184.171], [3113.97, 1.327], [3113.96, 0.08], [3113.94, 0.007], [3113.93, 0.009], [3113.92, 0.007], [3113.91, 0.047], [3113.9, 0.663], [3113.89, 0.016], [3113.88, 21.144], [3113.86, 0.066], [3113.85, 1.291], [3113.84, 0.022], [3113.81, 0.022], [3113.8, 1.653], [3113.79, 20.169], [3113.78, 60.129], [3113.77, 33.618], [3113.76, 0.721], [3113.75, 0.624]], "asks": [[3113.99, 45.011], [3114.0, 0.035], [3114.02, 0.016], [3114.03, 0.009], [3114.04, 0.059], [3114.05, 1.212], [3114.06, 0.519], [3114.07, 0.058], [3114.08, 1.238], [3114.09, 2.3], [3114.1, 0.145], [3114.11, 0.016], [3114.12, 0.021], [3114.13, 0.164], [3114.14, 0.023], [3114.15, 0.034], [3114.16, 2.515], [3114.17, 0.035], [3114.18, 0.054], [3114.19, 0.014]], "timestamp": "2025-12-13T09:31:52.355165+00:00"}, {"symbol": "ETHUSDT", "bids": [[3113.91, 199.384], [3113.9, 0.108], [3113.89, 0.009], [3113.87, 0.038], [3113.86, 0.016], [3113.85, 0.007], [3113.84, 0.022], [3113.83, 0.038], [3113.82, 0.608], [3113.81, 1.277], [3113.8, 0.113], [3113.79, 1.979], [3113.78, 0.007], [3113.77, 0.029], [3113.76, 0.035], [3113.74, 0.06], [3113.72, 0.02], [3113.71, 6.42], [3113.7, 31.36], [3113.69, 0.047]], "asks": [[3113.92, 10.742], [3113.93, 0.007], [3113.94, 0.16], [3113.95, 0.551], [3113.97, 0.338], [3113.98, 0.275], [3113.99, 0.009], [3114.0, 1.58], [3114.01, 0.016], [3114.02, 0.047], [3114.03, 0.996], [3114.05, 0.016], [3114.06, 0.038], [3114.07, 0.826], [3114.08, 4.63], [3114.09, 0.029], [3114.1, 0.021], [3114.11, 0.029], [3114.12, 1.554], [3114.13, 0.016]], "timestamp": "2025-12-13T09:32:45.882557+00:00"}, {"symbol": "ETHUSDT", "bids": [[3112.07, 85.306], [3112.06, 6.64], [3112.05, 2.192], [3112.04, 0.084], [3112.03, 0.222], [3112.02, 0.016], [3112.01, 2.85], [3112.0, 3.914], [3111.99, 0.127], [3111.98, 0.022], [3111.96, 0.037], [3111.95, 1.153], [3111.94, 0.065], [3111.93, 1.463], [3111.92, 0.987], [3111.9, 0.992], [3111.89, 0.087], [3111.88, 0.153], [3111.87, 1.303], [3111.86, 0.084]], "asks": [[3112.08, 56.074], [3112.09, 0.021], [3112.11, 0.114], [3112.13, 0.009], [3112.14, 0.007], [3112.15, 2.067], [3112.16, 0.022], [3112.18, 0.063], [3112.19, 4.018], [3112.2, 1.643], [3112.21, 5.39], [3112.22, 24.947], [3112.23, 3.68], [3112.24, 0.023], [3112.25, 0.007], [3112.26, 0.067], [3112.28, 4.41], [3112.29, 0.345], [3112.3, 1.993], [3112.31, 0.013]], "timestamp": "2025-12-13T09:33:39.844796+00:00"}, {"symbol": "ETHUSDT", "bids": [[3112.12, 100.942], [3112.11, 1.149], [3112.1, 1.3], [3112.09, 11.257], [3112.08, 0.185], [3112.07, 2.327], [3112.06, 0.017], [3112.05, 0.367], [3112.04, 0.029], [3112.03, 0.087], [3112.02, 2.587], [3112.01, 0.399], [3112.0, 37.185], [3111.99, 0.054], [3111.98, 2.312], [3111.97, 0.007], [3111.96, 2.625], [3111.95, 0.011], [3111.94, 1.514], [3111.93, 4.858]], "asks": [[3112.13, 1.96], [3112.14, 0.045], [3112.15, 0.007], [3112.16, 0.007], [3112.17, 0.122], [3112.18, 0.054], [3112.19, 0.707], [3112.2, 0.03], [3112.21, 0.013], [3112.22, 0.047], [3112.23, 0.02], [3112.24, 0.009], [3112.25, 0.013], [3112.26, 3.057], [3112.27, 0.025], [3112.28, 0.013], [3112.29, 0.007], [3112.3, 0.046], [3112.31, 0.051], [3112.32, 3.978]], "timestamp": "2025-12-13T09:34:33.605578+00:00"}, {"symbol": "ETHUSDT", "bids": [[3113.19, 58.752], [3113.18, 0.014], [3113.16, 3.442], [3113.15, 0.491], [3113.14, 0.016], [3113.13, 0.687], [3113.12, 5.366], [3113.11, 0.007], [3113.1, 0.601], [3113.09, 0.055], [3113.08, 0.093], [3113.06, 0.017], [3113.05, 0.029], [3113.04, 0.321], [3113.03, 0.054], [3113.02, 0.677], [3113.0, 1.374], [3112.99, 0.02], [3112.98, 1.659], [3112.97, 16.06]], "asks": [[3113.2, 56.495], [3113.21, 0.678], [3113.23, 0.016], [3113.24, 0.035], [3113.25, 0.3], [3113.26, 0.045], [3113.27, 0.266], [3113.28, 0.06], [3113.29, 0.016], [3113.3, 0.754], [3113.31, 0.223], [3113.32, 0.666], [3113.33, 0.036], [3113.34, 0.242], [3113.35, 1.313], [3113.36, 2.291], [3113.37, 0.179], [3113.38, 0.48], [3113.39, 1.113], [3113.4, 2.369]], "timestamp": "2025-12-13T09:35:27.366203+00:00"}, {"symbol": "ETHUSDT", "bids": [[3116.57, 42.466], [3116.56, 0.052], [3116.55, 0.108], [3116.54, 0.007], [3116.52, 0.054], [3116.51, 0.007], [3116.5, 0.029], [3116.49, 0.007], [3116.48, 0.045], [3116.47, 1.488], [3116.46, 1.464], [3116.45, 0.859], [3116.44, 4.783], [3116.43, 0.086], [3116.42, 0.007], [3116.41, 0.009], [3116.4, 0.053], [3116.39, 1.284], [3116.38, 0.1], [3116.37, 0.095]], "asks": [[3116.58, 84.983], [3116.59, 2.021], [3116.6, 0.023], [3116.61, 6.487], [3116.62, 0.019], [3116.63, 0.102], [3116.64, 0.416], [3116.66, 0.083], [3116.67, 0.038], [3116.68, 1.315], [3116.69, 0.009], [3116.7, 0.806], [3116.71, 4.411], [3116.72, 0.007], [3116.73, 0.493], [3116.74, 1.64], [3116.75, 3.704], [3116.76, 1.936], [3116.77, 0.039], [3116.78, 5.311]], "timestamp": "2025-12-13T09:36:20.559807+00:00"}, {"symbol": "ETHUSDT", "bids": [[3114.53, 236.674], [3114.52, 0.059], [3114.5, 1.896], [3114.49, 1.927], [3114.48, 0.054], [3114.47, 0.007], [3114.46, 0.022], [3114.45, 0.052], [3114.44, 0.007], [3114.43, 1.293], [3114.42, 0.051], [3114.41, 0.009], [3114.4, 8.965], [3114.39, 0.016], [3114.38, 0.023], [3114.37, 0.016], [3114.36, 0.051], [3114.35, 1.334], [3114.34, 0.073], [3114.33, 0.176]], "asks": [[3114.54, 12.405], [3114.55, 0.398], [3114.56, 0.009], [3114.57, 0.413], [3114.58, 0.024], [3114.59, 0.038], [3114.6, 1.098], [3114.61, 0.137], [3114.62, 0.013], [3114.63, 0.007], [3114.64, 0.016], [3114.65, 0.032], [3114.66, 0.045], [3114.67, 0.019], [3114.68, 0.016], [3114.69, 0.643], [3114.7, 1.861], [3114.71, 0.009], [3114.72, 0.524], [3114.73, 0.007]], "timestamp": "2025-12-13T09:37:14.350762+00:00"}, {"symbol": "ETHUSDT", "bids": [[3116.4, 27.086], [3116.39, 0.014], [3116.37, 0.054], [3116.36, 0.007], [3116.35, 0.368], [3116.34, 0.176], [3116.33, 0.051], [3116.32, 0.007], [3116.31, 3.866], [3116.3, 3.536], [3116.29, 6.699], [3116.28, 0.037], [3116.27, 0.024], [3116.26, 0.47], [3116.25, 0.411], [3116.24, 0.016], [3116.23, 0.014], [3116.22, 2.01], [3116.21, 0.055], [3116.2, 0.091]], "asks": [[3116.41, 66.758], [3116.42, 5.576], [3116.44, 0.007], [3116.45, 1.291], [3116.46, 0.059], [3116.48, 0.047], [3116.49, 0.013], [3116.5, 0.007], [3116.51, 0.759], [3116.52, 4.219], [3116.53, 1.472], [3116.54, 0.926], [3116.55, 0.029], [3116.56, 0.199], [3116.58, 0.06], [3116.59, 1.284], [3116.6, 4.027], [3116.61, 0.189], [3116.62, 0.038], [3116.63, 3.495]], "timestamp": "2025-12-13T09:38:07.347388+00:00"}, {"symbol": "ETHUSDT", "bids": [[3116.33, 116.098], [3116.32, 0.014], [3116.31, 0.665], [3116.3, 0.456], [3116.29, 0.007], [3116.28, 0.025], [3116.26, 0.067], [3116.25, 0.007], [3116.24, 2.67], [3116.23, 16.193], [3116.22, 0.973], [3116.21, 0.054], [3116.2, 0.424], [3116.19, 0.129], [3116.17, 0.054], [3116.16, 0.017], [3116.15, 1.327], [3116.14, 0.023], [3116.13, 0.655], [3116.12, 0.007]], "asks": [[3116.34, 56.969], [3116.35, 0.007], [3116.36, 0.007], [3116.37, 0.426], [3116.38, 0.435], [3116.39, 1.291], [3116.4, 0.04], [3116.41, 0.007], [3116.42, 0.163], [3116.43, 0.028], [3116.44, 0.649], [3116.45, 0.029], [3116.46, 0.038], [3116.47, 0.016], [3116.48, 0.029], [3116.49, 0.009], [3116.5, 1.338], [3116.51, 0.045], [3116.52, 1.016], [3116.53, 0.02]], "timestamp": "2025-12-13T09:39:00.868434+00:00"}, {"symbol": "ETHUSDT", "bids": [[3116.35, 260.823], [3116.34, 0.028], [3116.31, 0.167], [3116.3, 0.377], [3116.29, 0.065], [3116.28, 0.657], [3116.27, 0.013], [3116.26, 3.518], [3116.25, 4.836], [3116.24, 0.878], [3116.23, 8.637], [3116.22, 0.32], [3116.21, 4.521], [3116.2, 0.424], [3116.19, 0.016], [3116.18, 0.02], [3116.17, 0.054], [3116.16, 0.881], [3116.15, 5.159], [3116.14, 1.307]], "asks": [[3116.36, 3.117], [3116.37, 0.472], [3116.38, 0.047], [3116.39, 0.016], [3116.4, 0.023], [3116.41, 0.016], [3116.42, 0.045], [3116.44, 0.027], [3116.46, 0.038], [3116.47, 0.016], [3116.48, 0.029], [3116.5, 1.394], [3116.51, 0.067], [3116.52, 1.0], [3116.53, 0.007], [3116.54, 0.35], [3116.55, 0.821], [3116.56, 0.889], [3116.58, 0.601], [3116.59, 0.631]], "timestamp": "2025-12-13T09:39:54.773034+00:00"}, {"symbol": "ETHUSDT", "bids": [[3117.1, 9.664], [3117.09, 0.014], [3117.07, 0.007], [3117.06, 0.264], [3117.05, 0.408], [3117.04, 0.016], [3117.03, 0.009], [3117.02, 0.02], [3117.01, 0.054], [3117.0, 0.051], [3116.99, 0.027], [3116.98, 0.007], [3116.97, 0.038], [3116.96, 0.016], [3116.95, 0.02], [3116.94, 0.016], [3116.93, 1.167], [3116.92, 0.13], [3116.91, 1.737], [3116.9, 0.09]], "asks": [[3117.11, 133.037], [3117.12, 11.273], [3117.14, 1.247], [3117.15, 5.757], [3117.16, 0.009], [3117.18, 0.801], [3117.19, 0.022], [3117.2, 0.455], [3117.21, 0.159], [3117.22, 53.496], [3117.23, 0.02], [3117.24, 0.697], [3117.25, 2.668], [3117.26, 0.922], [3117.27, 0.009], [3117.28, 0.13], [3117.29, 1.203], [3117.3, 0.744], [3117.31, 0.013], [3117.32, 0.016]], "timestamp": "2025-12-13T09:40:48.711714+00:00"}, {"symbol": "ETHUSDT", "bids": [[3117.2, 180.816], [3117.19, 2.478], [3117.18, 1.284], [3117.17, 0.007], [3117.16, 0.038], [3117.15, 0.016], [3117.14, 0.09], [3117.13, 1.408], [3117.12, 0.076], [3117.11, 2.093], [3117.1, 0.016], [3117.09, 0.007], [3117.08, 4.842], [3117.07, 0.007], [3117.06, 0.023], [3117.05, 0.655], [3117.04, 1.329], [3117.03, 0.017], [3117.02, 0.027], [3117.01, 0.007]], "asks": [[3117.21, 11.277], [3117.22, 0.02], [3117.23, 0.016], [3117.24, 0.194], [3117.25, 0.365], [3117.26, 0.016], [3117.27, 0.179], [3117.28, 0.133], [3117.29, 0.007], [3117.3, 0.44], [3117.32, 0.016], [3117.33, 0.505], [3117.34, 0.755], [3117.35, 0.651], [3117.36, 0.355], [3117.37, 0.15], [3117.38, 1.309], [3117.39, 0.48], [3117.4, 1.378], [3117.41, 0.009]], "timestamp": "2025-12-13T09:41:42.564510+00:00"}, {"symbol": "ETHUSDT", "bids": [[3116.47, 170.882], [3116.46, 1.146], [3116.45, 2.285], [3116.44, 0.038], [3116.43, 0.32], [3116.42, 0.016], [3116.41, 2.668], [3116.4, 0.456], [3116.39, 0.061], [3116.38, 0.337], [3116.37, 0.062], [3116.36, 0.016], [3116.35, 1.469], [3116.34, 0.051], [3116.33, 0.009], [3116.32, 0.065], [3116.31, 0.052], [3116.3, 0.291], [3116.29, 3.803], [3116.28, 6.844]], "asks": [[3116.48, 17.305], [3116.49, 0.007], [3116.51, 0.045], [3116.52, 0.018], [3116.54, 0.009], [3116.55, 0.045], [3116.56, 1.269], [3116.59, 0.067], [3116.6, 0.01], [3116.62, 0.166], [3116.63, 0.045], [3116.64, 0.009], [3116.65, 0.022], [3116.67, 0.507], [3116.68, 0.06], [3116.69, 0.813], [3116.7, 0.014], [3116.71, 4.413], [3116.72, 7.521], [3116.73, 1.291]], "timestamp": "2025-12-13T09:42:36.837132+00:00"}, {"symbol": "ETHUSDT", "bids": [[3115.57, 225.929], [3115.56, 15.66], [3115.55, 67.763], [3115.54, 0.143], [3115.53, 0.007], [3115.52, 0.009], [3115.51, 0.016], [3115.5, 1.372], [3115.49, 0.642], [3115.48, 0.016], [3115.47, 0.05], [3115.46, 0.254], [3115.45, 4.575], [3115.44, 0.173], [3115.43, 0.048], [3115.42, 0.075], [3115.41, 0.013], [3115.4, 0.026], [3115.39, 2.399], [3115.38, 0.378]], "asks": [[3115.58, 14.615], [3115.59, 0.054], [3115.6, 0.038], [3115.61, 0.016], [3115.62, 0.65], [3115.63, 0.942], [3115.64, 0.067], [3115.65, 0.828], [3115.66, 0.023], [3115.67, 0.542], [3115.68, 0.008], [3115.69, 0.054], [3115.7, 0.039], [3115.71, 0.16], [3115.72, 0.023], [3115.73, 1.511], [3115.74, 0.441], [3115.75, 0.026], [3115.76, 0.029], [3115.77, 0.385]], "timestamp": "2025-12-13T09:43:30.700274+00:00"}, {"symbol": "ETHUSDT", "bids": [[3115.48, 41.807], [3115.47, 0.007], [3115.46, 0.054], [3115.45, 0.027], [3115.44, 0.021], [3115.43, 0.016], [3115.42, 0.045], [3115.41, 5.309], [3115.4, 0.026], [3115.39, 0.047], [3115.38, 0.051], [3115.37, 0.016], [3115.36, 0.02], [3115.35, 0.014], [3115.34, 0.077], [3115.32, 0.064], [3115.31, 0.013], [3115.3, 0.721], [3115.29, 0.036], [3115.27, 0.914]], "asks": [[3115.49, 204.066], [3115.5, 10.781], [3115.51, 0.021], [3115.52, 0.436], [3115.53, 0.062], [3115.54, 0.009], [3115.55, 16.05], [3115.56, 1.663], [3115.57, 0.029], [3115.59, 0.009], [3115.6, 0.058], [3115.61, 0.009], [3115.62, 0.014], [3115.63, 0.022], [3115.65, 4.385], [3115.66, 1.012], [3115.68, 55.102], [3115.69, 0.389], [3115.7, 1.271], [3115.71, 0.009]], "timestamp": "2025-12-13T09:44:25.274876+00:00"}, {"symbol": "ETHUSDT", "bids": [[3115.76, 136.576], [3115.75, 1.25], [3115.74, 1.284], [3115.73, 0.007], [3115.72, 0.038], [3115.71, 0.038], [3115.7, 0.007], [3115.69, 0.009], [3115.68, 0.211], [3115.67, 0.014], [3115.66, 0.031], [3115.65, 0.783], [3115.64, 0.048], [3115.62, 0.038], [3115.61, 0.971], [3115.6, 1.967], [3115.59, 0.387], [3115.57, 0.009], [3115.56, 0.013], [3115.55, 0.016]], "asks": [[3115.77, 46.574], [3115.78, 0.007], [3115.79, 0.388], [3115.8, 2.332], [3115.81, 0.054], [3115.82, 0.016], [3115.83, 0.031], [3115.84, 0.009], [3115.85, 0.064], [3115.86, 0.027], [3115.87, 0.851], [3115.88, 1.94], [3115.89, 1.367], [3115.9, 0.237], [3115.91, 0.02], [3115.92, 0.015], [3115.93, 0.054], [3115.94, 0.033], [3115.95, 2.149], [3115.96, 1.306]], "timestamp": "2025-12-13T09:45:19.080355+00:00"}, {"symbol": "ETHUSDT", "bids": [[3115.47, 57.954], [3115.46, 0.061], [3115.43, 2.089], [3115.42, 13.544], [3115.41, 0.053], [3115.4, 0.023], [3115.39, 0.02], [3115.38, 0.16], [3115.37, 1.359], [3115.36, 0.007], [3115.35, 0.446], [3115.34, 1.398], [3115.33, 0.189], [3115.32, 0.971], [3115.31, 0.292], [3115.3, 0.399], [3115.29, 0.038], [3115.28, 0.711], [3115.27, 5.073], [3115.26, 0.052]], "asks": [[3115.48, 66.308], [3115.49, 0.021], [3115.5, 0.061], [3115.51, 0.009], [3115.52, 1.3], [3115.53, 0.018], [3115.54, 0.361], [3115.55, 0.29], [3115.56, 0.662], [3115.57, 3.173], [3115.58, 0.883], [3115.59, 1.335], [3115.6, 0.367], [3115.61, 0.131], [3115.62, 0.013], [3115.63, 0.174], [3115.64, 0.067], [3115.65, 1.425], [3115.66, 0.007], [3115.67, 17.849]], "timestamp": "2025-12-13T09:46:13.313451+00:00"}, {"symbol": "ETHUSDT", "bids": [[3117.13, 172.938], [3117.12, 0.021], [3117.11, 0.007], [3117.1, 0.007], [3117.08, 1.331], [3117.07, 0.032], [3117.06, 0.073], [3117.05, 1.263], [3117.04, 5.704], [3117.03, 0.388], [3117.02, 0.013], [3117.01, 0.264], [3117.0, 0.161], [3116.99, 1.948], [3116.98, 0.018], [3116.97, 0.013], [3116.96, 0.063], [3116.95, 60.995], [3116.94, 0.016], [3116.93, 0.013]], "asks": [[3117.14, 60.844], [3117.15, 0.62], [3117.16, 0.16], [3117.17, 0.33], [3117.18, 0.253], [3117.19, 0.907], [3117.2, 0.022], [3117.21, 0.621], [3117.22, 0.359], [3117.23, 0.182], [3117.24, 5.296], [3117.25, 32.028], [3117.26, 0.02], [3117.27, 1.284], [3117.28, 0.109], [3117.29, 0.067], [3117.3, 0.03], [3117.31, 0.753], [3117.32, 7.097], [3117.33, 0.016]], "timestamp": "2025-12-13T09:47:07.415970+00:00"}, {"symbol": "ETHUSDT", "bids": [[3116.19, 66.541], [3116.18, 1.41], [3116.17, 0.038], [3116.16, 0.678], [3116.15, 0.973], [3116.14, 4.528], [3116.13, 9.208], [3116.12, 0.038], [3116.11, 1.3], [3116.1, 0.03], [3116.09, 0.067], [3116.08, 0.021], [3116.06, 0.029], [3116.05, 0.906], [3116.04, 2.331], [3116.03, 0.029], [3116.02, 0.65], [3116.01, 0.649], [3116.0, 11.284], [3115.99, 0.125]], "asks": [[3116.2, 20.428], [3116.21, 0.463], [3116.22, 0.038], [3116.23, 0.007], [3116.24, 0.377], [3116.25, 0.075], [3116.27, 0.025], [3116.28, 1.7], [3116.29, 0.118], [3116.3, 0.386], [3116.31, 0.02], [3116.32, 0.041], [3116.33, 0.014], [3116.34, 2.093], [3116.35, 0.03], [3116.36, 0.054], [3116.37, 0.822], [3116.38, 0.043], [3116.39, 0.026], [3116.4, 0.699]], "timestamp": "2025-12-13T09:48:01.039678+00:00"}, {"symbol": "ETHUSDT", "bids": [[3117.13, 129.72], [3117.12, 0.053], [3117.1, 1.044], [3117.09, 2.792], [3117.08, 1.468], [3117.07, 0.007], [3117.06, 0.118], [3117.05, 0.013], [3117.04, 0.007], [3117.03, 0.209], [3117.02, 16.128], [3117.01, 1.986], [3117.0, 0.045], [3116.99, 0.022], [3116.97, 0.069], [3116.96, 5.023], [3116.95, 5.915], [3116.94, 0.552], [3116.93, 6.842], [3116.92, 3.917]], "asks": [[3117.14, 47.151], [3117.15, 0.118], [3117.16, 0.135], [3117.17, 0.025], [3117.18, 0.013], [3117.19, 0.009], [3117.2, 0.029], [3117.21, 0.778], [3117.22, 0.038], [3117.23, 0.029], [3117.24, 6.617], [3117.25, 32.05], [3117.26, 0.02], [3117.27, 9.0], [3117.28, 0.869], [3117.29, 0.7], [3117.3, 1.782], [3117.31, 0.013], [3117.32, 0.039], [3117.33, 0.02]], "timestamp": "2025-12-13T09:48:55.107523+00:00"}, {"symbol": "ETHUSDT", "bids": [[3117.99, 134.199], [3117.98, 2.466], [3117.96, 1.289], [3117.95, 0.007], [3117.94, 0.056], [3117.93, 0.016], [3117.92, 0.007], [3117.91, 0.009], [3117.9, 0.041], [3117.89, 1.282], [3117.88, 0.04], [3117.87, 0.038], [3117.86, 0.081], [3117.85, 0.327], [3117.84, 5.022], [3117.82, 1.399], [3117.81, 0.022], [3117.8, 0.942], [3117.79, 0.2], [3117.78, 0.227]], "asks": [[3118.0, 16.407], [3118.01, 0.238], [3118.02, 0.009], [3118.03, 0.104], [3118.04, 0.007], [3118.05, 0.016], [3118.06, 0.038], [3118.07, 0.045], [3118.08, 60.412], [3118.09, 0.064], [3118.1, 0.074], [3118.11, 1.951], [3118.12, 0.359], [3118.13, 0.373], [3118.14, 0.356], [3118.15, 1.888], [3118.16, 0.009], [3118.17, 0.024], [3118.18, 0.918], [3118.19, 32.1]], "timestamp": "2025-12-13T09:49:48.686907+00:00"}, {"symbol": "ETHUSDT", "bids": [[3118.18, 149.994], [3118.17, 0.024], [3118.16, 0.054], [3118.15, 2.424], [3118.14, 0.23], [3118.13, 0.016], [3118.12, 0.02], [3118.11, 0.009], [3118.1, 0.417], [3118.09, 16.05], [3118.08, 0.68], [3118.07, 0.007], [3118.06, 2.293], [3118.05, 7.194], [3118.04, 0.473], [3118.03, 0.01], [3118.02, 0.64], [3118.01, 0.086], [3118.0, 0.045], [3117.99, 2.369]], "asks": [[3118.19, 39.425], [3118.2, 0.181], [3118.21, 0.095], [3118.22, 0.472], [3118.23, 0.076], [3118.24, 0.038], [3118.25, 0.026], [3118.26, 0.658], [3118.27, 0.013], [3118.28, 0.054], [3118.29, 0.016], [3118.3, 0.013], [3118.31, 0.327], [3118.32, 1.344], [3118.33, 0.022], [3118.35, 0.007], [3118.36, 0.432], [3118.37, 0.122], [3118.39, 0.051], [3118.4, 0.831]], "timestamp": "2025-12-13T09:50:42.770269+00:00"}, {"symbol": "ETHUSDT", "bids": [[3118.93, 19.019], [3118.92, 0.054], [3118.91, 0.08], [3118.9, 0.009], [3118.89, 0.17], [3118.88, 6.698], [3118.87, 0.033], [3118.86, 1.101], [3118.85, 0.359], [3118.84, 0.315], [3118.83, 0.641], [3118.82, 0.975], [3118.81, 0.016], [3118.8, 16.608], [3118.79, 7.758], [3118.78, 77.584], [3118.77, 0.547], [3118.76, 0.016], [3118.75, 1.521], [3118.74, 0.187]], "asks": [[3118.94, 131.979], [3118.95, 0.028], [3118.96, 0.014], [3118.97, 0.007], [3118.99, 0.009], [3119.0, 0.017], [3119.01, 0.047], [3119.02, 0.013], [3119.04, 1.861], [3119.05, 0.013], [3119.06, 0.009], [3119.07, 1.365], [3119.08, 0.022], [3119.09, 1.346], [3119.1, 5.266], [3119.11, 0.816], [3119.12, 0.089], [3119.13, 0.007], [3119.14, 0.033], [3119.15, 5.823]], "timestamp": "2025-12-13T09:51:37.003953+00:00"}, {"symbol": "ETHUSDT", "bids": [[3118.99, 67.664], [3118.98, 0.008], [3118.96, 0.007], [3118.95, 2.231], [3118.94, 6.667], [3118.93, 0.1], [3118.92, 0.086], [3118.91, 0.007], [3118.9, 7.929], [3118.89, 0.169], [3118.88, 0.007], [3118.87, 0.06], [3118.86, 2.904], [3118.85, 0.382], [3118.84, 0.02], [3118.83, 0.26], [3118.82, 0.023], [3118.81, 0.007], [3118.8, 0.841], [3118.79, 0.098]], "asks": [[3119.0, 140.924], [3119.01, 0.195], [3119.03, 0.339], [3119.04, 0.017], [3119.05, 2.034], [3119.06, 0.007], [3119.07, 1.296], [3119.08, 0.022], [3119.09, 0.007], [3119.1, 2.105], [3119.11, 2.99], [3119.12, 0.007], [3119.13, 1.464], [3119.14, 0.022], [3119.15, 0.827], [3119.16, 0.518], [3119.17, 5.12], [3119.18, 0.016], [3119.19, 1.973], [3119.2, 2.177]], "timestamp": "2025-12-13T09:52:31.583730+00:00"}, {"symbol": "ETHUSDT", "bids": [[3119.73, 175.706], [3119.72, 0.056], [3119.71, 1.714], [3119.7, 3.108], [3119.69, 1.447], [3119.68, 1.978], [3119.66, 0.577], [3119.65, 7.506], [3119.64, 223.539], [3119.63, 1.271], [3119.62, 1.298], [3119.61, 0.167], [3119.6, 0.016], [3119.59, 0.619], [3119.58, 0.009], [3119.57, 31.703], [3119.56, 24.322], [3119.55, 994.52], [3119.54, 0.007], [3119.53, 1.991]], "asks": [[3119.74, 0.958], [3119.75, 0.433], [3119.76, 0.016], [3119.78, 0.007], [3119.79, 0.054], [3119.8, 3.87], [3119.81, 0.007], [3119.82, 0.027], [3119.83, 0.009], [3119.84, 0.018], [3119.85, 0.888], [3119.86, 0.009], [3119.87, 0.02], [3119.88, 0.184], [3119.89, 0.848], [3119.9, 3.595], [3119.91, 0.007], [3119.92, 0.141], [3119.93, 2.951], [3119.94, 5.337]], "timestamp": "2025-12-13T09:53:25.563472+00:00"}, {"symbol": "ETHUSDT", "bids": [[3119.02, 57.699], [3119.01, 0.077], [3119.0, 55.923], [3118.99, 0.066], [3118.98, 0.02], [3118.97, 0.047], [3118.96, 0.009], [3118.95, 0.034], [3118.94, 0.019], [3118.93, 0.007], [3118.92, 17.205], [3118.91, 0.051], [3118.9, 0.026], [3118.89, 0.049], [3118.88, 11.615], [3118.87, 0.343], [3118.86, 0.1], [3118.85, 1.143], [3118.84, 17.048], [3118.83, 2.534]], "asks": [[3119.03, 166.318], [3119.04, 0.11], [3119.07, 0.038], [3119.08, 0.045], [3119.1, 0.03], [3119.11, 0.051], [3119.13, 0.019], [3119.14, 0.023], [3119.15, 0.038], [3119.16, 0.007], [3119.17, 0.102], [3119.18, 0.358], [3119.19, 2.303], [3119.2, 0.109], [3119.21, 0.038], [3119.22, 1.602], [3119.23, 5.501], [3119.24, 13.827], [3119.25, 18.154], [3119.26, 0.074]], "timestamp": "2025-12-13T09:54:19.931439+00:00"}, {"symbol": "ETHUSDT", "bids": [[3118.74, 113.552], [3118.73, 1.034], [3118.72, 0.697], [3118.71, 0.066], [3118.7, 0.092], [3118.69, 0.007], [3118.68, 0.081], [3118.67, 0.832], [3118.66, 1.313], [3118.65, 0.03], [3118.64, 2.915], [3118.63, 1.533], [3118.62, 0.007], [3118.61, 0.026], [3118.6, 0.649], [3118.59, 0.848], [3118.58, 19.646], [3118.57, 0.059], [3118.56, 1.139], [3118.55, 0.084]], "asks": [[3118.75, 45.92], [3118.76, 8.69], [3118.78, 0.007], [3118.8, 0.023], [3118.81, 0.054], [3118.82, 0.007], [3118.83, 0.018], [3118.84, 0.02], [3118.85, 0.359], [3118.86, 0.169], [3118.87, 0.02], [3118.88, 0.038], [3118.89, 0.057], [3118.9, 0.461], [3118.91, 0.925], [3118.92, 4.788], [3118.93, 0.036], [3118.94, 0.009], [3118.95, 0.334], [3118.96, 4.097]], "timestamp": "2025-12-13T09:55:14.410644+00:00"}, {"symbol": "ETHUSDT", "bids": [[3116.34, 93.687], [3116.33, 0.244], [3116.32, 2.033], [3116.3, 0.442], [3116.29, 0.969], [3116.28, 2.424], [3116.27, 1.305], [3116.26, 0.07], [3116.25, 0.044], [3116.24, 0.022], [3116.22, 0.054], [3116.21, 0.575], [3116.2, 0.007], [3116.19, 1.96], [3116.18, 0.506], [3116.17, 0.033], [3116.16, 0.017], [3116.15, 0.013], [3116.14, 0.07], [3116.13, 16.073]], "asks": [[3116.35, 135.657], [3116.36, 4.721], [3116.37, 0.24], [3116.38, 0.007], [3116.39, 0.391], [3116.4, 0.437], [3116.41, 0.025], [3116.43, 0.403], [3116.44, 1.313], [3116.45, 0.009], [3116.46, 0.328], [3116.47, 0.06], [3116.49, 0.007], [3116.5, 8.636], [3116.51, 3.066], [3116.52, 0.018], [3116.53, 0.027], [3116.55, 26.422], [3116.56, 0.016], [3116.57, 0.642]], "timestamp": "2025-12-13T09:56:07.957739+00:00"}, {"symbol": "ETHUSDT", "bids": [[3118.64, 27.805], [3118.63, 0.014], [3118.61, 0.045], [3118.6, 0.009], [3118.58, 0.009], [3118.57, 0.038], [3118.56, 0.654], [3118.55, 0.016], [3118.54, 0.013], [3118.53, 0.038], [3118.52, 0.369], [3118.51, 0.009], [3118.5, 3.964], [3118.49, 0.038], [3118.48, 0.031], [3118.47, 0.013], [3118.46, 18.775], [3118.45, 0.467], [3118.44, 4.822], [3118.43, 0.013]], "asks": [[3118.65, 87.906], [3118.66, 25.602], [3118.67, 1.32], [3118.68, 0.017], [3118.69, 0.77], [3118.7, 0.378], [3118.71, 0.06], [3118.74, 0.893], [3118.75, 0.089], [3118.76, 0.007], [3118.77, 0.029], [3118.79, 0.013], [3118.8, 5.659], [3118.81, 8.123], [3118.82, 2.464], [3118.83, 0.02], [3118.84, 8.631], [3118.85, 0.024], [3118.86, 0.03], [3118.87, 10.445]], "timestamp": "2025-12-13T09:57:01.206688+00:00"}, {"symbol": "ETHUSDT", "bids": [[3118.39, 18.607], [3118.38, 0.023], [3118.37, 0.007], [3118.35, 0.974], [3118.34, 1.612], [3118.33, 0.007], [3118.32, 0.016], [3118.31, 0.051], [3118.3, 0.007], [3118.29, 0.359], [3118.27, 0.045], [3118.26, 0.007], [3118.25, 0.06], [3118.24, 0.736], [3118.23, 0.045], [3118.22, 6.247], [3118.21, 18.474], [3118.2, 0.043], [3118.19, 0.038], [3118.18, 0.036]], "asks": [[3118.4, 78.305], [3118.41, 0.451], [3118.42, 1.58], [3118.43, 0.642], [3118.44, 1.299], [3118.45, 0.049], [3118.46, 1.603], [3118.47, 0.009], [3118.48, 0.013], [3118.5, 0.429], [3118.51, 0.054], [3118.52, 4.479], [3118.53, 0.016], [3118.54, 0.524], [3118.55, 1.141], [3118.56, 0.391], [3118.57, 0.127], [3118.59, 20.767], [3118.6, 0.735], [3118.61, 0.007]], "timestamp": "2025-12-13T09:57:55.069423+00:00"}, {"symbol": "ETHUSDT", "bids": [[3117.17, 176.381], [3117.16, 1.376], [3117.15, 5.071], [3117.14, 0.35], [3117.12, 0.087], [3117.11, 0.101], [3117.1, 0.033], [3117.09, 0.02], [3117.08, 0.009], [3117.07, 1.534], [3117.06, 1.378], [3117.05, 5.936], [3117.04, 0.009], [3117.03, 0.099], [3117.02, 0.009], [3117.01, 1.503], [3117.0, 3.671], [3116.99, 0.02], [3116.98, 1.166], [3116.97, 18.264]], "asks": [[3117.18, 32.408], [3117.19, 0.833], [3117.2, 0.007], [3117.21, 0.047], [3117.23, 0.096], [3117.24, 0.02], [3117.25, 0.038], [3117.26, 0.013], [3117.27, 0.651], [3117.28, 0.009], [3117.29, 0.864], [3117.3, 0.014], [3117.31, 0.016], [3117.33, 0.051], [3117.34, 0.028], [3117.35, 0.776], [3117.36, 1.58], [3117.37, 0.047], [3117.38, 0.013], [3117.39, 0.391]], "timestamp": "2025-12-13T09:58:49.493013+00:00"}, {"symbol": "ETHUSDT", "bids": [[3116.57, 94.14], [3116.56, 0.236], [3116.55, 0.681], [3116.54, 0.054], [3116.53, 3.769], [3116.52, 7.933], [3116.51, 15.49], [3116.5, 0.911], [3116.49, 0.173], [3116.48, 1.624], [3116.47, 0.058], [3116.46, 0.773], [3116.45, 1.597], [3116.44, 0.013], [3116.43, 0.061], [3116.42, 0.007], [3116.41, 0.031], [3116.4, 0.069], [3116.39, 0.09], [3116.38, 0.179]], "asks": [[3116.58, 67.551], [3116.59, 0.356], [3116.6, 0.368], [3116.61, 0.687], [3116.63, 0.016], [3116.64, 0.327], [3116.65, 1.703], [3116.66, 0.058], [3116.67, 5.466], [3116.68, 0.037], [3116.69, 0.02], [3116.7, 16.078], [3116.71, 13.338], [3116.72, 2.56], [3116.73, 0.025], [3116.75, 1.611], [3116.76, 0.695], [3116.77, 0.01], [3116.78, 0.054], [3116.79, 1.304]], "timestamp": "2025-12-13T09:59:43.717697+00:00"}, {"symbol": "ETHUSDT", "bids": [[3116.31, 107.594], [3116.3, 3.273], [3116.28, 0.007], [3116.27, 0.009], [3116.26, 3.926], [3116.25, 0.017], [3116.24, 0.064], [3116.23, 0.02], [3116.22, 0.184], [3116.21, 3.262], [3116.2, 13.758], [3116.19, 5.832], [3116.18, 0.638], [3116.17, 0.171], [3116.16, 0.659], [3116.15, 0.007], [3116.14, 0.077], [3116.13, 0.022], [3116.12, 1.382], [3116.11, 5.883]], "asks": [[3116.32, 1.852], [3116.33, 0.122], [3116.34, 0.095], [3116.35, 0.137], [3116.36, 0.073], [3116.38, 0.03], [3116.39, 0.379], [3116.4, 0.032], [3116.41, 0.016], [3116.42, 0.014], [3116.43, 0.047], [3116.44, 0.007], [3116.45, 0.021], [3116.46, 0.016], [3116.47, 0.145], [3116.48, 0.007], [3116.49, 0.016], [3116.5, 0.02], [3116.51, 0.007], [3116.52, 0.017]], "timestamp": "2025-12-13T10:00:37.888488+00:00"}, {"symbol": "ETHUSDT", "bids": [[3117.37, 128.901], [3117.36, 2.607], [3117.34, 0.007], [3117.32, 0.016], [3117.31, 0.474], [3117.3, 0.05], [3117.29, 0.007], [3117.28, 4.662], [3117.27, 3.067], [3117.26, 10.832], [3117.25, 0.084], [3117.24, 0.007], [3117.23, 0.029], [3117.22, 0.038], [3117.21, 6.473], [3117.2, 0.376], [3117.19, 0.016], [3117.18, 0.058], [3117.17, 0.567], [3117.16, 0.02]], "asks": [[3117.38, 39.613], [3117.39, 0.36], [3117.41, 0.047], [3117.42, 0.007], [3117.43, 0.009], [3117.44, 0.016], [3117.45, 0.082], [3117.46, 0.06], [3117.47, 0.016], [3117.48, 0.808], [3117.49, 1.356], [3117.5, 2.382], [3117.51, 0.344], [3117.52, 0.016], [3117.53, 0.067], [3117.54, 0.016], [3117.56, 0.029], [3117.57, 1.322], [3117.58, 0.029], [3117.59, 0.391]], "timestamp": "2025-12-13T10:01:31.983728+00:00"}, {"symbol": "ETHUSDT", "bids": [[3117.13, 74.775], [3117.12, 1.314], [3117.11, 0.101], [3117.1, 0.024], [3117.09, 0.167], [3117.08, 0.009], [3117.07, 0.007], [3117.06, 4.638], [3117.05, 2.739], [3117.04, 0.036], [3117.03, 0.045], [3117.02, 0.02], [3117.01, 1.723], [3117.0, 13.526], [3116.99, 0.189], [3116.98, 1.782], [3116.97, 6.452], [3116.96, 0.39], [3116.95, 9.45], [3116.94, 0.074]], "asks": [[3117.14, 1.455], [3117.15, 3.963], [3117.16, 0.016], [3117.17, 0.007], [3117.18, 0.094], [3117.19, 0.007], [3117.2, 1.016], [3117.21, 0.048], [3117.22, 0.103], [3117.23, 0.016], [3117.24, 0.183], [3117.25, 0.007], [3117.26, 0.023], [3117.27, 0.185], [3117.28, 0.053], [3117.29, 0.016], [3117.3, 0.06], [3117.31, 0.185], [3117.32, 1.247], [3117.33, 0.067]], "timestamp": "2025-12-13T10:02:26.280098+00:00"}, {"symbol": "ETHUSDT", "bids": [[3117.76, 12.817], [3117.75, 0.023], [3117.74, 0.098], [3117.73, 0.054], [3117.72, 0.191], [3117.71, 0.016], [3117.7, 0.017], [3117.69, 0.038], [3117.68, 0.029], [3117.67, 0.418], [3117.66, 0.028], [3117.65, 0.017], [3117.64, 0.06], [3117.63, 0.087], [3117.62, 4.027], [3117.61, 0.016], [3117.6, 0.357], [3117.59, 0.02], [3117.58, 0.009], [3117.57, 0.062]], "asks": [[3117.77, 92.631], [3117.78, 4.296], [3117.79, 0.393], [3117.8, 0.397], [3117.81, 0.969], [3117.82, 0.372], [3117.83, 0.045], [3117.84, 0.054], [3117.85, 3.551], [3117.86, 1.289], [3117.87, 0.558], [3117.88, 17.728], [3117.89, 0.045], [3117.9, 0.035], [3117.91, 0.029], [3117.92, 1.09], [3117.93, 14.752], [3117.94, 1.325], [3117.95, 0.183], [3117.96, 1.603]], "timestamp": "2025-12-13T10:03:20.296063+00:00"}, {"symbol": "ETHUSDT", "bids": [[3118.24, 44.11], [3118.23, 0.251], [3118.22, 0.086], [3118.21, 0.545], [3118.2, 0.182], [3118.19, 0.009], [3118.18, 0.66], [3118.17, 0.173], [3118.16, 0.016], [3118.15, 0.834], [3118.14, 1.641], [3118.13, 0.029], [3118.12, 1.021], [3118.11, 0.009], [3118.1, 0.338], [3118.09, 0.045], [3118.08, 0.045], [3118.07, 0.014], [3118.06, 1.295], [3118.05, 4.95]], "asks": [[3118.25, 61.96], [3118.26, 2.099], [3118.28, 0.051], [3118.29, 0.045], [3118.3, 0.348], [3118.31, 1.753], [3118.32, 0.658], [3118.33, 0.051], [3118.34, 0.087], [3118.35, 0.023], [3118.36, 0.348], [3118.37, 0.045], [3118.39, 0.029], [3118.4, 1.927], [3118.41, 1.392], [3118.42, 1.302], [3118.44, 0.176], [3118.45, 0.38], [3118.46, 0.037], [3118.47, 1.674]], "timestamp": "2025-12-13T10:04:15.612431+00:00"}, {"symbol": "ETHUSDT", "bids": [[3118.74, 63.852], [3118.73, 2.001], [3118.72, 0.808], [3118.71, 0.046], [3118.7, 0.047], [3118.69, 0.088], [3118.68, 1.466], [3118.67, 0.013], [3118.66, 0.061], [3118.65, 0.403], [3118.64, 0.009], [3118.63, 0.062], [3118.62, 0.337], [3118.61, 1.321], [3118.6, 0.44], [3118.59, 0.069], [3118.58, 0.678], [3118.57, 0.007], [3118.56, 0.528], [3118.55, 0.67]], "asks": [[3118.75, 89.459], [3118.76, 0.021], [3118.77, 0.021], [3118.78, 79.721], [3118.79, 0.928], [3118.8, 0.255], [3118.81, 8.465], [3118.82, 44.58], [3118.83, 3.031], [3118.84, 0.016], [3118.85, 0.02], [3118.86, 7.842], [3118.87, 0.029], [3118.88, 1.246], [3118.89, 0.723], [3118.9, 0.082], [3118.92, 0.027], [3118.93, 0.121], [3118.94, 0.784], [3118.95, 0.945]], "timestamp": "2025-12-13T10:05:09.967577+00:00"}, {"symbol": "ETHUSDT", "bids": [[3119.29, 58.585], [3119.28, 1.392], [3119.27, 3.021], [3119.26, 0.007], [3119.25, 0.075], [3119.24, 3.747], [3119.22, 1.311], [3119.21, 0.007], [3119.2, 1.17], [3119.19, 0.835], [3119.18, 0.02], [3119.16, 0.014], [3119.15, 3.977], [3119.14, 0.007], [3119.13, 5.802], [3119.12, 0.029], [3119.11, 0.016], [3119.1, 1.348], [3119.09, 0.027], [3119.08, 3.911]], "asks": [[3119.3, 33.338], [3119.31, 0.377], [3119.32, 0.099], [3119.33, 0.018], [3119.34, 0.207], [3119.35, 0.016], [3119.36, 0.009], [3119.37, 0.016], [3119.38, 0.007], [3119.39, 1.127], [3119.4, 0.095], [3119.41, 0.013], [3119.42, 0.007], [3119.43, 0.888], [3119.44, 0.187], [3119.45, 1.319], [3119.46, 0.016], [3119.47, 0.211], [3119.48, 0.307], [3119.5, 0.808]], "timestamp": "2025-12-13T10:06:03.831109+00:00"}, {"symbol": "ETHUSDT", "bids": [[3119.19, 162.553], [3119.18, 2.265], [3119.16, 0.016], [3119.15, 3.179], [3119.14, 0.118], [3119.13, 0.941], [3119.12, 0.013], [3119.11, 0.01], [3119.1, 1.674], [3119.09, 0.064], [3119.08, 2.286], [3119.07, 2.336], [3119.06, 0.013], [3119.05, 8.849], [3119.04, 7.086], [3119.03, 1.621], [3119.02, 0.145], [3119.01, 0.365], [3119.0, 0.167], [3118.99, 17.458]], "asks": [[3119.2, 7.31], [3119.21, 0.158], [3119.22, 0.009], [3119.23, 0.007], [3119.24, 0.009], [3119.25, 2.146], [3119.26, 0.406], [3119.28, 0.044], [3119.29, 0.285], [3119.3, 0.84], [3119.31, 0.013], [3119.33, 0.225], [3119.34, 0.217], [3119.35, 0.018], [3119.36, 0.058], [3119.37, 0.16], [3119.38, 0.176], [3119.39, 0.01], [3119.4, 1.778], [3119.41, 0.02]], "timestamp": "2025-12-13T10:06:57.380363+00:00"}, {"symbol": "ETHUSDT", "bids": [[3117.3, 64.23], [3117.29, 0.171], [3117.28, 9.17], [3117.27, 14.894], [3117.26, 0.11], [3117.25, 0.058], [3117.24, 1.116], [3117.23, 0.251], [3117.22, 0.013], [3117.21, 0.77], [3117.2, 0.385], [3117.19, 18.412], [3117.18, 7.838], [3117.17, 8.671], [3117.16, 0.031], [3117.15, 3.204], [3117.14, 2.486], [3117.13, 0.036], [3117.12, 3.531], [3117.11, 3.567]], "asks": [[3117.31, 13.606], [3117.32, 0.096], [3117.33, 0.388], [3117.34, 6.064], [3117.36, 1.33], [3117.38, 0.009], [3117.39, 0.013], [3117.4, 0.038], [3117.41, 0.009], [3117.42, 0.022], [3117.43, 0.01], [3117.44, 0.45], [3117.45, 0.541], [3117.47, 0.022], [3117.48, 0.648], [3117.49, 1.256], [3117.5, 1.411], [3117.52, 0.018], [3117.53, 0.428], [3117.54, 2.991]], "timestamp": "2025-12-13T10:07:52.080728+00:00"}, {"symbol": "ETHUSDT", "bids": [[3118.2, 38.995], [3118.19, 0.377], [3118.18, 0.056], [3118.17, 0.038], [3118.16, 0.45], [3118.15, 0.016], [3118.14, 0.009], [3118.13, 0.067], [3118.12, 0.007], [3118.11, 2.597], [3118.1, 17.017], [3118.09, 0.051], [3118.08, 4.635], [3118.07, 0.017], [3118.06, 8.132], [3118.05, 17.087], [3118.04, 0.023], [3118.03, 14.793], [3118.02, 0.007], [3118.01, 3.069]], "asks": [[3118.21, 67.09], [3118.22, 2.215], [3118.23, 0.007], [3118.24, 0.411], [3118.25, 0.151], [3118.26, 3.809], [3118.27, 1.686], [3118.28, 0.046], [3118.29, 0.044], [3118.3, 1.679], [3118.31, 0.327], [3118.32, 0.054], [3118.33, 0.228], [3118.34, 0.045], [3118.35, 0.446], [3118.36, 0.656], [3118.37, 1.299], [3118.38, 0.54], [3118.39, 0.331], [3118.4, 16.096]], "timestamp": "2025-12-13T10:08:46.546771+00:00"}, {"symbol": "ETHUSDT", "bids": [[3118.19, 173.777], [3118.18, 1.544], [3118.17, 1.311], [3118.15, 0.407], [3118.14, 3.381], [3118.13, 0.035], [3118.12, 0.029], [3118.11, 1.64], [3118.1, 0.424], [3118.09, 0.026], [3118.08, 14.736], [3118.07, 0.007], [3118.06, 0.038], [3118.05, 0.054], [3118.04, 6.84], [3118.03, 2.411], [3118.02, 2.274], [3118.01, 0.217], [3118.0, 1.203], [3117.99, 0.803]], "asks": [[3118.2, 89.012], [3118.21, 0.066], [3118.23, 0.016], [3118.25, 1.313], [3118.26, 0.007], [3118.27, 1.079], [3118.28, 0.02], [3118.29, 0.024], [3118.3, 0.051], [3118.31, 0.327], [3118.32, 1.271], [3118.33, 0.241], [3118.34, 0.454], [3118.35, 0.036], [3118.36, 0.014], [3118.37, 0.02], [3118.38, 0.047], [3118.39, 0.043], [3118.4, 0.082], [3118.41, 0.192]], "timestamp": "2025-12-13T10:09:41.228958+00:00"}, {"symbol": "ETHUSDT", "bids": [[3117.05, 213.821], [3117.04, 0.382], [3117.03, 0.663], [3117.02, 0.649], [3117.01, 1.772], [3117.0, 1.154], [3116.99, 1.301], [3116.98, 0.23], [3116.97, 0.072], [3116.96, 0.173], [3116.95, 3.878], [3116.94, 0.093], [3116.93, 0.02], [3116.92, 1.576], [3116.91, 1.288], [3116.9, 0.375], [3116.89, 3.31], [3116.88, 0.224], [3116.87, 15.417], [3116.86, 0.145]], "asks": [[3117.06, 8.435], [3117.07, 0.045], [3117.08, 0.016], [3117.09, 0.233], [3117.1, 0.962], [3117.11, 0.025], [3117.12, 0.047], [3117.13, 0.016], [3117.14, 0.036], [3117.15, 0.954], [3117.16, 0.054], [3117.17, 0.02], [3117.18, 0.664], [3117.19, 0.03], [3117.2, 0.055], [3117.21, 0.03], [3117.22, 1.261], [3117.23, 0.007], [3117.24, 0.7], [3117.25, 0.007]], "timestamp": "2025-12-13T10:10:35.502117+00:00"}, {"symbol": "ETHUSDT", "bids": [[3119.01, 34.165], [3119.0, 0.992], [3118.99, 0.016], [3118.98, 2.66], [3118.97, 5.837], [3118.96, 0.016], [3118.95, 9.348], [3118.94, 0.017], [3118.93, 1.019], [3118.92, 0.336], [3118.91, 0.015], [3118.9, 0.434], [3118.89, 0.207], [3118.88, 0.32], [3118.86, 1.136], [3118.85, 5.435], [3118.83, 7.097], [3118.82, 0.085], [3118.81, 0.109], [3118.8, 0.367]], "asks": [[3119.02, 95.001], [3119.03, 0.007], [3119.04, 0.206], [3119.07, 0.009], [3119.08, 1.33], [3119.09, 0.054], [3119.1, 0.034], [3119.11, 0.009], [3119.12, 0.606], [3119.13, 0.985], [3119.15, 1.282], [3119.16, 0.186], [3119.17, 0.051], [3119.19, 1.275], [3119.2, 0.439], [3119.21, 0.214], [3119.22, 0.098], [3119.23, 0.007], [3119.24, 1.282], [3119.25, 0.405]], "timestamp": "2025-12-13T10:11:29.350839+00:00"}, {"symbol": "ETHUSDT", "bids": [[3118.07, 101.997], [3118.06, 13.901], [3118.05, 0.136], [3118.04, 0.007], [3118.03, 1.924], [3118.02, 0.016], [3118.01, 80.016], [3118.0, 1.341], [3117.99, 0.102], [3117.98, 4.059], [3117.97, 0.192], [3117.96, 0.058], [3117.95, 1.378], [3117.93, 0.036], [3117.92, 3.325], [3117.91, 2.327], [3117.9, 0.547], [3117.89, 0.717], [3117.88, 0.045], [3117.87, 0.04]], "asks": [[3118.08, 4.957], [3118.09, 0.014], [3118.1, 2.553], [3118.11, 0.197], [3118.12, 1.299], [3118.13, 0.219], [3118.14, 0.176], [3118.15, 0.124], [3118.16, 0.14], [3118.17, 0.03], [3118.19, 0.081], [3118.2, 1.194], [3118.21, 0.016], [3118.22, 1.253], [3118.23, 0.699], [3118.24, 0.009], [3118.25, 0.037], [3118.26, 0.336], [3118.27, 0.013], [3118.28, 0.016]], "timestamp": "2025-12-13T10:12:22.716054+00:00"}, {"symbol": "ETHUSDT", "bids": [[3119.01, 5.124], [3119.0, 0.083], [3118.99, 0.045], [3118.98, 0.016], [3118.97, 0.238], [3118.96, 0.029], [3118.95, 0.045], [3118.94, 0.007], [3118.93, 0.026], [3118.92, 0.008], [3118.91, 0.007], [3118.9, 0.047], [3118.89, 0.013], [3118.88, 0.009], [3118.87, 0.063], [3118.86, 0.061], [3118.85, 0.013], [3118.84, 0.278], [3118.83, 0.022], [3118.82, 0.05]], "asks": [[3119.02, 202.308], [3119.03, 0.032], [3119.04, 0.047], [3119.07, 0.009], [3119.08, 0.038], [3119.09, 0.009], [3119.1, 0.034], [3119.11, 0.787], [3119.12, 0.857], [3119.13, 0.173], [3119.14, 3.23], [3119.15, 1.282], [3119.16, 0.06], [3119.17, 0.01], [3119.19, 0.022], [3119.2, 0.087], [3119.22, 0.675], [3119.23, 1.305], [3119.24, 0.047], [3119.25, 0.02]], "timestamp": "2025-12-13T10:13:17.210031+00:00"}, {"symbol": "ETHUSDT", "bids": [[3119.73, 2.2], [3119.72, 3.19], [3119.71, 0.007], [3119.7, 0.042], [3119.69, 0.007], [3119.68, 0.047], [3119.67, 0.016], [3119.66, 0.007], [3119.65, 0.022], [3119.64, 0.022], [3119.63, 0.131], [3119.62, 0.01], [3119.61, 0.253], [3119.6, 0.094], [3119.58, 0.029], [3119.57, 0.081], [3119.56, 0.372], [3119.55, 0.054], [3119.54, 0.015], [3119.53, 0.283]], "asks": [[3119.74, 108.193], [3119.75, 0.154], [3119.76, 0.007], [3119.77, 0.642], [3119.78, 0.045], [3119.79, 0.817], [3119.8, 0.387], [3119.81, 0.016], [3119.82, 2.04], [3119.83, 1.602], [3119.84, 0.027], [3119.85, 0.466], [3119.86, 0.149], [3119.87, 0.016], [3119.88, 0.147], [3119.9, 4.069], [3119.91, 1.874], [3119.92, 0.68], [3119.93, 1.267], [3119.94, 0.466]], "timestamp": "2025-12-13T10:14:11.988410+00:00"}, {"symbol": "ETHUSDT", "bids": [[3120.39, 123.554], [3120.38, 1.418], [3120.37, 0.016], [3120.36, 0.007], [3120.35, 0.117], [3120.34, 12.178], [3120.33, 0.215], [3120.32, 17.086], [3120.31, 1.311], [3120.3, 1.644], [3120.29, 0.67], [3120.27, 2.601], [3120.26, 0.599], [3120.25, 16.893], [3120.24, 0.353], [3120.23, 3.86], [3120.22, 0.014], [3120.21, 0.676], [3120.2, 0.882], [3120.19, 16.278]], "asks": [[3120.4, 6.6], [3120.41, 0.007], [3120.44, 0.089], [3120.45, 0.074], [3120.47, 0.009], [3120.48, 0.06], [3120.51, 0.112], [3120.52, 0.047], [3120.54, 0.022], [3120.55, 0.722], [3120.56, 0.047], [3120.57, 0.007], [3120.58, 0.022], [3120.6, 0.082], [3120.61, 0.009], [3120.62, 0.966], [3120.63, 0.022], [3120.64, 0.045], [3120.65, 0.286], [3120.66, 0.032]], "timestamp": "2025-12-13T10:15:05.943656+00:00"}, {"symbol": "ETHUSDT", "bids": [[3122.05, 70.25], [3122.04, 0.031], [3122.03, 2.967], [3122.02, 0.054], [3122.01, 1.536], [3122.0, 1.98], [3121.99, 0.01], [3121.98, 0.064], [3121.97, 0.03], [3121.96, 0.019], [3121.95, 7.591], [3121.94, 0.09], [3121.93, 1.282], [3121.92, 6.627], [3121.91, 0.732], [3121.9, 0.072], [3121.89, 2.381], [3121.88, 0.668], [3121.87, 0.32], [3121.86, 0.694]], "asks": [[3122.06, 36.42], [3122.07, 0.052], [3122.08, 0.067], [3122.09, 0.06], [3122.1, 0.029], [3122.11, 6.461], [3122.12, 0.007], [3122.13, 0.032], [3122.14, 0.013], [3122.15, 0.045], [3122.16, 0.948], [3122.17, 0.03], [3122.18, 0.327], [3122.19, 0.47], [3122.2, 0.028], [3122.21, 0.029], [3122.22, 0.007], [3122.23, 3.762], [3122.24, 0.096], [3122.25, 0.03]], "timestamp": "2025-12-13T10:15:59.504370+00:00"}, {"symbol": "ETHUSDT", "bids": [[3122.6, 148.001], [3122.59, 2.749], [3122.58, 8.055], [3122.57, 1.36], [3122.56, 0.045], [3122.55, 0.016], [3122.54, 0.024], [3122.53, 0.016], [3122.52, 0.051], [3122.51, 0.007], [3122.5, 1.318], [3122.46, 1.009], [3122.45, 0.799], [3122.44, 0.007], [3122.43, 0.196], [3122.41, 0.038], [3122.4, 6.572], [3122.39, 2.307], [3122.37, 0.105], [3122.36, 0.007]], "asks": [[3122.61, 68.123], [3122.62, 0.132], [3122.63, 0.026], [3122.65, 0.143], [3122.66, 0.06], [3122.67, 0.01], [3122.68, 0.009], [3122.69, 2.134], [3122.7, 0.707], [3122.71, 1.614], [3122.72, 0.022], [3122.73, 0.469], [3122.74, 1.755], [3122.75, 0.027], [3122.76, 2.288], [3122.77, 0.655], [3122.78, 0.013], [3122.79, 0.231], [3122.8, 5.8], [3122.81, 2.474]], "timestamp": "2025-12-13T10:16:53.567275+00:00"}, {"symbol": "ETHUSDT", "bids": [[3122.68, 195.719], [3122.67, 1.659], [3122.63, 0.047], [3122.62, 0.007], [3122.61, 0.016], [3122.6, 1.374], [3122.59, 0.679], [3122.58, 0.03], [3122.57, 0.032], [3122.56, 3.907], [3122.55, 1.874], [3122.54, 5.02], [3122.53, 1.329], [3122.52, 0.169], [3122.51, 0.517], [3122.5, 1.065], [3122.49, 0.055], [3122.48, 4.592], [3122.47, 0.027], [3122.46, 1.618]], "asks": [[3122.69, 38.878], [3122.7, 0.188], [3122.71, 0.049], [3122.72, 0.026], [3122.73, 0.462], [3122.74, 0.507], [3122.75, 0.014], [3122.76, 0.697], [3122.77, 0.02], [3122.78, 0.007], [3122.79, 0.179], [3122.8, 0.493], [3122.81, 0.047], [3122.82, 0.101], [3122.83, 0.417], [3122.85, 0.021], [3122.86, 0.158], [3122.87, 0.34], [3122.88, 0.575], [3122.89, 0.631]], "timestamp": "2025-12-13T10:17:47.328393+00:00"}, {"symbol": "ETHUSDT", "bids": [[3124.24, 35.816], [3124.23, 0.014], [3124.22, 0.08], [3124.21, 0.007], [3124.2, 0.411], [3124.19, 0.009], [3124.18, 0.071], [3124.17, 0.029], [3124.16, 0.047], [3124.15, 0.007], [3124.14, 2.562], [3124.13, 0.662], [3124.11, 0.038], [3124.1, 0.511], [3124.08, 0.64], [3124.07, 0.022], [3124.06, 0.038], [3124.05, 0.007], [3124.04, 1.31], [3124.03, 0.007]], "asks": [[3124.25, 55.902], [3124.26, 5.096], [3124.27, 0.417], [3124.28, 0.49], [3124.3, 2.85], [3124.31, 3.981], [3124.32, 10.055], [3124.33, 0.503], [3124.34, 0.165], [3124.35, 0.02], [3124.36, 0.051], [3124.37, 1.404], [3124.38, 1.17], [3124.39, 0.013], [3124.4, 0.867], [3124.41, 0.17], [3124.42, 0.69], [3124.43, 0.017], [3124.44, 1.821], [3124.45, 0.805]], "timestamp": "2025-12-13T10:18:41.498304+00:00"}, {"symbol": "ETHUSDT", "bids": [[3127.82, 918.863], [3127.81, 0.334], [3127.8, 0.087], [3127.79, 0.438], [3127.78, 0.014], [3127.77, 0.022], [3127.76, 0.047], [3127.75, 0.013], [3127.74, 0.021], [3127.73, 0.022], [3127.71, 0.013], [3127.7, 0.047], [3127.69, 0.02], [3127.68, 0.108], [3127.67, 0.023], [3127.66, 2.575], [3127.65, 0.127], [3127.64, 0.009], [3127.63, 0.182], [3127.62, 1.818]], "asks": [[3127.83, 161.076], [3127.84, 1.077], [3127.86, 0.038], [3127.87, 0.859], [3127.88, 0.009], [3127.89, 0.009], [3127.9, 0.045], [3127.91, 0.009], [3127.92, 0.038], [3127.94, 1.288], [3127.95, 0.067], [3127.97, 2.829], [3127.98, 0.022], [3127.99, 2.729], [3128.0, 21.689], [3128.01, 4.308], [3128.02, 4.104], [3128.03, 0.009], [3128.04, 0.013], [3128.05, 0.154]], "timestamp": "2025-12-13T10:19:35.873341+00:00"}, {"symbol": "ETHUSDT", "bids": [[3126.56, 73.547], [3126.55, 0.68], [3126.54, 1.465], [3126.53, 0.016], [3126.52, 0.007], [3126.51, 3.28], [3126.5, 0.314], [3126.49, 0.025], [3126.48, 0.021], [3126.47, 0.064], [3126.46, 0.549], [3126.45, 0.824], [3126.44, 5.124], [3126.43, 0.054], [3126.42, 1.659], [3126.41, 0.007], [3126.4, 3.588], [3126.39, 0.038], [3126.38, 0.016], [3126.37, 23.75]], "asks": [[3126.57, 18.591], [3126.58, 0.007], [3126.6, 0.821], [3126.61, 0.038], [3126.62, 0.009], [3126.64, 0.017], [3126.66, 0.639], [3126.67, 0.058], [3126.68, 0.013], [3126.7, 2.015], [3126.71, 0.38], [3126.72, 0.64], [3126.73, 0.64], [3126.74, 0.029], [3126.75, 0.396], [3126.77, 0.031], [3126.78, 0.485], [3126.79, 0.038], [3126.8, 0.505], [3126.81, 0.395]], "timestamp": "2025-12-13T10:20:29.994126+00:00"}, {"symbol": "ETHUSDT", "bids": [[3129.47, 147.697], [3129.46, 3.239], [3129.45, 0.076], [3129.44, 0.016], [3129.43, 0.022], [3129.42, 0.788], [3129.41, 0.116], [3129.4, 0.017], [3129.39, 0.029], [3129.38, 0.007], [3129.37, 0.669], [3129.36, 0.07], [3129.35, 0.33], [3129.34, 0.025], [3129.33, 1.468], [3129.32, 0.009], [3129.31, 0.24], [3129.3, 0.094], [3129.29, 0.909], [3129.28, 3.439]], "asks": [[3129.48, 50.29], [3129.49, 0.045], [3129.5, 1.597], [3129.53, 0.009], [3129.55, 0.111], [3129.56, 0.013], [3129.58, 0.009], [3129.59, 0.051], [3129.6, 0.129], [3129.62, 0.022], [3129.63, 0.038], [3129.64, 0.024], [3129.65, 0.029], [3129.67, 0.038], [3129.68, 0.022], [3129.69, 0.007], [3129.7, 0.007], [3129.71, 0.527], [3129.72, 0.461], [3129.73, 2.084]], "timestamp": "2025-12-13T10:21:24.214517+00:00"}, {"symbol": "ETHUSDT", "bids": [[3127.66, 22.89], [3127.65, 0.021], [3127.64, 0.009], [3127.63, 0.007], [3127.62, 0.047], [3127.61, 0.007], [3127.6, 1.26], [3127.59, 0.89], [3127.58, 0.007], [3127.57, 1.326], [3127.56, 0.361], [3127.55, 0.02], [3127.54, 0.171], [3127.53, 0.047], [3127.52, 0.358], [3127.51, 0.08], [3127.5, 0.044], [3127.49, 1.978], [3127.48, 0.007], [3127.47, 0.009]], "asks": [[3127.67, 79.905], [3127.68, 0.158], [3127.7, 0.007], [3127.72, 0.047], [3127.73, 0.297], [3127.74, 0.016], [3127.75, 0.09], [3127.76, 0.089], [3127.77, 0.045], [3127.78, 0.03], [3127.79, 1.279], [3127.8, 0.03], [3127.81, 0.059], [3127.82, 0.009], [3127.83, 0.936], [3127.84, 0.021], [3127.85, 1.607], [3127.86, 0.172], [3127.87, 0.038], [3127.88, 1.305]], "timestamp": "2025-12-13T10:22:18.804892+00:00"}, {"symbol": "ETHUSDT", "bids": [[3125.35, 63.086], [3125.34, 2.831], [3125.33, 0.015], [3125.32, 0.016], [3125.31, 0.02], [3125.3, 0.047], [3125.29, 0.016], [3125.28, 0.652], [3125.27, 0.016], [3125.26, 2.066], [3125.25, 0.007], [3125.24, 0.033], [3125.23, 0.02], [3125.22, 0.109], [3125.21, 1.593], [3125.2, 6.981], [3125.19, 0.479], [3125.18, 0.307], [3125.17, 0.06], [3125.16, 0.372]], "asks": [[3125.36, 146.776], [3125.37, 0.014], [3125.39, 6.472], [3125.4, 0.059], [3125.41, 0.009], [3125.42, 0.016], [3125.43, 2.808], [3125.44, 0.371], [3125.45, 0.425], [3125.46, 1.207], [3125.47, 0.669], [3125.48, 0.931], [3125.49, 0.613], [3125.5, 2.521], [3125.51, 0.065], [3125.52, 0.055], [3125.53, 0.022], [3125.54, 0.038], [3125.55, 1.664], [3125.56, 0.381]], "timestamp": "2025-12-13T10:23:13.066590+00:00"}, {"symbol": "ETHUSDT", "bids": [[3125.94, 18.769], [3125.93, 0.099], [3125.9, 0.007], [3125.89, 0.047], [3125.87, 0.029], [3125.86, 0.064], [3125.85, 0.045], [3125.84, 0.024], [3125.83, 0.029], [3125.82, 3.897], [3125.81, 0.007], [3125.8, 0.301], [3125.79, 0.639], [3125.78, 19.27], [3125.77, 0.034], [3125.76, 0.327], [3125.75, 0.769], [3125.74, 1.338], [3125.73, 5.703], [3125.72, 5.868]], "asks": [[3125.95, 62.478], [3125.96, 0.059], [3125.97, 1.089], [3125.98, 0.016], [3125.99, 0.358], [3126.0, 14.637], [3126.01, 0.456], [3126.02, 1.876], [3126.03, 0.026], [3126.04, 0.37], [3126.05, 0.013], [3126.06, 0.381], [3126.07, 0.02], [3126.08, 0.038], [3126.09, 0.08], [3126.1, 0.464], [3126.11, 0.013], [3126.12, 3.359], [3126.13, 3.015], [3126.14, 1.024]], "timestamp": "2025-12-13T10:24:07.441702+00:00"}, {"symbol": "ETHUSDT", "bids": [[3125.94, 5.773], [3125.93, 0.107], [3125.92, 0.697], [3125.91, 0.007], [3125.9, 0.007], [3125.89, 0.047], [3125.88, 0.024], [3125.87, 0.816], [3125.86, 0.007], [3125.85, 0.459], [3125.84, 0.016], [3125.83, 0.036], [3125.82, 0.349], [3125.81, 0.016], [3125.8, 0.023], [3125.79, 0.951], [3125.78, 0.047], [3125.77, 0.034], [3125.76, 0.016], [3125.75, 0.022]], "asks": [[3125.95, 251.41], [3125.96, 0.109], [3125.97, 3.035], [3125.98, 2.348], [3126.0, 0.222], [3126.01, 1.471], [3126.02, 0.647], [3126.03, 0.172], [3126.04, 0.047], [3126.05, 0.08], [3126.06, 0.945], [3126.07, 0.007], [3126.08, 0.054], [3126.09, 0.013], [3126.1, 2.5], [3126.12, 1.281], [3126.14, 4.189], [3126.15, 19.88], [3126.16, 0.021], [3126.17, 1.358]], "timestamp": "2025-12-13T10:25:02.021892+00:00"}, {"symbol": "ETHUSDT", "bids": [[3126.11, 112.644], [3126.1, 0.087], [3126.09, 0.159], [3126.08, 17.924], [3126.07, 0.443], [3126.06, 31.013], [3126.05, 0.416], [3126.04, 0.029], [3126.03, 1.599], [3126.02, 6.332], [3126.01, 0.063], [3126.0, 5.656], [3125.99, 38.357], [3125.98, 30.034], [3125.97, 0.038], [3125.96, 0.029], [3125.95, 1.28], [3125.94, 0.116], [3125.93, 1.608], [3125.92, 0.069]], "asks": [[3126.12, 74.875], [3126.13, 1.642], [3126.14, 2.465], [3126.15, 3.314], [3126.16, 0.166], [3126.17, 4.207], [3126.18, 0.024], [3126.19, 0.009], [3126.2, 0.02], [3126.22, 0.054], [3126.23, 5.629], [3126.24, 0.032], [3126.25, 0.098], [3126.26, 7.005], [3126.27, 2.56], [3126.28, 1.264], [3126.29, 0.255], [3126.3, 0.107], [3126.31, 1.037], [3126.32, 0.047]], "timestamp": "2025-12-13T10:25:56.310631+00:00"}, {"symbol": "ETHUSDT", "bids": [[3127.04, 16.233], [3127.03, 0.057], [3127.02, 0.007], [3127.0, 0.007], [3126.99, 0.037], [3126.98, 1.12], [3126.97, 0.029], [3126.96, 1.288], [3126.95, 0.038], [3126.94, 0.057], [3126.93, 0.02], [3126.92, 0.038], [3126.91, 5.605], [3126.9, 0.067], [3126.88, 1.847], [3126.87, 0.043], [3126.86, 1.905], [3126.85, 0.045], [3126.84, 1.309], [3126.83, 0.014]], "asks": [[3127.05, 66.989], [3127.06, 2.732], [3127.07, 2.538], [3127.08, 0.385], [3127.09, 0.159], [3127.1, 0.897], [3127.11, 2.121], [3127.12, 0.088], [3127.13, 1.659], [3127.14, 0.072], [3127.15, 0.758], [3127.16, 0.661], [3127.17, 0.176], [3127.18, 0.036], [3127.19, 0.111], [3127.2, 1.344], [3127.21, 1.209], [3127.22, 0.314], [3127.23, 0.076], [3127.24, 0.97]], "timestamp": "2025-12-13T10:26:50.771778+00:00"}, {"symbol": "ETHUSDT", "bids": [[3126.79, 72.678], [3126.78, 7.681], [3126.77, 0.009], [3126.76, 0.007], [3126.75, 0.069], [3126.74, 0.027], [3126.72, 0.356], [3126.71, 1.325], [3126.7, 0.016], [3126.69, 0.007], [3126.68, 0.402], [3126.67, 5.695], [3126.66, 11.753], [3126.65, 0.007], [3126.64, 1.309], [3126.63, 8.479], [3126.62, 0.02], [3126.61, 0.009], [3126.6, 0.043], [3126.59, 1.601]], "asks": [[3126.8, 60.813], [3126.81, 0.147], [3126.83, 0.038], [3126.85, 0.009], [3126.86, 0.967], [3126.87, 0.047], [3126.88, 0.013], [3126.9, 0.029], [3126.91, 0.022], [3126.92, 0.038], [3126.93, 0.016], [3126.94, 0.936], [3126.96, 0.009], [3126.97, 0.305], [3126.98, 0.014], [3127.0, 2.66], [3127.01, 1.085], [3127.02, 11.722], [3127.03, 0.029], [3127.04, 0.047]], "timestamp": "2025-12-13T10:27:44.942053+00:00"}, {"symbol": "ETHUSDT", "bids": [[3126.99, 157.264], [3126.98, 1.089], [3126.97, 5.123], [3126.96, 0.015], [3126.95, 0.038], [3126.94, 0.016], [3126.93, 1.287], [3126.92, 0.029], [3126.91, 0.035], [3126.9, 0.073], [3126.89, 0.29], [3126.88, 0.292], [3126.87, 24.267], [3126.86, 31.49], [3126.85, 1.673], [3126.84, 0.009], [3126.83, 32.356], [3126.82, 30.03], [3126.81, 31.9], [3126.8, 0.06]], "asks": [[3127.0, 8.633], [3127.01, 1.068], [3127.02, 8.496], [3127.03, 0.503], [3127.04, 0.016], [3127.05, 0.96], [3127.06, 0.054], [3127.07, 0.02], [3127.08, 0.336], [3127.09, 0.16], [3127.1, 0.423], [3127.11, 29.268], [3127.12, 0.027], [3127.13, 0.202], [3127.14, 16.311], [3127.15, 0.915], [3127.16, 0.492], [3127.17, 0.03], [3127.19, 0.051], [3127.2, 6.831]], "timestamp": "2025-12-13T10:28:39.009976+00:00"}, {"symbol": "ETHUSDT", "bids": [[3126.81, 39.769], [3126.8, 14.726], [3126.79, 0.007], [3126.78, 11.544], [3126.77, 1.502], [3126.76, 0.054], [3126.75, 0.023], [3126.74, 0.014], [3126.73, 0.022], [3126.72, 0.053], [3126.71, 0.029], [3126.69, 0.016], [3126.68, 0.074], [3126.67, 0.022], [3126.66, 0.007], [3126.65, 0.016], [3126.64, 1.94], [3126.63, 0.425], [3126.62, 1.596], [3126.61, 0.107]], "asks": [[3126.82, 136.098], [3126.83, 0.014], [3126.84, 0.356], [3126.85, 21.158], [3126.86, 0.007], [3126.87, 1.733], [3126.89, 0.046], [3126.9, 0.71], [3126.92, 0.016], [3126.93, 0.058], [3126.94, 0.009], [3126.95, 0.027], [3126.96, 1.287], [3126.97, 0.069], [3126.98, 3.044], [3126.99, 0.007], [3127.0, 28.845], [3127.01, 0.746], [3127.02, 109.891], [3127.03, 0.87]], "timestamp": "2025-12-13T10:29:32.361047+00:00"}, {"symbol": "ETHUSDT", "bids": [[3126.5, 951.03], [3126.49, 6.508], [3126.48, 35.917], [3126.47, 0.041], [3126.46, 0.424], [3126.45, 1.747], [3126.44, 0.616], [3126.43, 1.347], [3126.42, 0.366], [3126.41, 0.007], [3126.4, 1.044], [3126.39, 0.881], [3126.38, 3.304], [3126.37, 1.906], [3126.36, 1.543], [3126.35, 0.007], [3126.34, 2.63], [3126.33, 1.038], [3126.32, 0.016], [3126.31, 1.319]], "asks": [[3126.51, 33.75], [3126.52, 30.599], [3126.53, 0.007], [3126.54, 0.007], [3126.56, 0.054], [3126.57, 0.022], [3126.59, 0.309], [3126.6, 0.14], [3126.61, 0.016], [3126.62, 1.459], [3126.63, 0.969], [3126.64, 1.019], [3126.65, 0.045], [3126.67, 0.751], [3126.68, 2.087], [3126.69, 0.703], [3126.7, 1.052], [3126.71, 1.316], [3126.72, 0.01], [3126.73, 0.052]], "timestamp": "2025-12-13T10:30:26.696982+00:00"}, {"symbol": "ETHUSDT", "bids": [[3126.57, 48.22], [3126.56, 1.224], [3126.55, 0.117], [3126.54, 0.327], [3126.53, 0.016], [3126.52, 1.287], [3126.51, 1.699], [3126.5, 0.07], [3126.49, 0.007], [3126.48, 0.017], [3126.47, 0.072], [3126.46, 0.386], [3126.45, 0.099], [3126.44, 0.65], [3126.43, 0.039], [3126.42, 0.053], [3126.41, 1.296], [3126.4, 0.043], [3126.39, 0.731], [3126.38, 1.878]], "asks": [[3126.58, 172.82], [3126.59, 1.047], [3126.6, 1.021], [3126.61, 0.008], [3126.62, 0.067], [3126.63, 0.055], [3126.64, 0.014], [3126.65, 0.076], [3126.66, 0.088], [3126.67, 0.134], [3126.68, 1.303], [3126.69, 0.009], [3126.7, 2.327], [3126.71, 0.692], [3126.72, 19.468], [3126.73, 24.571], [3126.74, 19.288], [3126.75, 1.378], [3126.76, 1.295], [3126.77, 0.437]], "timestamp": "2025-12-13T10:31:22.815737+00:00"}, {"symbol": "ETHUSDT", "bids": [[3128.61, 2.463], [3128.6, 0.277], [3128.59, 0.038], [3128.58, 0.008], [3128.56, 0.009], [3128.55, 0.007], [3128.54, 0.009], [3128.53, 0.032], [3128.52, 0.045], [3128.51, 0.02], [3128.5, 0.02], [3128.48, 0.038], [3128.47, 0.845], [3128.45, 2.741], [3128.44, 0.03], [3128.43, 0.013], [3128.42, 0.051], [3128.41, 0.026], [3128.4, 0.618], [3128.39, 0.014]], "asks": [[3128.62, 100.134], [3128.63, 0.044], [3128.64, 4.196], [3128.65, 67.045], [3128.66, 399.805], [3128.67, 0.061], [3128.68, 0.364], [3128.69, 0.135], [3128.7, 1.008], [3128.71, 0.06], [3128.72, 0.102], [3128.73, 2.526], [3128.74, 3.229], [3128.75, 0.423], [3128.76, 0.015], [3128.77, 2.922], [3128.78, 0.007], [3128.79, 2.032], [3128.8, 14.738], [3128.81, 1.353]], "timestamp": "2025-12-13T10:32:17.124556+00:00"}, {"symbol": "ETHUSDT", "bids": [[3128.22, 68.586], [3128.21, 0.16], [3128.2, 1.752], [3128.19, 1.307], [3128.18, 0.186], [3128.17, 1.0], [3128.16, 6.382], [3128.15, 0.042], [3128.14, 0.058], [3128.13, 0.36], [3128.12, 0.42], [3128.11, 0.548], [3128.1, 0.425], [3128.09, 0.007], [3128.08, 3.182], [3128.07, 0.666], [3128.06, 0.046], [3128.05, 0.374], [3128.04, 0.189], [3128.03, 0.657]], "asks": [[3128.23, 149.076], [3128.24, 0.154], [3128.25, 0.007], [3128.27, 0.15], [3128.28, 1.074], [3128.29, 0.03], [3128.3, 9.36], [3128.31, 0.172], [3128.32, 1.477], [3128.33, 0.073], [3128.34, 0.013], [3128.35, 0.36], [3128.36, 0.055], [3128.37, 0.022], [3128.38, 0.32], [3128.39, 26.389], [3128.4, 0.868], [3128.41, 0.009], [3128.42, 0.042], [3128.43, 0.99]], "timestamp": "2025-12-13T10:33:11.618048+00:00"}, {"symbol": "ETHUSDT", "bids": [[3129.49, 143.744], [3129.48, 1.249], [3129.47, 2.099], [3129.46, 1.404], [3129.45, 0.014], [3129.44, 0.024], [3129.43, 0.052], [3129.42, 1.299], [3129.41, 0.111], [3129.4, 0.048], [3129.39, 0.045], [3129.38, 0.016], [3129.37, 0.113], [3129.36, 0.016], [3129.35, 0.2], [3129.34, 0.182], [3129.33, 1.357], [3129.32, 4.512], [3129.31, 0.007], [3129.3, 0.051]], "asks": [[3129.5, 27.535], [3129.51, 0.207], [3129.52, 0.337], [3129.53, 0.271], [3129.54, 0.213], [3129.55, 0.823], [3129.56, 0.67], [3129.57, 2.287], [3129.58, 2.804], [3129.59, 0.088], [3129.6, 0.303], [3129.61, 0.749], [3129.62, 0.027], [3129.64, 0.013], [3129.65, 0.703], [3129.66, 0.007], [3129.67, 3.964], [3129.68, 0.016], [3129.69, 0.061], [3129.7, 0.795]], "timestamp": "2025-12-13T10:34:05.773182+00:00"}, {"symbol": "ETHUSDT", "bids": [[3128.29, 170.545], [3128.28, 0.188], [3128.25, 0.699], [3128.24, 0.016], [3128.22, 0.348], [3128.21, 0.045], [3128.2, 0.054], [3128.19, 0.328], [3128.18, 6.643], [3128.17, 35.8], [3128.16, 0.007], [3128.15, 0.655], [3128.14, 0.123], [3128.13, 0.013], [3128.12, 0.096], [3128.11, 0.052], [3128.1, 1.33], [3128.09, 0.1], [3128.08, 2.049], [3128.07, 0.542]], "asks": [[3128.3, 41.11], [3128.31, 0.816], [3128.32, 0.009], [3128.33, 0.009], [3128.34, 0.02], [3128.35, 0.023], [3128.36, 0.054], [3128.37, 0.02], [3128.38, 0.326], [3128.39, 0.029], [3128.4, 0.077], [3128.41, 0.007], [3128.42, 0.022], [3128.45, 0.074], [3128.46, 0.007], [3128.47, 0.093], [3128.48, 5.488], [3128.49, 0.014], [3128.5, 3.137], [3128.51, 0.873]], "timestamp": "2025-12-13T10:35:00.249600+00:00"}, {"symbol": "ETHUSDT", "bids": [[3129.12, 71.084], [3129.11, 5.393], [3129.1, 10.843], [3129.09, 0.045], [3129.08, 0.452], [3129.06, 0.024], [3129.05, 0.066], [3129.04, 1.605], [3129.03, 0.174], [3129.02, 0.712], [3129.01, 0.057], [3129.0, 2.226], [3128.99, 0.262], [3128.98, 0.424], [3128.97, 3.227], [3128.96, 3.227], [3128.95, 0.066], [3128.94, 0.342], [3128.93, 1.393], [3128.92, 0.014]], "asks": [[3129.13, 58.206], [3129.14, 1.968], [3129.15, 0.296], [3129.16, 0.007], [3129.17, 0.687], [3129.18, 0.136], [3129.19, 24.906], [3129.2, 159.808], [3129.21, 0.106], [3129.23, 0.42], [3129.24, 0.015], [3129.25, 1.409], [3129.26, 0.058], [3129.27, 0.242], [3129.28, 0.617], [3129.29, 0.905], [3129.3, 1.071], [3129.31, 0.127], [3129.32, 1.306], [3129.33, 0.335]], "timestamp": "2025-12-13T10:35:54.727283+00:00"}, {"symbol": "ETHUSDT", "bids": [[3127.08, 84.717], [3127.07, 0.014], [3127.06, 0.009], [3127.05, 7.134], [3127.04, 0.16], [3127.02, 0.052], [3127.01, 0.405], [3127.0, 3.356], [3126.99, 0.12], [3126.98, 1.314], [3126.97, 1.123], [3126.96, 1.112], [3126.95, 0.711], [3126.94, 0.094], [3126.93, 5.542], [3126.92, 0.011], [3126.91, 1.928], [3126.9, 6.873], [3126.89, 3.117], [3126.88, 18.224]], "asks": [[3127.09, 128.163], [3127.1, 0.059], [3127.12, 0.007], [3127.14, 0.009], [3127.15, 0.117], [3127.16, 0.009], [3127.17, 0.013], [3127.19, 0.02], [3127.2, 0.088], [3127.23, 0.022], [3127.24, 0.038], [3127.25, 2.04], [3127.26, 0.109], [3127.28, 0.046], [3127.29, 5.798], [3127.3, 0.034], [3127.31, 0.051], [3127.32, 0.047], [3127.33, 19.512], [3127.34, 8.284]], "timestamp": "2025-12-13T10:36:49.323719+00:00"}, {"symbol": "ETHUSDT", "bids": [[3125.99, 144.574], [3125.98, 0.021], [3125.96, 0.007], [3125.95, 0.038], [3125.94, 0.655], [3125.92, 0.06], [3125.91, 0.316], [3125.9, 0.169], [3125.89, 1.327], [3125.88, 1.296], [3125.87, 0.095], [3125.86, 0.016], [3125.85, 6.544], [3125.84, 30.074], [3125.83, 0.645], [3125.82, 0.72], [3125.81, 0.04], [3125.8, 2.208], [3125.79, 0.669], [3125.78, 0.08]], "asks": [[3126.0, 17.923], [3126.01, 0.014], [3126.03, 0.016], [3126.04, 0.045], [3126.05, 0.089], [3126.06, 0.102], [3126.07, 0.009], [3126.08, 0.045], [3126.09, 0.007], [3126.1, 0.019], [3126.11, 0.007], [3126.12, 0.374], [3126.13, 0.123], [3126.14, 0.364], [3126.15, 0.524], [3126.16, 0.038], [3126.17, 1.231], [3126.18, 4.615], [3126.19, 0.009], [3126.2, 0.505]], "timestamp": "2025-12-13T10:37:43.477769+00:00"}, {"symbol": "ETHUSDT", "bids": [[3126.44, 120.993], [3126.43, 45.485], [3126.42, 30.0], [3126.41, 31.301], [3126.4, 0.782], [3126.39, 0.206], [3126.38, 0.016], [3126.37, 0.016], [3126.35, 0.662], [3126.33, 0.356], [3126.32, 0.047], [3126.3, 20.063], [3126.29, 34.358], [3126.28, 0.361], [3126.27, 0.029], [3126.26, 0.023], [3126.25, 0.02], [3126.24, 0.062], [3126.23, 0.01], [3126.22, 0.995]], "asks": [[3126.45, 28.17], [3126.46, 0.154], [3126.47, 0.172], [3126.48, 0.024], [3126.49, 0.038], [3126.5, 0.419], [3126.51, 0.847], [3126.52, 0.007], [3126.53, 0.218], [3126.54, 0.016], [3126.55, 0.01], [3126.56, 0.038], [3126.57, 0.054], [3126.58, 0.18], [3126.59, 1.361], [3126.6, 2.281], [3126.61, 0.707], [3126.62, 0.327], [3126.63, 0.007], [3126.64, 0.354]], "timestamp": "2025-12-13T10:38:37.545416+00:00"}, {"symbol": "ETHUSDT", "bids": [[3126.08, 78.56], [3126.07, 51.805], [3126.06, 30.0], [3126.05, 30.016], [3126.04, 31.946], [3126.03, 1.836], [3126.02, 0.016], [3126.01, 0.182], [3126.0, 16.938], [3125.99, 0.103], [3125.98, 0.898], [3125.97, 0.653], [3125.96, 0.361], [3125.95, 0.457], [3125.94, 0.499], [3125.93, 0.063], [3125.92, 1.288], [3125.91, 1.227], [3125.9, 0.202], [3125.89, 1.952]], "asks": [[3126.09, 46.428], [3126.1, 0.125], [3126.12, 0.007], [3126.14, 0.016], [3126.15, 0.096], [3126.16, 0.009], [3126.17, 0.02], [3126.19, 0.047], [3126.2, 0.02], [3126.21, 0.045], [3126.23, 0.029], [3126.24, 0.046], [3126.25, 0.007], [3126.26, 0.036], [3126.27, 0.159], [3126.28, 0.007], [3126.29, 0.029], [3126.3, 2.16], [3126.31, 0.02], [3126.32, 0.286]], "timestamp": "2025-12-13T10:39:31.305926+00:00"}, {"symbol": "ETHUSDT", "bids": [[3128.17, 55.885], [3128.16, 5.119], [3128.14, 0.007], [3128.12, 0.047], [3128.1, 0.456], [3128.09, 0.022], [3128.08, 4.174], [3128.07, 5.313], [3128.06, 0.013], [3128.05, 3.708], [3128.04, 0.949], [3128.03, 3.376], [3128.02, 1.333], [3128.01, 5.406], [3128.0, 17.398], [3127.99, 30.982], [3127.98, 30.0], [3127.97, 0.038], [3127.96, 0.02], [3127.95, 1.378]], "asks": [[3128.18, 64.824], [3128.19, 1.471], [3128.2, 0.019], [3128.21, 0.877], [3128.22, 1.13], [3128.23, 0.783], [3128.24, 0.162], [3128.25, 0.052], [3128.26, 1.458], [3128.27, 0.265], [3128.28, 0.127], [3128.29, 0.023], [3128.3, 2.952], [3128.31, 0.373], [3128.32, 0.06], [3128.33, 2.086], [3128.34, 0.188], [3128.35, 1.364], [3128.36, 0.038], [3128.37, 0.149]], "timestamp": "2025-12-13T10:40:25.200454+00:00"}, {"symbol": "ETHUSDT", "bids": [[3129.49, 44.318], [3129.48, 3.155], [3129.47, 9.48], [3129.46, 0.048], [3129.45, 0.014], [3129.44, 0.016], [3129.43, 0.009], [3129.42, 0.075], [3129.41, 0.007], [3129.4, 0.769], [3129.39, 0.02], [3129.38, 0.007], [3129.37, 0.077], [3129.36, 0.007], [3129.35, 0.024], [3129.34, 0.111], [3129.33, 0.933], [3129.31, 0.007], [3129.3, 0.383], [3129.29, 0.612]], "asks": [[3129.5, 82.827], [3129.51, 2.363], [3129.52, 0.918], [3129.53, 1.279], [3129.54, 0.596], [3129.55, 0.11], [3129.56, 0.229], [3129.57, 0.007], [3129.58, 1.245], [3129.59, 0.013], [3129.6, 2.46], [3129.61, 1.296], [3129.62, 7.679], [3129.63, 0.656], [3129.64, 0.013], [3129.65, 2.271], [3129.66, 4.236], [3129.67, 0.243], [3129.68, 0.018], [3129.69, 8.593]], "timestamp": "2025-12-13T10:41:18.934071+00:00"}, {"symbol": "ETHUSDT", "bids": [[3132.93, 28.679], [3132.92, 8.752], [3132.91, 0.367], [3132.9, 0.021], [3132.89, 10.013], [3132.88, 0.054], [3132.87, 0.029], [3132.85, 0.029], [3132.84, 0.06], [3132.83, 0.346], [3132.82, 0.233], [3132.81, 0.382], [3132.8, 0.768], [3132.79, 0.058], [3132.78, 22.796], [3132.77, 120.095], [3132.76, 0.037], [3132.75, 1.205], [3132.74, 0.007], [3132.73, 0.736]], "asks": [[3132.94, 233.984], [3132.95, 0.039], [3132.97, 0.038], [3132.99, 0.009], [3133.0, 0.037], [3133.01, 0.648], [3133.02, 0.013], [3133.03, 1.12], [3133.04, 1.661], [3133.05, 0.658], [3133.06, 0.159], [3133.07, 0.067], [3133.08, 2.107], [3133.09, 1.958], [3133.1, 1.342], [3133.11, 0.02], [3133.12, 0.111], [3133.13, 0.635], [3133.14, 2.749], [3133.15, 1.749]], "timestamp": "2025-12-13T10:42:12.587813+00:00"}, {"symbol": "ETHUSDT", "bids": [[3132.71, 60.65], [3132.7, 0.015], [3132.69, 0.018], [3132.68, 0.007], [3132.67, 0.007], [3132.66, 1.352], [3132.65, 1.71], [3132.64, 1.394], [3132.63, 0.096], [3132.62, 0.061], [3132.61, 1.286], [3132.6, 0.262], [3132.59, 0.365], [3132.58, 0.061], [3132.56, 0.013], [3132.55, 0.009], [3132.54, 0.051], [3132.53, 1.589], [3132.52, 1.32], [3132.51, 0.241]], "asks": [[3132.72, 170.307], [3132.73, 0.179], [3132.75, 0.513], [3132.76, 0.046], [3132.77, 1.861], [3132.78, 0.319], [3132.79, 0.338], [3132.8, 2.046], [3132.81, 0.319], [3132.82, 0.64], [3132.83, 0.982], [3132.84, 0.038], [3132.85, 0.116], [3132.86, 0.022], [3132.88, 0.022], [3132.89, 1.905], [3132.9, 1.388], [3132.91, 0.075], [3132.92, 0.703], [3132.93, 0.013]], "timestamp": "2025-12-13T10:43:06.246087+00:00"}, {"symbol": "ETHUSDT", "bids": [[3131.55, 32.225], [3131.54, 0.413], [3131.53, 2.84], [3131.52, 0.054], [3131.51, 0.016], [3131.49, 0.009], [3131.48, 0.054], [3131.47, 0.013], [3131.46, 0.019], [3131.45, 0.007], [3131.44, 0.047], [3131.43, 0.013], [3131.42, 0.784], [3131.41, 0.099], [3131.4, 0.095], [3131.39, 0.16], [3131.38, 0.022], [3131.37, 0.562], [3131.36, 0.669], [3131.35, 0.431]], "asks": [[3131.56, 68.744], [3131.57, 0.154], [3131.58, 1.292], [3131.59, 0.038], [3131.6, 0.374], [3131.61, 0.007], [3131.62, 0.009], [3131.63, 1.929], [3131.64, 1.187], [3131.65, 0.427], [3131.66, 3.525], [3131.67, 3.296], [3131.68, 0.038], [3131.69, 0.022], [3131.7, 0.347], [3131.72, 7.936], [3131.73, 1.531], [3131.74, 0.996], [3131.75, 19.18], [3131.76, 19.273]], "timestamp": "2025-12-13T10:44:00.621276+00:00"}, {"symbol": "ETHUSDT", "bids": [[3131.27, 231.108], [3131.26, 4.319], [3131.25, 0.014], [3131.23, 0.007], [3131.22, 0.047], [3131.21, 0.109], [3131.2, 0.007], [3131.19, 6.967], [3131.18, 1.339], [3131.17, 2.37], [3131.16, 0.27], [3131.15, 0.553], [3131.14, 0.045], [3131.13, 0.168], [3131.12, 0.739], [3131.11, 0.023], [3131.1, 3.996], [3131.09, 0.082], [3131.08, 0.029], [3131.06, 0.016]], "asks": [[3131.28, 18.267], [3131.29, 0.937], [3131.3, 0.064], [3131.31, 0.967], [3131.32, 1.929], [3131.33, 0.327], [3131.34, 0.054], [3131.35, 0.016], [3131.36, 0.094], [3131.37, 1.081], [3131.38, 0.023], [3131.39, 0.067], [3131.4, 1.289], [3131.41, 0.027], [3131.42, 0.984], [3131.43, 8.361], [3131.44, 0.157], [3131.45, 0.424], [3131.46, 0.188], [3131.47, 0.058]], "timestamp": "2025-12-13T10:44:55.815826+00:00"}, {"symbol": "ETHUSDT", "bids": [[3129.51, 124.292], [3129.5, 2.392], [3129.48, 0.038], [3129.47, 1.279], [3129.46, 0.009], [3129.45, 0.014], [3129.44, 0.141], [3129.43, 0.117], [3129.42, 0.183], [3129.41, 7.048], [3129.4, 0.827], [3129.39, 2.567], [3129.38, 0.029], [3129.36, 0.357], [3129.35, 0.029], [3129.34, 0.1], [3129.33, 0.328], [3129.32, 0.052], [3129.31, 2.416], [3129.3, 0.272]], "asks": [[3129.52, 20.372], [3129.53, 0.007], [3129.54, 1.365], [3129.55, 0.007], [3129.56, 0.231], [3129.57, 0.026], [3129.58, 0.007], [3129.59, 0.014], [3129.6, 0.154], [3129.61, 1.604], [3129.62, 4.766], [3129.63, 0.109], [3129.64, 0.047], [3129.65, 0.007], [3129.66, 0.038], [3129.67, 0.438], [3129.68, 0.048], [3129.69, 0.425], [3129.7, 0.753], [3129.71, 0.045]], "timestamp": "2025-12-13T10:45:50.403800+00:00"}, {"symbol": "ETHUSDT", "bids": [[3128.82, 81.439], [3128.81, 4.098], [3128.8, 0.063], [3128.78, 0.127], [3128.77, 1.13], [3128.76, 0.021], [3128.75, 0.023], [3128.74, 0.315], [3128.73, 1.301], [3128.72, 0.109], [3128.71, 1.761], [3128.7, 1.0], [3128.69, 0.077], [3128.68, 0.23], [3128.67, 0.029], [3128.66, 0.703], [3128.65, 7.041], [3128.64, 2.116], [3128.63, 0.338], [3128.62, 0.155]], "asks": [[3128.83, 91.81], [3128.84, 0.014], [3128.85, 0.014], [3128.87, 0.007], [3128.88, 0.009], [3128.9, 0.141], [3128.91, 0.013], [3128.93, 0.037], [3128.94, 3.179], [3128.95, 19.889], [3128.96, 1.325], [3128.97, 1.778], [3128.98, 0.009], [3129.0, 0.379], [3129.01, 0.009], [3129.02, 0.678], [3129.03, 1.292], [3129.04, 0.016], [3129.05, 0.419], [3129.06, 0.491]], "timestamp": "2025-12-13T10:46:44.403323+00:00"}, {"symbol": "ETHUSDT", "bids": [[3129.49, 278.233], [3129.48, 47.2], [3129.47, 30.668], [3129.46, 30.045], [3129.45, 0.028], [3129.44, 30.016], [3129.43, 1.32], [3129.42, 0.226], [3129.41, 0.028], [3129.4, 0.016], [3129.38, 0.022], [3129.36, 0.067], [3129.35, 1.301], [3129.33, 0.348], [3129.32, 0.704], [3129.31, 0.009], [3129.3, 0.058], [3129.29, 0.422], [3129.28, 0.064], [3129.27, 0.016]], "asks": [[3129.5, 70.873], [3129.51, 0.147], [3129.52, 1.076], [3129.53, 0.009], [3129.54, 0.21], [3129.55, 0.026], [3129.56, 0.284], [3129.57, 0.087], [3129.58, 0.105], [3129.6, 0.375], [3129.61, 0.066], [3129.62, 0.073], [3129.63, 1.903], [3129.64, 0.013], [3129.65, 0.007], [3129.66, 5.03], [3129.67, 0.364], [3129.68, 0.334], [3129.69, 0.565], [3129.7, 0.371]], "timestamp": "2025-12-13T10:47:39.043087+00:00"}, {"symbol": "ETHUSDT", "bids": [[3130.42, 57.199], [3130.41, 0.474], [3130.4, 0.015], [3130.39, 1.154], [3130.38, 1.575], [3130.37, 0.016], [3130.36, 1.285], [3130.35, 0.014], [3130.34, 0.037], [3130.33, 0.034], [3130.32, 1.315], [3130.31, 0.269], [3130.3, 0.337], [3130.29, 1.285], [3130.28, 0.096], [3130.27, 0.123], [3130.26, 2.46], [3130.25, 0.036], [3130.24, 0.845], [3130.23, 5.781]], "asks": [[3130.43, 140.978], [3130.44, 0.014], [3130.46, 0.339], [3130.47, 0.638], [3130.48, 0.009], [3130.49, 0.038], [3130.5, 0.397], [3130.51, 0.107], [3130.53, 0.197], [3130.54, 0.074], [3130.55, 0.408], [3130.56, 4.8], [3130.57, 0.051], [3130.59, 0.009], [3130.6, 0.027], [3130.62, 1.657], [3130.63, 19.155], [3130.64, 0.026], [3130.65, 0.701], [3130.66, 0.242]], "timestamp": "2025-12-13T10:48:33.827588+00:00"}, {"symbol": "ETHUSDT", "bids": [[3130.52, 211.489], [3130.51, 46.409], [3130.5, 30.187], [3130.49, 30.0], [3130.48, 21.419], [3130.47, 30.492], [3130.46, 0.582], [3130.45, 0.759], [3130.44, 1.651], [3130.43, 0.08], [3130.42, 1.307], [3130.41, 1.338], [3130.4, 1.89], [3130.39, 4.002], [3130.38, 0.016], [3130.37, 0.447], [3130.36, 1.324], [3130.35, 0.014], [3130.34, 0.274], [3130.33, 0.733]], "asks": [[3130.53, 0.18], [3130.54, 0.022], [3130.55, 0.009], [3130.56, 0.413], [3130.57, 0.193], [3130.58, 0.009], [3130.6, 0.007], [3130.61, 0.029], [3130.62, 0.047], [3130.64, 0.009], [3130.65, 0.027], [3130.66, 0.118], [3130.67, 0.019], [3130.68, 1.271], [3130.7, 10.029], [3130.71, 0.057], [3130.73, 0.03], [3130.74, 0.007], [3130.75, 0.389], [3130.76, 0.022]], "timestamp": "2025-12-13T10:49:27.113586+00:00"}, {"symbol": "ETHUSDT", "bids": [[3130.99, 38.558], [3130.98, 2.904], [3130.97, 10.084], [3130.95, 1.126], [3130.94, 0.009], [3130.93, 1.285], [3130.92, 0.029], [3130.91, 0.038], [3130.9, 0.094], [3130.89, 0.827], [3130.88, 6.712], [3130.87, 0.007], [3130.86, 0.007], [3130.85, 1.347], [3130.84, 0.045], [3130.83, 9.377], [3130.82, 4.138], [3130.81, 0.521], [3130.8, 1.089], [3130.79, 1.67]], "asks": [[3131.0, 92.798], [3131.01, 0.673], [3131.02, 1.816], [3131.03, 0.219], [3131.04, 0.038], [3131.05, 0.441], [3131.06, 0.009], [3131.07, 2.036], [3131.08, 0.336], [3131.09, 0.143], [3131.1, 8.621], [3131.11, 0.016], [3131.12, 0.652], [3131.13, 0.007], [3131.14, 0.241], [3131.15, 2.579], [3131.16, 1.303], [3131.17, 0.197], [3131.18, 0.109], [3131.19, 0.205]], "timestamp": "2025-12-13T10:50:21.041909+00:00"}