[{"id": "2667029014", "price": 3111.87, "amount": 0.054, "side": "buy", "timestamp": 1765669346620}, {"id": "2667029015", "price": 3111.87, "amount": 0.001, "side": "buy", "timestamp": 1765669346991}, {"id": "2667029016", "price": 3111.87, "amount": 0.017, "side": "buy", "timestamp": 1765669347501}, {"id": "2667029017", "price": 3111.87, "amount": 0.008, "side": "buy", "timestamp": 1765669348685}, {"id": "2667029018", "price": 3111.87, "amount": 7.841, "side": "buy", "timestamp": 1765669348870}, {"id": "2667029019", "price": 3111.86, "amount": 0.904, "side": "sell", "timestamp": 1765669349467}, {"id": "2667029020", "price": 3111.85, "amount": 1.176, "side": "sell", "timestamp": 1765669349548}, {"id": "2667029021", "price": 3111.84, "amount": 0.016, "side": "sell", "timestamp": 1765669349620}, {"id": "2667029022", "price": 3111.85, "amount": 0.011, "side": "buy", "timestamp": 1765669349998}, {"id": "2667029023", "price": 3111.85, "amount": 0.008, "side": "buy", "timestamp": 1765669350777}, {"id": "2667029024", "price": 3111.84, "amount": 0.518, "side": "sell", "timestamp": 1765669351258}, {"id": "2667029025", "price": 3111.83, "amount": 0.052, "side": "sell", "timestamp": 1765669351258}, {"id": "2667029026", "price": 3111.82, "amount": 0.018, "side": "sell", "timestamp": 1765669351258}, {"id": "2667029027", "price": 3111.81, "amount": 0.697, "side": "sell", "timestamp": 1765669351258}, {"id": "2667029028", "price": 3111.82, "amount": 0.071, "side": "buy", "timestamp": 1765669353653}, {"id": "2667029029", "price": 3111.81, "amount": 0.469, "side": "sell", "timestamp": 1765669355886}, {"id": "2667029030", "price": 3111.82, "amount": 6.403, "side": "buy", "timestamp": 1765669356045}, {"id": "2667029031", "price": 3111.81, "amount": 0.012, "side": "sell", "timestamp": 1765669356887}, {"id": "2667029032", "price": 3111.82, "amount": 0.595, "side": "buy", "timestamp": 1765669357109}, {"id": "2667029033", "price": 3111.82, "amount": 0.032, "side": "buy", "timestamp": 1765669357458}, {"id": "2667029034", "price": 3111.81, "amount": 0.1, "side": "sell", "timestamp": 1765669357598}, {"id": "2667029035", "price": 3111.82, "amount": 6.159, "side": "buy", "timestamp": 1765669358153}, {"id": "2667029036", "price": 3111.83, "amount": 0.029, "side": "buy", "timestamp": 1765669358190}, {"id": "2667029037", "price": 3111.84, "amount": 0.735, "side": "buy", "timestamp": 1765669358191}, {"id": "2667029038", "price": 3111.85, "amount": 0.24, "side": "buy", "timestamp": 1765669358199}, {"id": "2667029039", "price": 3111.86, "amount": 0.197, "side": "buy", "timestamp": 1765669358891}, {"id": "2667029040", "price": 3111.85, "amount": 0.119, "side": "sell", "timestamp": 1765669359068}, {"id": "2667029041", "price": 3111.86, "amount": 0.007, "side": "buy", "timestamp": 1765669359220}, {"id": "2667029042", "price": 3111.86, "amount": 0.286, "side": "buy", "timestamp": 1765669360120}, {"id": "2667029043", "price": 3111.86, "amount": 1.736, "side": "buy", "timestamp": 1765669360368}, {"id": "2667029044", "price": 3111.87, "amount": 1.16, "side": "buy", "timestamp": 1765669360368}, {"id": "2667029045", "price": 3111.89, "amount": 0.298, "side": "buy", "timestamp": 1765669360368}, {"id": "2667029046", "price": 3111.9, "amount": 0.775, "side": "buy", "timestamp": 1765669360368}, {"id": "2667029047", "price": 3111.92, "amount": 0.047, "side": "buy", "timestamp": 1765669360368}, {"id": "2667029048", "price": 3111.94, "amount": 0.022, "side": "buy", "timestamp": 1765669360368}, {"id": "2667029049", "price": 3111.96, "amount": 0.335, "side": "buy", "timestamp": 1765669360376}, {"id": "2667029050", "price": 3111.97, "amount": 0.045, "side": "buy", "timestamp": 1765669360376}, {"id": "2667029051", "price": 3111.98, "amount": 0.02, "side": "buy", "timestamp": 1765669360376}, {"id": "2667029052", "price": 3111.99, "amount": 0.016, "side": "buy", "timestamp": 1765669360376}, {"id": "2667029053", "price": 3112.0, "amount": 0.009, "side": "buy", "timestamp": 1765669360376}, {"id": "2667029054", "price": 3112.01, "amount": 3.054, "side": "buy", "timestamp": 1765669360379}, {"id": "2667029055", "price": 3112.0, "amount": 1.023, "side": "sell", "timestamp": 1765669360480}, {"id": "2667029056", "price": 3112.0, "amount": 0.01, "side": "sell", "timestamp": 1765669362166}, {"id": "2667029057", "price": 3112.0, "amount": 10.0, "side": "sell", "timestamp": 1765669363860}, {"id": "2667029058", "price": 3112.01, "amount": 0.017, "side": "buy", "timestamp": 1765669366360}, {"id": "2667029059", "price": 3112.0, "amount": 0.228, "side": "sell", "timestamp": 1765669366521}, {"id": "2667029060", "price": 3112.01, "amount": 0.001, "side": "buy", "timestamp": 1765669367209}, {"id": "2667029061", "price": 3112.0, "amount": 0.209, "side": "sell", "timestamp": 1765669367974}, {"id": "2667029062", "price": 3112.0, "amount": 0.312, "side": "sell", "timestamp": 1765669369888}, {"id": "2667029063", "price": 3112.01, "amount": 0.007, "side": "buy", "timestamp": 1765669371920}, {"id": "2667029138", "price": 3112.36, "amount": 0.036, "side": "buy", "timestamp": 1765669400068}, {"id": "2667029139", "price": 3112.35, "amount": 0.007, "side": "sell", "timestamp": 1765669400409}, {"id": "2667029140", "price": 3112.36, "amount": 0.001, "side": "buy", "timestamp": 1765669401475}, {"id": "2667029141", "price": 3112.35, "amount": 0.074, "side": "sell", "timestamp": 1765669402478}, {"id": "2667029142", "price": 3112.36, "amount": 0.001, "side": "buy", "timestamp": 1765669403194}, {"id": "2667029143", "price": 3112.36, "amount": 0.556, "side": "buy", "timestamp": 1765669404177}, {"id": "2667029144", "price": 3112.36, "amount": 0.112, "side": "buy", "timestamp": 1765669404715}, {"id": "2667029145", "price": 3112.36, "amount": 0.096, "side": "buy", "timestamp": 1765669404913}, {"id": "2667029146", "price": 3112.36, "amount": 3.933, "side": "buy", "timestamp": 1765669405565}, {"id": "2667029147", "price": 3112.36, "amount": 0.001, "side": "buy", "timestamp": 1765669405785}, {"id": "2667029148", "price": 3112.36, "amount": 0.024, "side": "buy", "timestamp": 1765669405943}, {"id": "2667029149", "price": 3112.35, "amount": 0.009, "side": "sell", "timestamp": 1765669407496}, {"id": "2667029150", "price": 3112.35, "amount": 0.433, "side": "sell", "timestamp": 1765669407671}, {"id": "2667029151", "price": 3112.36, "amount": 0.984, "side": "buy", "timestamp": 1765669408154}, {"id": "2667029152", "price": 3112.36, "amount": 0.222, "side": "buy", "timestamp": 1765669409052}, {"id": "2667029153", "price": 3112.36, "amount": 0.828, "side": "buy", "timestamp": 1765669409663}, {"id": "2667029154", "price": 3112.36, "amount": 0.263, "side": "buy", "timestamp": 1765669409773}, {"id": "2667029155", "price": 3112.36, "amount": 0.144, "side": "buy", "timestamp": 1765669409946}, {"id": "2667029156", "price": 3112.36, "amount": 0.085, "side": "buy", "timestamp": 1765669410237}, {"id": "2667029157", "price": 3112.36, "amount": 12.693, "side": "buy", "timestamp": 1765669410570}, {"id": "2667029158", "price": 3112.36, "amount": 0.16, "side": "buy", "timestamp": 1765669411184}, {"id": "2667029159", "price": 3112.36, "amount": 6.425, "side": "buy", "timestamp": 1765669411367}, {"id": "2667029160", "price": 3112.36, "amount": 0.008, "side": "buy", "timestamp": 1765669411626}, {"id": "2667029161", "price": 3112.36, "amount": 0.309, "side": "buy", "timestamp": 1765669413892}, {"id": "2667029162", "price": 3112.36, "amount": 0.089, "side": "buy", "timestamp": 1765669414709}, {"id": "2667029163", "price": 3112.36, "amount": 0.102, "side": "buy", "timestamp": 1765669414888}, {"id": "2667029164", "price": 3112.36, "amount": 0.85, "side": "buy", "timestamp": 1765669415036}, {"id": "2667029165", "price": 3112.35, "amount": 1.761, "side": "sell", "timestamp": 1765669415283}, {"id": "2667029166", "price": 3112.36, "amount": 1.848, "side": "buy", "timestamp": 1765669415428}, {"id": "2667029167", "price": 3112.36, "amount": 0.133, "side": "buy", "timestamp": 1765669416020}, {"id": "2667029168", "price": 3112.36, "amount": 0.007, "side": "buy", "timestamp": 1765669416310}, {"id": "2667029169", "price": 3112.35, "amount": 0.032, "side": "sell", "timestamp": 1765669417141}, {"id": "2667029170", "price": 3112.35, "amount": 0.032, "side": "sell", "timestamp": 1765669417260}, {"id": "2667029171", "price": 3112.36, "amount": 0.312, "side": "buy", "timestamp": 1765669417607}, {"id": "2667029172", "price": 3112.35, "amount": 0.032, "side": "sell", "timestamp": 1765669417808}, {"id": "2667029173", "price": 3112.35, "amount": 0.516, "side": "sell", "timestamp": 1765669418643}, {"id": "2667029174", "price": 3112.35, "amount": 2.5, "side": "sell", "timestamp": 1765669419611}, {"id": "2667029175", "price": 3112.36, "amount": 0.198, "side": "buy", "timestamp": 1765669419802}, {"id": "2667029176", "price": 3112.36, "amount": 0.115, "side": "buy", "timestamp": 1765669419921}, {"id": "2667029177", "price": 3112.36, "amount": 0.01, "side": "buy", "timestamp": 1765669420236}, {"id": "2667029178", "price": 3112.35, "amount": 3.213, "side": "sell", "timestamp": 1765669420495}, {"id": "2667029179", "price": 3112.36, "amount": 0.029, "side": "buy", "timestamp": 1765669420712}, {"id": "2667029180", "price": 3112.35, "amount": 0.481, "side": "sell", "timestamp": 1765669420904}, {"id": "2667029181", "price": 3112.36, "amount": 0.01, "side": "buy", "timestamp": 1765669422420}, {"id": "2667029182", "price": 3112.35, "amount": 1.751, "side": "sell", "timestamp": 1765669423152}, {"id": "2667029183", "price": 3112.36, "amount": 0.009, "side": "buy", "timestamp": 1765669424240}, {"id": "2667029184", "price": 3112.35, "amount": 0.16, "side": "sell", "timestamp": 1765669424282}, {"id": "2667029185", "price": 3112.35, "amount": 0.05, "side": "sell", "timestamp": 1765669424550}, {"id": "2667029186", "price": 3112.36, "amount": 0.095, "side": "buy", "timestamp": 1765669424752}, {"id": "2667029187", "price": 3112.36, "amount": 0.102, "side": "buy", "timestamp": 1765669425078}, {"id": "2667029343", "price": 3113.13, "amount": 0.462, "side": "buy", "timestamp": 1765669474684}, {"id": "2667029344", "price": 3113.14, "amount": 0.008, "side": "buy", "timestamp": 1765669474684}, {"id": "2667029345", "price": 3113.16, "amount": 0.086, "side": "buy", "timestamp": 1765669474686}, {"id": "2667029346", "price": 3113.17, "amount": 0.038, "side": "buy", "timestamp": 1765669474686}, {"id": "2667029347", "price": 3113.18, "amount": 0.009, "side": "buy", "timestamp": 1765669474686}, {"id": "2667029348", "price": 3113.19, "amount": 1.761, "side": "buy", "timestamp": 1765669474691}, {"id": "2667029349", "price": 3113.2, "amount": 0.016, "side": "buy", "timestamp": 1765669474692}, {"id": "2667029350", "price": 3113.21, "amount": 0.009, "side": "buy", "timestamp": 1765669474693}, {"id": "2667029351", "price": 3113.22, "amount": 0.058, "side": "buy", "timestamp": 1765669474694}, {"id": "2667029352", "price": 3113.23, "amount": 0.007, "side": "buy", "timestamp": 1765669474694}, {"id": "2667029353", "price": 3113.24, "amount": 0.1, "side": "buy", "timestamp": 1765669474977}, {"id": "2667029354", "price": 3113.24, "amount": 1.324, "side": "buy", "timestamp": 1765669475289}, {"id": "2667029355", "price": 3113.25, "amount": 0.06, "side": "buy", "timestamp": 1765669475293}, {"id": "2667029356", "price": 3113.26, "amount": 0.016, "side": "buy", "timestamp": 1765669475293}, {"id": "2667029357", "price": 3113.28, "amount": 0.015, "side": "buy", "timestamp": 1765669475293}, {"id": "2667029358", "price": 3113.29, "amount": 0.054, "side": "buy", "timestamp": 1765669475293}, {"id": "2667029359", "price": 3113.31, "amount": 0.007, "side": "buy", "timestamp": 1765669475293}, {"id": "2667029360", "price": 3113.32, "amount": 0.016, "side": "buy", "timestamp": 1765669475293}, {"id": "2667029361", "price": 3113.33, "amount": 0.051, "side": "buy", "timestamp": 1765669475293}, {"id": "2667029362", "price": 3113.34, "amount": 0.016, "side": "buy", "timestamp": 1765669475293}, {"id": "2667029363", "price": 3113.35, "amount": 0.007, "side": "buy", "timestamp": 1765669475293}, {"id": "2667029364", "price": 3113.36, "amount": 0.303, "side": "buy", "timestamp": 1765669475293}, {"id": "2667029365", "price": 3113.38, "amount": 0.064, "side": "buy", "timestamp": 1765669475294}, {"id": "2667029366", "price": 3113.39, "amount": 0.02, "side": "buy", "timestamp": 1765669475294}, {"id": "2667029367", "price": 3113.4, "amount": 0.38, "side": "buy", "timestamp": 1765669475294}, {"id": "2667029368", "price": 3113.41, "amount": 0.03, "side": "buy", "timestamp": 1765669475294}, {"id": "2667029369", "price": 3113.42, "amount": 0.014, "side": "buy", "timestamp": 1765669475294}, {"id": "2667029370", "price": 3113.43, "amount": 0.332, "side": "buy", "timestamp": 1765669475294}, {"id": "2667029371", "price": 3113.44, "amount": 0.043, "side": "buy", "timestamp": 1765669475294}, {"id": "2667029372", "price": 3113.45, "amount": 0.031, "side": "buy", "timestamp": 1765669475295}, {"id": "2667029373", "price": 3113.46, "amount": 0.02, "side": "buy", "timestamp": 1765669475295}, {"id": "2667029374", "price": 3113.47, "amount": 1.083, "side": "buy", "timestamp": 1765669475295}, {"id": "2667029375", "price": 3113.48, "amount": 0.067, "side": "buy", "timestamp": 1765669475295}, {"id": "2667029376", "price": 3113.5, "amount": 0.023, "side": "buy", "timestamp": 1765669475295}, {"id": "2667029377", "price": 3113.51, "amount": 0.068, "side": "buy", "timestamp": 1765669475295}, {"id": "2667029378", "price": 3113.52, "amount": 0.048, "side": "buy", "timestamp": 1765669475295}, {"id": "2667029379", "price": 3113.53, "amount": 0.014, "side": "buy", "timestamp": 1765669475295}, {"id": "2667029380", "price": 3113.54, "amount": 0.013, "side": "buy", "timestamp": 1765669475295}, {"id": "2667029381", "price": 3113.55, "amount": 1.017, "side": "buy", "timestamp": 1765669475295}, {"id": "2667029382", "price": 3113.57, "amount": 0.484, "side": "buy", "timestamp": 1765669475295}, {"id": "2667029383", "price": 3113.58, "amount": 0.405, "side": "buy", "timestamp": 1765669475295}, {"id": "2667029384", "price": 3113.59, "amount": 0.01, "side": "buy", "timestamp": 1765669475295}, {"id": "2667029385", "price": 3113.6, "amount": 2.676, "side": "buy", "timestamp": 1765669475295}, {"id": "2667029386", "price": 3113.59, "amount": 1.908, "side": "sell", "timestamp": 1765669475345}, {"id": "2667029387", "price": 3113.6, "amount": 0.352, "side": "buy", "timestamp": 1765669476300}, {"id": "2667029388", "price": 3113.6, "amount": 0.575, "side": "buy", "timestamp": 1765669477097}, {"id": "2667029389", "price": 3113.6, "amount": 0.351, "side": "buy", "timestamp": 1765669477281}, {"id": "2667029390", "price": 3113.59, "amount": 0.01, "side": "sell", "timestamp": 1765669477388}, {"id": "2667029391", "price": 3113.6, "amount": 0.462, "side": "buy", "timestamp": 1765669477869}, {"id": "2667029392", "price": 3113.6, "amount": 0.351, "side": "buy", "timestamp": 1765669478387}, {"id": "2667029962", "price": 3115.68, "amount": 6.931, "side": "buy", "timestamp": 1765669531020}, {"id": "2667029963", "price": 3115.69, "amount": 0.902, "side": "buy", "timestamp": 1765669531020}, {"id": "2667029964", "price": 3115.7, "amount": 4.471, "side": "buy", "timestamp": 1765669531020}, {"id": "2667029965", "price": 3115.71, "amount": 12.132, "side": "buy", "timestamp": 1765669531020}, {"id": "2667029966", "price": 3115.72, "amount": 11.585, "side": "buy", "timestamp": 1765669531020}, {"id": "2667029967", "price": 3115.73, "amount": 1.887, "side": "buy", "timestamp": 1765669531020}, {"id": "2667029968", "price": 3115.74, "amount": 28.902, "side": "buy", "timestamp": 1765669531020}, {"id": "2667029969", "price": 3115.75, "amount": 2.645, "side": "buy", "timestamp": 1765669531020}, {"id": "2667029970", "price": 3115.76, "amount": 0.775, "side": "buy", "timestamp": 1765669531020}, {"id": "2667029971", "price": 3115.77, "amount": 0.628, "side": "buy", "timestamp": 1765669531020}, {"id": "2667029972", "price": 3115.78, "amount": 1.328, "side": "buy", "timestamp": 1765669531020}, {"id": "2667029973", "price": 3115.79, "amount": 2.218, "side": "buy", "timestamp": 1765669531020}, {"id": "2667029974", "price": 3115.8, "amount": 1.584, "side": "buy", "timestamp": 1765669531020}, {"id": "2667029975", "price": 3115.81, "amount": 3.797, "side": "buy", "timestamp": 1765669531020}, {"id": "2667029976", "price": 3115.82, "amount": 1.137, "side": "buy", "timestamp": 1765669531020}, {"id": "2667029977", "price": 3115.84, "amount": 0.203, "side": "buy", "timestamp": 1765669531020}, {"id": "2667029978", "price": 3115.85, "amount": 0.055, "side": "buy", "timestamp": 1765669531020}, {"id": "2667029979", "price": 3115.86, "amount": 12.964, "side": "buy", "timestamp": 1765669531020}, {"id": "2667029980", "price": 3115.87, "amount": 0.646, "side": "buy", "timestamp": 1765669531020}, {"id": "2667029981", "price": 3115.88, "amount": 14.767, "side": "buy", "timestamp": 1765669531020}, {"id": "2667029982", "price": 3115.89, "amount": 4.769, "side": "buy", "timestamp": 1765669531020}, {"id": "2667029983", "price": 3115.9, "amount": 5.53, "side": "buy", "timestamp": 1765669531020}, {"id": "2667029984", "price": 3115.91, "amount": 3.231, "side": "buy", "timestamp": 1765669531020}, {"id": "2667029985", "price": 3115.92, "amount": 1.414, "side": "buy", "timestamp": 1765669531020}, {"id": "2667029986", "price": 3115.93, "amount": 0.617, "side": "buy", "timestamp": 1765669531020}, {"id": "2667029987", "price": 3115.94, "amount": 0.009, "side": "buy", "timestamp": 1765669531020}, {"id": "2667029988", "price": 3115.95, "amount": 0.578, "side": "buy", "timestamp": 1765669531020}, {"id": "2667029989", "price": 3115.96, "amount": 9.665, "side": "buy", "timestamp": 1765669531020}, {"id": "2667029990", "price": 3115.97, "amount": 3.948, "side": "buy", "timestamp": 1765669531020}, {"id": "2667029991", "price": 3115.99, "amount": 0.047, "side": "buy", "timestamp": 1765669531020}, {"id": "2667029992", "price": 3116.0, "amount": 23.407, "side": "buy", "timestamp": 1765669531020}, {"id": "2667029993", "price": 3116.01, "amount": 0.258, "side": "buy", "timestamp": 1765669531020}, {"id": "2667029994", "price": 3116.02, "amount": 0.209, "side": "buy", "timestamp": 1765669531020}, {"id": "2667029995", "price": 3116.03, "amount": 0.223, "side": "buy", "timestamp": 1765669531020}, {"id": "2667029996", "price": 3116.04, "amount": 8.481, "side": "buy", "timestamp": 1765669531020}, {"id": "2667029997", "price": 3116.05, "amount": 2.748, "side": "buy", "timestamp": 1765669531020}, {"id": "2667029998", "price": 3116.06, "amount": 4.503, "side": "buy", "timestamp": 1765669531020}, {"id": "2667029999", "price": 3116.07, "amount": 0.28, "side": "buy", "timestamp": 1765669531020}, {"id": "2667030000", "price": 3116.08, "amount": 2.742, "side": "buy", "timestamp": 1765669531020}, {"id": "2667030001", "price": 3115.79, "amount": 0.111, "side": "buy", "timestamp": 1765669531026}, {"id": "2667030002", "price": 3115.78, "amount": 20.017, "side": "sell", "timestamp": 1765669531035}, {"id": "2667030003", "price": 3115.77, "amount": 0.007, "side": "sell", "timestamp": 1765669531054}, {"id": "2667030004", "price": 3115.75, "amount": 0.038, "side": "sell", "timestamp": 1765669531067}, {"id": "2667030005", "price": 3115.74, "amount": 2.689, "side": "buy", "timestamp": 1765669531074}, {"id": "2667030006", "price": 3115.73, "amount": 2.568, "side": "sell", "timestamp": 1765669531213}, {"id": "2667030007", "price": 3115.74, "amount": 0.412, "side": "buy", "timestamp": 1765669531283}, {"id": "2667030008", "price": 3115.74, "amount": 0.005, "side": "buy", "timestamp": 1765669531469}, {"id": "2667030009", "price": 3115.73, "amount": 0.015, "side": "sell", "timestamp": 1765669531769}, {"id": "2667030010", "price": 3115.73, "amount": 0.723, "side": "sell", "timestamp": 1765669532035}, {"id": "2667030011", "price": 3115.74, "amount": 0.036, "side": "buy", "timestamp": 1765669532066}, {"id": "2667030588", "price": 3116.18, "amount": 2.15, "side": "buy", "timestamp": 1765669574946}, {"id": "2667030589", "price": 3116.18, "amount": 0.149, "side": "buy", "timestamp": 1765669575234}, {"id": "2667030590", "price": 3116.17, "amount": 1.281, "side": "sell", "timestamp": 1765669575277}, {"id": "2667030591", "price": 3116.18, "amount": 1.0, "side": "buy", "timestamp": 1765669575428}, {"id": "2667030592", "price": 3116.17, "amount": 4.404, "side": "sell", "timestamp": 1765669575593}, {"id": "2667030593", "price": 3116.18, "amount": 0.26, "side": "buy", "timestamp": 1765669575600}, {"id": "2667030594", "price": 3116.18, "amount": 0.034, "side": "buy", "timestamp": 1765669576139}, {"id": "2667030595", "price": 3116.18, "amount": 0.56, "side": "buy", "timestamp": 1765669576302}, {"id": "2667030596", "price": 3116.18, "amount": 0.517, "side": "buy", "timestamp": 1765669576441}, {"id": "2667030597", "price": 3116.17, "amount": 1.056, "side": "sell", "timestamp": 1765669576650}, {"id": "2667030598", "price": 3116.18, "amount": 1.758, "side": "buy", "timestamp": 1765669577020}, {"id": "2667030599", "price": 3116.18, "amount": 0.361, "side": "buy", "timestamp": 1765669577483}, {"id": "2667030600", "price": 3116.17, "amount": 1.062, "side": "sell", "timestamp": 1765669577608}, {"id": "2667030601", "price": 3116.18, "amount": 1.385, "side": "buy", "timestamp": 1765669577647}, {"id": "2667030602", "price": 3116.18, "amount": 0.001, "side": "buy", "timestamp": 1765669577794}, {"id": "2667030603", "price": 3116.18, "amount": 0.033, "side": "buy", "timestamp": 1765669578180}, {"id": "2667030604", "price": 3116.17, "amount": 0.079, "side": "sell", "timestamp": 1765669578431}, {"id": "2667030605", "price": 3116.18, "amount": 0.322, "side": "buy", "timestamp": 1765669578505}, {"id": "2667030606", "price": 3116.17, "amount": 1.068, "side": "sell", "timestamp": 1765669578539}, {"id": "2667030607", "price": 3116.18, "amount": 2.0, "side": "buy", "timestamp": 1765669578639}, {"id": "2667030608", "price": 3116.17, "amount": 4.0, "side": "sell", "timestamp": 1765669579250}, {"id": "2667030609", "price": 3116.17, "amount": 1.171, "side": "sell", "timestamp": 1765669579508}, {"id": "2667030610", "price": 3116.17, "amount": 0.16, "side": "sell", "timestamp": 1765669579613}, {"id": "2667030611", "price": 3116.18, "amount": 2.721, "side": "buy", "timestamp": 1765669579643}, {"id": "2667030612", "price": 3116.17, "amount": 0.5, "side": "sell", "timestamp": 1765669579777}, {"id": "2667030613", "price": 3116.18, "amount": 0.213, "side": "buy", "timestamp": 1765669579838}, {"id": "2667030614", "price": 3116.18, "amount": 1.928, "side": "buy", "timestamp": 1765669580034}, {"id": "2667030615", "price": 3116.18, "amount": 0.032, "side": "buy", "timestamp": 1765669580222}, {"id": "2667030616", "price": 3116.17, "amount": 1.0, "side": "sell", "timestamp": 1765669580332}, {"id": "2667030617", "price": 3116.17, "amount": 1.08, "side": "sell", "timestamp": 1765669580519}, {"id": "2667030618", "price": 3116.17, "amount": 0.01, "side": "sell", "timestamp": 1765669580821}, {"id": "2667030619", "price": 3116.17, "amount": 0.05, "side": "sell", "timestamp": 1765669581176}, {"id": "2667030620", "price": 3116.17, "amount": 1.086, "side": "sell", "timestamp": 1765669581523}, {"id": "2667030621", "price": 3116.18, "amount": 5.96, "side": "buy", "timestamp": 1765669582140}, {"id": "2667030622", "price": 3116.17, "amount": 0.641, "side": "sell", "timestamp": 1765669582220}, {"id": "2667030623", "price": 3116.18, "amount": 0.032, "side": "buy", "timestamp": 1765669582265}, {"id": "2667030624", "price": 3116.18, "amount": 1.324, "side": "buy", "timestamp": 1765669582410}, {"id": "2667030625", "price": 3116.17, "amount": 1.275, "side": "sell", "timestamp": 1765669582413}, {"id": "2667030626", "price": 3116.17, "amount": 1.551, "side": "sell", "timestamp": 1765669582755}, {"id": "2667030627", "price": 3116.18, "amount": 0.153, "side": "buy", "timestamp": 1765669583267}, {"id": "2667030628", "price": 3116.17, "amount": 1.096, "side": "sell", "timestamp": 1765669583519}, {"id": "2667030629", "price": 3116.18, "amount": 0.121, "side": "buy", "timestamp": 1765669583699}, {"id": "2667030630", "price": 3116.18, "amount": 0.001, "side": "buy", "timestamp": 1765669583948}, {"id": "2667030631", "price": 3116.18, "amount": 1.896, "side": "buy", "timestamp": 1765669584269}, {"id": "2667030632", "price": 3116.18, "amount": 0.059, "side": "buy", "timestamp": 1765669584443}, {"id": "2667030633", "price": 3116.17, "amount": 1.101, "side": "sell", "timestamp": 1765669584529}, {"id": "2667030634", "price": 3116.18, "amount": 0.107, "side": "buy", "timestamp": 1765669584715}, {"id": "2667030635", "price": 3116.17, "amount": 0.031, "side": "sell", "timestamp": 1765669584807}, {"id": "2667030636", "price": 3116.18, "amount": 0.134, "side": "buy", "timestamp": 1765669584962}, {"id": "2667030637", "price": 3116.18, "amount": 0.1, "side": "buy", "timestamp": 1765669585374}, {"id": "2667030981", "price": 3115.46, "amount": 0.024, "side": "sell", "timestamp": 1765669628643}, {"id": "2667030982", "price": 3115.45, "amount": 0.985, "side": "sell", "timestamp": 1765669628647}, {"id": "2667030983", "price": 3115.44, "amount": 0.015, "side": "sell", "timestamp": 1765669628658}, {"id": "2667030984", "price": 3115.43, "amount": 0.031, "side": "sell", "timestamp": 1765669628658}, {"id": "2667030985", "price": 3115.42, "amount": 0.007, "side": "sell", "timestamp": 1765669628658}, {"id": "2667030986", "price": 3115.41, "amount": 0.031, "side": "sell", "timestamp": 1765669628669}, {"id": "2667030987", "price": 3115.41, "amount": 0.328, "side": "sell", "timestamp": 1765669628821}, {"id": "2667030988", "price": 3115.42, "amount": 0.143, "side": "buy", "timestamp": 1765669629183}, {"id": "2667030989", "price": 3115.41, "amount": 0.929, "side": "sell", "timestamp": 1765669629454}, {"id": "2667030990", "price": 3115.4, "amount": 6.495, "side": "sell", "timestamp": 1765669629454}, {"id": "2667030991", "price": 3115.39, "amount": 0.045, "side": "sell", "timestamp": 1765669629463}, {"id": "2667030992", "price": 3115.38, "amount": 0.007, "side": "sell", "timestamp": 1765669629463}, {"id": "2667030993", "price": 3115.37, "amount": 0.05, "side": "sell", "timestamp": 1765669629463}, {"id": "2667030994", "price": 3115.36, "amount": 0.069, "side": "sell", "timestamp": 1765669629463}, {"id": "2667030995", "price": 3115.35, "amount": 0.078, "side": "sell", "timestamp": 1765669629463}, {"id": "2667030996", "price": 3115.34, "amount": 0.016, "side": "sell", "timestamp": 1765669629463}, {"id": "2667030997", "price": 3115.33, "amount": 0.097, "side": "sell", "timestamp": 1765669629759}, {"id": "2667030998", "price": 3115.33, "amount": 0.009, "side": "sell", "timestamp": 1765669630069}, {"id": "2667030999", "price": 3115.34, "amount": 0.641, "side": "buy", "timestamp": 1765669630151}, {"id": "2667031000", "price": 3115.33, "amount": 0.166, "side": "sell", "timestamp": 1765669630420}, {"id": "2667031001", "price": 3115.34, "amount": 0.087, "side": "buy", "timestamp": 1765669630436}, {"id": "2667031002", "price": 3115.33, "amount": 0.96, "side": "sell", "timestamp": 1765669630474}, {"id": "2667031003", "price": 3115.33, "amount": 2.032, "side": "sell", "timestamp": 1765669630626}, {"id": "2667031004", "price": 3115.33, "amount": 0.27, "side": "sell", "timestamp": 1765669630827}, {"id": "2667031005", "price": 3115.33, "amount": 0.16, "side": "sell", "timestamp": 1765669631290}, {"id": "2667031006", "price": 3115.34, "amount": 9.629, "side": "buy", "timestamp": 1765669631290}, {"id": "2667031007", "price": 3115.33, "amount": 1.606, "side": "sell", "timestamp": 1765669631347}, {"id": "2667031008", "price": 3115.33, "amount": 0.954, "side": "sell", "timestamp": 1765669631482}, {"id": "2667031009", "price": 3115.33, "amount": 0.948, "side": "sell", "timestamp": 1765669632415}, {"id": "2667031010", "price": 3115.34, "amount": 0.32, "side": "buy", "timestamp": 1765669632750}, {"id": "2667031011", "price": 3115.33, "amount": 0.01, "side": "sell", "timestamp": 1765669633161}, {"id": "2667031012", "price": 3115.33, "amount": 0.942, "side": "sell", "timestamp": 1765669633360}, {"id": "2667031013", "price": 3115.34, "amount": 0.269, "side": "buy", "timestamp": 1765669633448}, {"id": "2667031014", "price": 3115.33, "amount": 0.102, "side": "sell", "timestamp": 1765669633455}, {"id": "2667031015", "price": 3115.33, "amount": 3.324, "side": "sell", "timestamp": 1765669634000}, {"id": "2667031016", "price": 3115.33, "amount": 0.936, "side": "sell", "timestamp": 1765669634282}, {"id": "2667031017", "price": 3115.34, "amount": 0.619, "side": "buy", "timestamp": 1765669634681}, {"id": "2667031018", "price": 3115.33, "amount": 0.023, "side": "sell", "timestamp": 1765669634784}, {"id": "2667031019", "price": 3115.33, "amount": 1.015, "side": "sell", "timestamp": 1765669635238}, {"id": "2667031020", "price": 3115.33, "amount": 0.923, "side": "sell", "timestamp": 1765669636297}, {"id": "2667031021", "price": 3115.33, "amount": 0.05, "side": "sell", "timestamp": 1765669636792}, {"id": "2667031022", "price": 3115.34, "amount": 0.066, "side": "buy", "timestamp": 1765669636972}, {"id": "2667031023", "price": 3115.33, "amount": 0.009, "side": "sell", "timestamp": 1765669637090}, {"id": "2667031024", "price": 3115.33, "amount": 0.916, "side": "sell", "timestamp": 1765669637213}, {"id": "2667031025", "price": 3115.34, "amount": 0.274, "side": "buy", "timestamp": 1765669637237}, {"id": "2667031026", "price": 3115.34, "amount": 0.026, "side": "buy", "timestamp": 1765669637515}, {"id": "2667031027", "price": 3115.33, "amount": 0.007, "side": "sell", "timestamp": 1765669637582}, {"id": "2667031028", "price": 3115.33, "amount": 0.161, "side": "sell", "timestamp": 1765669637932}, {"id": "2667031029", "price": 3115.34, "amount": 45.336, "side": "buy", "timestamp": 1765669637985}, {"id": "2667031030", "price": 3115.33, "amount": 0.91, "side": "sell", "timestamp": 1765669638146}, {"id": "2667031419", "price": 3113.6, "amount": 0.029, "side": "sell", "timestamp": 1765669681744}, {"id": "2667031420", "price": 3113.59, "amount": 0.038, "side": "sell", "timestamp": 1765669681744}, {"id": "2667031421", "price": 3113.58, "amount": 0.016, "side": "sell", "timestamp": 1765669681744}, {"id": "2667031422", "price": 3113.57, "amount": 0.861, "side": "sell", "timestamp": 1765669681744}, {"id": "2667031423", "price": 3113.56, "amount": 0.05, "side": "sell", "timestamp": 1765669681744}, {"id": "2667031424", "price": 3113.55, "amount": 0.027, "side": "sell", "timestamp": 1765669681744}, {"id": "2667031425", "price": 3113.54, "amount": 0.21, "side": "sell", "timestamp": 1765669681744}, {"id": "2667031426", "price": 3113.53, "amount": 0.045, "side": "sell", "timestamp": 1765669681744}, {"id": "2667031427", "price": 3113.52, "amount": 1.719, "side": "sell", "timestamp": 1765669681744}, {"id": "2667031428", "price": 3113.51, "amount": 0.029, "side": "sell", "timestamp": 1765669681744}, {"id": "2667031429", "price": 3113.5, "amount": 0.723, "side": "sell", "timestamp": 1765669681744}, {"id": "2667031430", "price": 3113.49, "amount": 0.058, "side": "sell", "timestamp": 1765669681744}, {"id": "2667031431", "price": 3113.48, "amount": 0.009, "side": "sell", "timestamp": 1765669681744}, {"id": "2667031432", "price": 3113.47, "amount": 1.818, "side": "sell", "timestamp": 1765669681744}, {"id": "2667031433", "price": 3113.46, "amount": 0.16, "side": "sell", "timestamp": 1765669681744}, {"id": "2667031434", "price": 3113.45, "amount": 0.054, "side": "sell", "timestamp": 1765669681744}, {"id": "2667031435", "price": 3113.44, "amount": 0.013, "side": "sell", "timestamp": 1765669681744}, {"id": "2667031436", "price": 3113.43, "amount": 1.136, "side": "sell", "timestamp": 1765669681744}, {"id": "2667031437", "price": 3113.43, "amount": 6.243, "side": "sell", "timestamp": 1765669681902}, {"id": "2667031438", "price": 3113.43, "amount": 0.226, "side": "sell", "timestamp": 1765669682008}, {"id": "2667031439", "price": 3113.42, "amount": 0.008, "side": "sell", "timestamp": 1765669682136}, {"id": "2667031440", "price": 3113.42, "amount": 0.922, "side": "sell", "timestamp": 1765669682653}, {"id": "2667031441", "price": 3113.43, "amount": 0.007, "side": "buy", "timestamp": 1765669683022}, {"id": "2667031442", "price": 3113.42, "amount": 0.112, "side": "sell", "timestamp": 1765669683043}, {"id": "2667031443", "price": 3113.43, "amount": 7.224, "side": "buy", "timestamp": 1765669683177}, {"id": "2667031444", "price": 3113.42, "amount": 0.916, "side": "sell", "timestamp": 1765669683613}, {"id": "2667031445", "price": 3113.43, "amount": 3.549, "side": "buy", "timestamp": 1765669683784}, {"id": "2667031446", "price": 3113.42, "amount": 0.027, "side": "sell", "timestamp": 1765669683872}, {"id": "2667031447", "price": 3113.42, "amount": 0.918, "side": "sell", "timestamp": 1765669684531}, {"id": "2667031448", "price": 3113.42, "amount": 0.009, "side": "sell", "timestamp": 1765669684941}, {"id": "2667031449", "price": 3113.42, "amount": 0.017, "side": "sell", "timestamp": 1765669685054}, {"id": "2667031450", "price": 3113.43, "amount": 0.025, "side": "buy", "timestamp": 1765669685144}, {"id": "2667031451", "price": 3113.42, "amount": 0.018, "side": "sell", "timestamp": 1765669685374}, {"id": "2667031452", "price": 3113.43, "amount": 0.463, "side": "buy", "timestamp": 1765669685385}, {"id": "2667031453", "price": 3113.42, "amount": 0.009, "side": "sell", "timestamp": 1765669685499}, {"id": "2667031454", "price": 3113.43, "amount": 0.001, "side": "buy", "timestamp": 1765669685546}, {"id": "2667031455", "price": 3113.42, "amount": 0.919, "side": "sell", "timestamp": 1765669685618}, {"id": "2667031456", "price": 3113.42, "amount": 0.01, "side": "sell", "timestamp": 1765669685843}, {"id": "2667031457", "price": 3113.43, "amount": 0.02, "side": "buy", "timestamp": 1765669686513}, {"id": "2667031458", "price": 3113.42, "amount": 0.9, "side": "sell", "timestamp": 1765669686535}, {"id": "2667031459", "price": 3113.42, "amount": 1.025, "side": "sell", "timestamp": 1765669687585}, {"id": "2667031460", "price": 3113.42, "amount": 7.882, "side": "sell", "timestamp": 1765669687707}, {"id": "2667031461", "price": 3113.43, "amount": 0.015, "side": "buy", "timestamp": 1765669687889}, {"id": "2667031462", "price": 3113.43, "amount": 0.974, "side": "buy", "timestamp": 1765669688204}, {"id": "2667031463", "price": 3113.42, "amount": 0.888, "side": "sell", "timestamp": 1765669688642}, {"id": "2667031464", "price": 3113.42, "amount": 0.882, "side": "sell", "timestamp": 1765669689704}, {"id": "2667031465", "price": 3113.42, "amount": 0.16, "side": "sell", "timestamp": 1765669689913}, {"id": "2667031466", "price": 3113.42, "amount": 0.01, "side": "sell", "timestamp": 1765669690170}, {"id": "2667031467", "price": 3113.42, "amount": 0.876, "side": "sell", "timestamp": 1765669690653}, {"id": "2667031468", "price": 3113.42, "amount": 0.87, "side": "sell", "timestamp": 1765669691656}, {"id": "2667031657", "price": 3113.1, "amount": 0.008, "side": "sell", "timestamp": 1765669743121}, {"id": "2667031658", "price": 3113.11, "amount": 63.637, "side": "buy", "timestamp": 1765669743353}, {"id": "2667031659", "price": 3113.12, "amount": 0.074, "side": "buy", "timestamp": 1765669743353}, {"id": "2667031660", "price": 3113.13, "amount": 0.092, "side": "buy", "timestamp": 1765669743353}, {"id": "2667031661", "price": 3113.14, "amount": 0.018, "side": "buy", "timestamp": 1765669743353}, {"id": "2667031662", "price": 3113.15, "amount": 0.022, "side": "buy", "timestamp": 1765669743353}, {"id": "2667031663", "price": 3113.16, "amount": 0.054, "side": "buy", "timestamp": 1765669743353}, {"id": "2667031664", "price": 3113.17, "amount": 0.403, "side": "buy", "timestamp": 1765669743353}, {"id": "2667031665", "price": 3113.18, "amount": 0.38, "side": "buy", "timestamp": 1765669743353}, {"id": "2667031666", "price": 3113.19, "amount": 0.016, "side": "buy", "timestamp": 1765669743353}, {"id": "2667031667", "price": 3113.2, "amount": 0.658, "side": "buy", "timestamp": 1765669743353}, {"id": "2667031668", "price": 3113.21, "amount": 1.278, "side": "buy", "timestamp": 1765669743353}, {"id": "2667031669", "price": 3113.22, "amount": 0.016, "side": "buy", "timestamp": 1765669743353}, {"id": "2667031670", "price": 3113.23, "amount": 0.007, "side": "buy", "timestamp": 1765669743353}, {"id": "2667031671", "price": 3113.24, "amount": 1.354, "side": "buy", "timestamp": 1765669743353}, {"id": "2667031672", "price": 3113.25, "amount": 1.672, "side": "buy", "timestamp": 1765669743353}, {"id": "2667031673", "price": 3113.26, "amount": 0.007, "side": "buy", "timestamp": 1765669743353}, {"id": "2667031674", "price": 3113.27, "amount": 0.022, "side": "buy", "timestamp": 1765669743353}, {"id": "2667031675", "price": 3113.28, "amount": 0.053, "side": "buy", "timestamp": 1765669743353}, {"id": "2667031676", "price": 3113.29, "amount": 0.649, "side": "buy", "timestamp": 1765669743353}, {"id": "2667031677", "price": 3113.3, "amount": 0.039, "side": "buy", "timestamp": 1765669743353}, {"id": "2667031678", "price": 3113.31, "amount": 1.291, "side": "buy", "timestamp": 1765669743353}, {"id": "2667031679", "price": 3113.32, "amount": 0.039, "side": "buy", "timestamp": 1765669743353}, {"id": "2667031680", "price": 3113.33, "amount": 0.013, "side": "buy", "timestamp": 1765669743353}, {"id": "2667031681", "price": 3113.34, "amount": 1.306, "side": "buy", "timestamp": 1765669743353}, {"id": "2667031682", "price": 3113.35, "amount": 0.011, "side": "buy", "timestamp": 1765669743353}, {"id": "2667031683", "price": 3113.36, "amount": 0.679, "side": "buy", "timestamp": 1765669743353}, {"id": "2667031684", "price": 3113.37, "amount": 0.017, "side": "buy", "timestamp": 1765669743353}, {"id": "2667031685", "price": 3113.38, "amount": 0.023, "side": "buy", "timestamp": 1765669743353}, {"id": "2667031686", "price": 3113.39, "amount": 1.304, "side": "buy", "timestamp": 1765669743353}, {"id": "2667031687", "price": 3113.4, "amount": 0.075, "side": "buy", "timestamp": 1765669743353}, {"id": "2667031688", "price": 3113.41, "amount": 0.979, "side": "buy", "timestamp": 1765669743353}, {"id": "2667031689", "price": 3113.42, "amount": 8.551, "side": "buy", "timestamp": 1765669743353}, {"id": "2667031690", "price": 3113.42, "amount": 0.002, "side": "sell", "timestamp": 1765669743701}, {"id": "2667031691", "price": 3113.42, "amount": 3.722, "side": "sell", "timestamp": 1765669743807}, {"id": "2667031692", "price": 3113.41, "amount": 0.415, "side": "sell", "timestamp": 1765669743809}, {"id": "2667031693", "price": 3113.4, "amount": 0.043, "side": "sell", "timestamp": 1765669743814}, {"id": "2667031694", "price": 3113.39, "amount": 0.042, "side": "sell", "timestamp": 1765669743816}, {"id": "2667031695", "price": 3113.38, "amount": 0.038, "side": "sell", "timestamp": 1765669743816}, {"id": "2667031696", "price": 3113.37, "amount": 0.009, "side": "sell", "timestamp": 1765669743816}, {"id": "2667031697", "price": 3113.35, "amount": 0.009, "side": "sell", "timestamp": 1765669743816}, {"id": "2667031698", "price": 3113.34, "amount": 0.038, "side": "sell", "timestamp": 1765669743816}, {"id": "2667031699", "price": 3113.32, "amount": 0.009, "side": "sell", "timestamp": 1765669743816}, {"id": "2667031700", "price": 3113.31, "amount": 0.01, "side": "sell", "timestamp": 1765669743816}, {"id": "2667031701", "price": 3113.3, "amount": 0.047, "side": "sell", "timestamp": 1765669743816}, {"id": "2667031702", "price": 3113.28, "amount": 0.018, "side": "sell", "timestamp": 1765669743816}, {"id": "2667031703", "price": 3113.25, "amount": 0.946, "side": "sell", "timestamp": 1765669743821}, {"id": "2667031704", "price": 3113.25, "amount": 0.018, "side": "sell", "timestamp": 1765669744227}, {"id": "2667031705", "price": 3113.26, "amount": 0.001, "side": "buy", "timestamp": 1765669744690}, {"id": "2667031706", "price": 3113.25, "amount": 0.594, "side": "sell", "timestamp": 1765669744841}, {"id": "2667032005", "price": 3113.43, "amount": 0.038, "side": "sell", "timestamp": 1765669789727}, {"id": "2667032006", "price": 3113.41, "amount": 0.009, "side": "sell", "timestamp": 1765669789727}, {"id": "2667032007", "price": 3113.4, "amount": 0.543, "side": "sell", "timestamp": 1765669789727}, {"id": "2667032008", "price": 3113.39, "amount": 0.022, "side": "sell", "timestamp": 1765669789727}, {"id": "2667032009", "price": 3113.37, "amount": 1.605, "side": "sell", "timestamp": 1765669789727}, {"id": "2667032010", "price": 3113.36, "amount": 0.058, "side": "sell", "timestamp": 1765669789727}, {"id": "2667032011", "price": 3113.35, "amount": 6.494, "side": "sell", "timestamp": 1765669789727}, {"id": "2667032012", "price": 3113.34, "amount": 4.156, "side": "sell", "timestamp": 1765669789727}, {"id": "2667032013", "price": 3113.33, "amount": 0.013, "side": "sell", "timestamp": 1765669789727}, {"id": "2667032014", "price": 3113.32, "amount": 0.009, "side": "sell", "timestamp": 1765669789727}, {"id": "2667032015", "price": 3113.31, "amount": 0.007, "side": "sell", "timestamp": 1765669789727}, {"id": "2667032016", "price": 3113.3, "amount": 7.322, "side": "sell", "timestamp": 1765669789727}, {"id": "2667032017", "price": 3113.29, "amount": 0.036, "side": "sell", "timestamp": 1765669789728}, {"id": "2667032018", "price": 3113.28, "amount": 15.382, "side": "sell", "timestamp": 1765669789728}, {"id": "2667032019", "price": 3113.27, "amount": 94.262, "side": "sell", "timestamp": 1765669789730}, {"id": "2667032020", "price": 3113.26, "amount": 0.03, "side": "sell", "timestamp": 1765669789735}, {"id": "2667032021", "price": 3113.25, "amount": 0.058, "side": "sell", "timestamp": 1765669789735}, {"id": "2667032022", "price": 3113.23, "amount": 0.022, "side": "sell", "timestamp": 1765669789748}, {"id": "2667032023", "price": 3113.21, "amount": 0.64, "side": "sell", "timestamp": 1765669789748}, {"id": "2667032024", "price": 3113.2, "amount": 0.029, "side": "sell", "timestamp": 1765669789748}, {"id": "2667032025", "price": 3113.19, "amount": 2.383, "side": "sell", "timestamp": 1765669789748}, {"id": "2667032026", "price": 3113.18, "amount": 136.997, "side": "sell", "timestamp": 1765669789762}, {"id": "2667032027", "price": 3113.18, "amount": 2.131, "side": "sell", "timestamp": 1765669790129}, {"id": "2667032028", "price": 3113.18, "amount": 0.022, "side": "sell", "timestamp": 1765669790388}, {"id": "2667032029", "price": 3113.19, "amount": 0.1, "side": "buy", "timestamp": 1765669790490}, {"id": "2667032030", "price": 3113.19, "amount": 0.008, "side": "buy", "timestamp": 1765669790893}, {"id": "2667032031", "price": 3113.19, "amount": 0.134, "side": "buy", "timestamp": 1765669791592}, {"id": "2667032032", "price": 3113.19, "amount": 0.072, "side": "buy", "timestamp": 1765669792285}, {"id": "2667032033", "price": 3113.19, "amount": 7.5, "side": "buy", "timestamp": 1765669793013}, {"id": "2667032034", "price": 3113.18, "amount": 1.0, "side": "sell", "timestamp": 1765669793024}, {"id": "2667032035", "price": 3113.19, "amount": 0.011, "side": "buy", "timestamp": 1765669793117}, {"id": "2667032036", "price": 3113.18, "amount": 0.664, "side": "sell", "timestamp": 1765669793672}, {"id": "2667032037", "price": 3113.18, "amount": 0.657, "side": "sell", "timestamp": 1765669794266}, {"id": "2667032038", "price": 3113.19, "amount": 0.012, "side": "buy", "timestamp": 1765669794809}, {"id": "2667032039", "price": 3113.19, "amount": 104.404, "side": "buy", "timestamp": 1765669795142}, {"id": "2667032040", "price": 3113.2, "amount": 1.306, "side": "buy", "timestamp": 1765669795143}, {"id": "2667032041", "price": 3113.21, "amount": 0.783, "side": "buy", "timestamp": 1765669795149}, {"id": "2667032042", "price": 3113.22, "amount": 0.05, "side": "buy", "timestamp": 1765669795160}, {"id": "2667032043", "price": 3113.23, "amount": 0.007, "side": "buy", "timestamp": 1765669795160}, {"id": "2667032044", "price": 3113.24, "amount": 0.009, "side": "buy", "timestamp": 1765669795160}, {"id": "2667032045", "price": 3113.25, "amount": 0.061, "side": "buy", "timestamp": 1765669795160}, {"id": "2667032046", "price": 3113.26, "amount": 0.007, "side": "buy", "timestamp": 1765669795160}, {"id": "2667032047", "price": 3113.27, "amount": 0.633, "side": "buy", "timestamp": 1765669795164}, {"id": "2667032048", "price": 3113.27, "amount": 0.001, "side": "buy", "timestamp": 1765669795267}, {"id": "2667032049", "price": 3113.27, "amount": 0.035, "side": "buy", "timestamp": 1765669795417}, {"id": "2667032050", "price": 3113.27, "amount": 0.063, "side": "buy", "timestamp": 1765669795654}, {"id": "2667032051", "price": 3113.27, "amount": 4.039, "side": "buy", "timestamp": 1765669796439}, {"id": "2667032052", "price": 3113.26, "amount": 0.2, "side": "sell", "timestamp": 1765669796786}, {"id": "2667032053", "price": 3113.27, "amount": 2.103, "side": "buy", "timestamp": 1765669797015}, {"id": "2667032054", "price": 3113.27, "amount": 3.881, "side": "buy", "timestamp": 1765669797441}, {"id": "2667032193", "price": 3113.34, "amount": 0.192, "side": "sell", "timestamp": 1765669833540}, {"id": "2667032194", "price": 3113.34, "amount": 0.057, "side": "sell", "timestamp": 1765669833830}, {"id": "2667032195", "price": 3113.34, "amount": 0.028, "side": "sell", "timestamp": 1765669834306}, {"id": "2667032196", "price": 3113.35, "amount": 0.015, "side": "buy", "timestamp": 1765669834468}, {"id": "2667032197", "price": 3113.35, "amount": 0.07, "side": "buy", "timestamp": 1765669835103}, {"id": "2667032198", "price": 3113.35, "amount": 0.011, "side": "buy", "timestamp": 1765669835396}, {"id": "2667032199", "price": 3113.35, "amount": 0.016, "side": "buy", "timestamp": 1765669835676}, {"id": "2667032200", "price": 3113.35, "amount": 0.001, "side": "buy", "timestamp": 1765669837651}, {"id": "2667032201", "price": 3113.35, "amount": 0.018, "side": "buy", "timestamp": 1765669838080}, {"id": "2667032202", "price": 3113.35, "amount": 0.407, "side": "buy", "timestamp": 1765669838252}, {"id": "2667032203", "price": 3113.35, "amount": 0.007, "side": "buy", "timestamp": 1765669838542}, {"id": "2667032204", "price": 3113.34, "amount": 0.014, "side": "sell", "timestamp": 1765669838864}, {"id": "2667032205", "price": 3113.34, "amount": 0.081, "side": "sell", "timestamp": 1765669839261}, {"id": "2667032206", "price": 3113.35, "amount": 0.22, "side": "buy", "timestamp": 1765669839731}, {"id": "2667032207", "price": 3113.35, "amount": 0.023, "side": "buy", "timestamp": 1765669839856}, {"id": "2667032208", "price": 3113.35, "amount": 0.275, "side": "buy", "timestamp": 1765669839975}, {"id": "2667032209", "price": 3113.35, "amount": 1.0, "side": "buy", "timestamp": 1765669840198}, {"id": "2667032210", "price": 3113.35, "amount": 0.001, "side": "buy", "timestamp": 1765669840399}, {"id": "2667032211", "price": 3113.34, "amount": 0.182, "side": "sell", "timestamp": 1765669841399}, {"id": "2667032212", "price": 3113.34, "amount": 0.238, "side": "sell", "timestamp": 1765669841768}, {"id": "2667032213", "price": 3113.35, "amount": 0.001, "side": "buy", "timestamp": 1765669841802}, {"id": "2667032214", "price": 3113.35, "amount": 0.205, "side": "buy", "timestamp": 1765669843314}, {"id": "2667032215", "price": 3113.35, "amount": 0.073, "side": "buy", "timestamp": 1765669844567}, {"id": "2667032216", "price": 3113.35, "amount": 0.213, "side": "buy", "timestamp": 1765669844715}, {"id": "2667032217", "price": 3113.35, "amount": 0.1, "side": "buy", "timestamp": 1765669844910}, {"id": "2667032218", "price": 3113.35, "amount": 0.216, "side": "buy", "timestamp": 1765669845036}, {"id": "2667032219", "price": 3113.35, "amount": 0.063, "side": "buy", "timestamp": 1765669845485}, {"id": "2667032220", "price": 3113.35, "amount": 0.047, "side": "buy", "timestamp": 1765669845926}, {"id": "2667032221", "price": 3113.35, "amount": 0.001, "side": "buy", "timestamp": 1765669846370}, {"id": "2667032222", "price": 3113.34, "amount": 0.285, "side": "sell", "timestamp": 1765669846588}, {"id": "2667032223", "price": 3113.35, "amount": 0.007, "side": "buy", "timestamp": 1765669847037}, {"id": "2667032224", "price": 3113.34, "amount": 0.081, "side": "sell", "timestamp": 1765669847069}, {"id": "2667032225", "price": 3113.34, "amount": 0.105, "side": "sell", "timestamp": 1765669847194}, {"id": "2667032226", "price": 3113.34, "amount": 3.757, "side": "sell", "timestamp": 1765669847607}, {"id": "2667032227", "price": 3113.35, "amount": 11.497, "side": "buy", "timestamp": 1765669847788}, {"id": "2667032228", "price": 3113.35, "amount": 0.185, "side": "buy", "timestamp": 1765669848120}, {"id": "2667032229", "price": 3113.34, "amount": 0.064, "side": "sell", "timestamp": 1765669848360}, {"id": "2667032230", "price": 3113.35, "amount": 0.008, "side": "buy", "timestamp": 1765669848365}, {"id": "2667032231", "price": 3113.35, "amount": 0.009, "side": "buy", "timestamp": 1765669848978}, {"id": "2667032232", "price": 3113.35, "amount": 0.016, "side": "buy", "timestamp": 1765669849087}, {"id": "2667032233", "price": 3113.34, "amount": 0.018, "side": "sell", "timestamp": 1765669849188}, {"id": "2667032234", "price": 3113.35, "amount": 0.171, "side": "buy", "timestamp": 1765669849802}, {"id": "2667032235", "price": 3113.35, "amount": 0.264, "side": "buy", "timestamp": 1765669849926}, {"id": "2667032236", "price": 3113.34, "amount": 0.064, "side": "sell", "timestamp": 1765669850020}, {"id": "2667032237", "price": 3113.35, "amount": 0.101, "side": "buy", "timestamp": 1765669850027}, {"id": "2667032238", "price": 3113.35, "amount": 0.001, "side": "buy", "timestamp": 1765669850339}, {"id": "2667032239", "price": 3113.35, "amount": 0.633, "side": "buy", "timestamp": 1765669850741}, {"id": "2667032240", "price": 3113.35, "amount": 0.011, "side": "buy", "timestamp": 1765669851097}, {"id": "2667032241", "price": 3113.34, "amount": 1.203, "side": "sell", "timestamp": 1765669851659}, {"id": "2667032242", "price": 3113.35, "amount": 0.001, "side": "buy", "timestamp": 1765669851774}, {"id": "2667032342", "price": 3113.3, "amount": 3.767, "side": "sell", "timestamp": 1765669892732}, {"id": "2667032343", "price": 3113.29, "amount": 0.02, "side": "sell", "timestamp": 1765669892733}, {"id": "2667032344", "price": 3113.27, "amount": 0.009, "side": "sell", "timestamp": 1765669892733}, {"id": "2667032345", "price": 3113.26, "amount": 0.07, "side": "sell", "timestamp": 1765669892733}, {"id": "2667032346", "price": 3113.25, "amount": 0.014, "side": "sell", "timestamp": 1765669892733}, {"id": "2667032347", "price": 3113.24, "amount": 0.06, "side": "sell", "timestamp": 1765669892733}, {"id": "2667032348", "price": 3113.23, "amount": 0.963, "side": "sell", "timestamp": 1765669892743}, {"id": "2667032349", "price": 3113.22, "amount": 0.125, "side": "sell", "timestamp": 1765669892743}, {"id": "2667032350", "price": 3113.21, "amount": 0.016, "side": "sell", "timestamp": 1765669892743}, {"id": "2667032351", "price": 3113.2, "amount": 0.052, "side": "sell", "timestamp": 1765669892753}, {"id": "2667032352", "price": 3113.2, "amount": 0.064, "side": "buy", "timestamp": 1765669892883}, {"id": "2667032353", "price": 3113.2, "amount": 1.0, "side": "buy", "timestamp": 1765669893070}, {"id": "2667032354", "price": 3113.2, "amount": 0.256, "side": "buy", "timestamp": 1765669894440}, {"id": "2667032355", "price": 3113.2, "amount": 0.014, "side": "buy", "timestamp": 1765669895127}, {"id": "2667032356", "price": 3113.2, "amount": 0.008, "side": "buy", "timestamp": 1765669895266}, {"id": "2667032357", "price": 3113.2, "amount": 0.001, "side": "buy", "timestamp": 1765669896142}, {"id": "2667032358", "price": 3113.2, "amount": 0.011, "side": "buy", "timestamp": 1765669896408}, {"id": "2667032359", "price": 3113.2, "amount": 0.002, "side": "buy", "timestamp": 1765669897308}, {"id": "2667032360", "price": 3113.2, "amount": 0.001, "side": "buy", "timestamp": 1765669897419}, {"id": "2667032361", "price": 3113.19, "amount": 0.033, "side": "sell", "timestamp": 1765669897747}, {"id": "2667032362", "price": 3113.2, "amount": 0.32, "side": "buy", "timestamp": 1765669897894}, {"id": "2667032363", "price": 3113.19, "amount": 0.016, "side": "sell", "timestamp": 1765669898891}, {"id": "2667032364", "price": 3113.19, "amount": 4.49, "side": "sell", "timestamp": 1765669899035}, {"id": "2667032365", "price": 3113.19, "amount": 41.095, "side": "sell", "timestamp": 1765669899176}, {"id": "2667032366", "price": 3113.18, "amount": 0.014, "side": "sell", "timestamp": 1765669899176}, {"id": "2667032367", "price": 3113.17, "amount": 0.689, "side": "sell", "timestamp": 1765669899176}, {"id": "2667032368", "price": 3113.16, "amount": 0.385, "side": "sell", "timestamp": 1765669899176}, {"id": "2667032369", "price": 3113.15, "amount": 0.36, "side": "sell", "timestamp": 1765669899176}, {"id": "2667032370", "price": 3113.14, "amount": 1.156, "side": "sell", "timestamp": 1765669899176}, {"id": "2667032371", "price": 3113.13, "amount": 0.049, "side": "sell", "timestamp": 1765669899275}, {"id": "2667032372", "price": 3113.12, "amount": 0.007, "side": "sell", "timestamp": 1765669899275}, {"id": "2667032373", "price": 3113.11, "amount": 0.054, "side": "sell", "timestamp": 1765669899275}, {"id": "2667032374", "price": 3113.1, "amount": 0.06, "side": "sell", "timestamp": 1765669899275}, {"id": "2667032375", "price": 3113.09, "amount": 0.023, "side": "sell", "timestamp": 1765669899275}, {"id": "2667032376", "price": 3113.08, "amount": 0.013, "side": "sell", "timestamp": 1765669899275}, {"id": "2667032377", "price": 3113.07, "amount": 0.054, "side": "sell", "timestamp": 1765669899275}, {"id": "2667032378", "price": 3113.06, "amount": 0.051, "side": "sell", "timestamp": 1765669899275}, {"id": "2667032379", "price": 3113.05, "amount": 0.017, "side": "sell", "timestamp": 1765669899275}, {"id": "2667032380", "price": 3113.04, "amount": 0.011, "side": "sell", "timestamp": 1765669899926}, {"id": "2667032381", "price": 3113.04, "amount": 0.335, "side": "sell", "timestamp": 1765669900108}, {"id": "2667032382", "price": 3113.03, "amount": 0.007, "side": "sell", "timestamp": 1765669900108}, {"id": "2667032383", "price": 3113.02, "amount": 0.038, "side": "sell", "timestamp": 1765669900109}, {"id": "2667032384", "price": 3113.01, "amount": 0.009, "side": "sell", "timestamp": 1765669900109}, {"id": "2667032385", "price": 3113.0, "amount": 0.079, "side": "sell", "timestamp": 1765669900390}, {"id": "2667032386", "price": 3113.0, "amount": 0.963, "side": "sell", "timestamp": 1765669901739}, {"id": "2667032387", "price": 3113.0, "amount": 0.16, "side": "sell", "timestamp": 1765669902727}, {"id": "2667032388", "price": 3113.01, "amount": 0.018, "side": "buy", "timestamp": 1765669903881}, {"id": "2667032389", "price": 3113.01, "amount": 0.028, "side": "buy", "timestamp": 1765669904305}, {"id": "2667032390", "price": 3113.01, "amount": 0.001, "side": "buy", "timestamp": 1765669904460}, {"id": "2667032391", "price": 3113.0, "amount": 0.263, "side": "sell", "timestamp": 1765669904619}, {"id": "2667032515", "price": 3113.01, "amount": 0.002, "side": "buy", "timestamp": 1765669935014}, {"id": "2667032516", "price": 3113.01, "amount": 0.001, "side": "buy", "timestamp": 1765669935312}, {"id": "2667032517", "price": 3113.0, "amount": 0.061, "side": "sell", "timestamp": 1765669937596}, {"id": "2667032518", "price": 3113.01, "amount": 0.008, "side": "buy", "timestamp": 1765669939499}, {"id": "2667032519", "price": 3113.01, "amount": 0.646, "side": "buy", "timestamp": 1765669940143}, {"id": "2667032520", "price": 3113.01, "amount": 5.0, "side": "buy", "timestamp": 1765669941081}, {"id": "2667032521", "price": 3113.01, "amount": 2.0, "side": "buy", "timestamp": 1765669941362}, {"id": "2667032522", "price": 3113.0, "amount": 0.04, "side": "sell", "timestamp": 1765669941746}, {"id": "2667032523", "price": 3113.01, "amount": 0.354, "side": "buy", "timestamp": 1765669941894}, {"id": "2667032524", "price": 3113.01, "amount": 0.001, "side": "buy", "timestamp": 1765669942653}, {"id": "2667032525", "price": 3113.01, "amount": 0.001, "side": "buy", "timestamp": 1765669942940}, {"id": "2667032526", "price": 3113.01, "amount": 0.011, "side": "buy", "timestamp": 1765669943373}, {"id": "2667032527", "price": 3113.0, "amount": 15.889, "side": "sell", "timestamp": 1765669944374}, {"id": "2667032528", "price": 3112.99, "amount": 0.059, "side": "sell", "timestamp": 1765669944376}, {"id": "2667032529", "price": 3112.95, "amount": 1.171, "side": "sell", "timestamp": 1765669944376}, {"id": "2667032530", "price": 3112.94, "amount": 0.047, "side": "sell", "timestamp": 1765669944376}, {"id": "2667032531", "price": 3112.93, "amount": 0.013, "side": "sell", "timestamp": 1765669944376}, {"id": "2667032532", "price": 3112.92, "amount": 0.339, "side": "sell", "timestamp": 1765669944376}, {"id": "2667032533", "price": 3112.91, "amount": 1.75, "side": "sell", "timestamp": 1765669944376}, {"id": "2667032534", "price": 3112.9, "amount": 0.571, "side": "sell", "timestamp": 1765669944381}, {"id": "2667032535", "price": 3112.89, "amount": 0.035, "side": "sell", "timestamp": 1765669944386}, {"id": "2667032536", "price": 3112.87, "amount": 0.067, "side": "sell", "timestamp": 1765669944386}, {"id": "2667032537", "price": 3112.86, "amount": 0.007, "side": "sell", "timestamp": 1765669944386}, {"id": "2667032538", "price": 3112.85, "amount": 0.009, "side": "sell", "timestamp": 1765669944386}, {"id": "2667032539", "price": 3112.84, "amount": 0.009, "side": "sell", "timestamp": 1765669944386}, {"id": "2667032540", "price": 3112.83, "amount": 0.061, "side": "sell", "timestamp": 1765669944386}, {"id": "2667032541", "price": 3112.83, "amount": 1.538, "side": "buy", "timestamp": 1765669945066}, {"id": "2667032542", "price": 3112.83, "amount": 0.065, "side": "buy", "timestamp": 1765669945197}, {"id": "2667032543", "price": 3112.83, "amount": 0.014, "side": "buy", "timestamp": 1765669945652}, {"id": "2667032544", "price": 3112.83, "amount": 0.024, "side": "buy", "timestamp": 1765669946050}, {"id": "2667032545", "price": 3112.82, "amount": 0.992, "side": "sell", "timestamp": 1765669946280}, {"id": "2667032546", "price": 3112.82, "amount": 0.645, "side": "sell", "timestamp": 1765669946627}, {"id": "2667032547", "price": 3112.83, "amount": 0.001, "side": "buy", "timestamp": 1765669946805}, {"id": "2667032548", "price": 3112.82, "amount": 0.102, "side": "sell", "timestamp": 1765669947137}, {"id": "2667032549", "price": 3112.83, "amount": 0.001, "side": "buy", "timestamp": 1765669947767}, {"id": "2667032550", "price": 3112.83, "amount": 0.321, "side": "buy", "timestamp": 1765669948088}, {"id": "2667032551", "price": 3112.83, "amount": 0.001, "side": "buy", "timestamp": 1765669948328}, {"id": "2667032552", "price": 3112.83, "amount": 0.387, "side": "buy", "timestamp": 1765669948640}, {"id": "2667032553", "price": 3112.82, "amount": 1.92, "side": "sell", "timestamp": 1765669949009}, {"id": "2667032554", "price": 3112.83, "amount": 0.027, "side": "buy", "timestamp": 1765669949645}, {"id": "2667032555", "price": 3112.83, "amount": 0.001, "side": "buy", "timestamp": 1765669951576}, {"id": "2667032556", "price": 3112.82, "amount": 5.0, "side": "sell", "timestamp": 1765669951627}, {"id": "2667032557", "price": 3112.83, "amount": 0.014, "side": "buy", "timestamp": 1765669951769}, {"id": "2667032558", "price": 3112.82, "amount": 0.064, "side": "sell", "timestamp": 1765669952859}, {"id": "2667032559", "price": 3112.82, "amount": 0.125, "side": "sell", "timestamp": 1765669953370}, {"id": "2667032560", "price": 3112.83, "amount": 1.0, "side": "buy", "timestamp": 1765669956081}, {"id": "2667032561", "price": 3112.82, "amount": 0.01, "side": "sell", "timestamp": 1765669956823}, {"id": "2667032562", "price": 3112.82, "amount": 0.128, "side": "sell", "timestamp": 1765669957832}, {"id": "2667032563", "price": 3112.83, "amount": 6.414, "side": "buy", "timestamp": 1765669957903}, {"id": "2667032564", "price": 3112.83, "amount": 0.23, "side": "buy", "timestamp": 1765669958057}, {"id": "2667032805", "price": 3113.4, "amount": 0.043, "side": "sell", "timestamp": 1765670003988}, {"id": "2667032806", "price": 3113.38, "amount": 0.404, "side": "sell", "timestamp": 1765670003994}, {"id": "2667032807", "price": 3113.37, "amount": 0.045, "side": "sell", "timestamp": 1765670003997}, {"id": "2667032808", "price": 3113.35, "amount": 0.009, "side": "sell", "timestamp": 1765670003997}, {"id": "2667032809", "price": 3113.33, "amount": 0.009, "side": "sell", "timestamp": 1765670003997}, {"id": "2667032810", "price": 3113.32, "amount": 0.02, "side": "sell", "timestamp": 1765670003997}, {"id": "2667032811", "price": 3113.31, "amount": 0.038, "side": "sell", "timestamp": 1765670003997}, {"id": "2667032812", "price": 3113.3, "amount": 0.009, "side": "sell", "timestamp": 1765670003997}, {"id": "2667032813", "price": 3113.29, "amount": 0.08, "side": "sell", "timestamp": 1765670003997}, {"id": "2667032814", "price": 3113.28, "amount": 0.015, "side": "sell", "timestamp": 1765670004002}, {"id": "2667032815", "price": 3113.27, "amount": 0.434, "side": "sell", "timestamp": 1765670004004}, {"id": "2667032816", "price": 3113.27, "amount": 6.881, "side": "sell", "timestamp": 1765670004216}, {"id": "2667032817", "price": 3113.26, "amount": 0.497, "side": "sell", "timestamp": 1765670004283}, {"id": "2667032818", "price": 3113.25, "amount": 0.025, "side": "sell", "timestamp": 1765670004283}, {"id": "2667032819", "price": 3113.24, "amount": 0.016, "side": "sell", "timestamp": 1765670004283}, {"id": "2667032820", "price": 3113.23, "amount": 0.047, "side": "sell", "timestamp": 1765670004283}, {"id": "2667032821", "price": 3113.22, "amount": 0.16, "side": "sell", "timestamp": 1765670004283}, {"id": "2667032822", "price": 3113.21, "amount": 1.244, "side": "sell", "timestamp": 1765670004283}, {"id": "2667032823", "price": 3113.2, "amount": 0.449, "side": "sell", "timestamp": 1765670004283}, {"id": "2667032824", "price": 3113.19, "amount": 0.038, "side": "sell", "timestamp": 1765670004283}, {"id": "2667032825", "price": 3113.18, "amount": 0.02, "side": "sell", "timestamp": 1765670004283}, {"id": "2667032826", "price": 3113.17, "amount": 0.023, "side": "sell", "timestamp": 1765670004283}, {"id": "2667032827", "price": 3113.16, "amount": 0.343, "side": "sell", "timestamp": 1765670004283}, {"id": "2667032828", "price": 3113.15, "amount": 5.378, "side": "sell", "timestamp": 1765670004283}, {"id": "2667032829", "price": 3113.14, "amount": 0.28, "side": "sell", "timestamp": 1765670004283}, {"id": "2667032830", "price": 3113.13, "amount": 0.653, "side": "sell", "timestamp": 1765670004283}, {"id": "2667032831", "price": 3113.12, "amount": 16.609, "side": "sell", "timestamp": 1765670004283}, {"id": "2667032832", "price": 3113.11, "amount": 0.054, "side": "sell", "timestamp": 1765670004283}, {"id": "2667032833", "price": 3113.1, "amount": 1.87, "side": "sell", "timestamp": 1765670004283}, {"id": "2667032834", "price": 3113.09, "amount": 0.073, "side": "sell", "timestamp": 1765670004283}, {"id": "2667032835", "price": 3113.08, "amount": 0.984, "side": "sell", "timestamp": 1765670004283}, {"id": "2667032836", "price": 3113.07, "amount": 1.077, "side": "sell", "timestamp": 1765670004283}, {"id": "2667032837", "price": 3113.06, "amount": 1.102, "side": "sell", "timestamp": 1765670004283}, {"id": "2667032838", "price": 3113.05, "amount": 0.811, "side": "sell", "timestamp": 1765670004283}, {"id": "2667032839", "price": 3113.04, "amount": 4.664, "side": "sell", "timestamp": 1765670004283}, {"id": "2667032840", "price": 3113.03, "amount": 1.293, "side": "sell", "timestamp": 1765670004283}, {"id": "2667032841", "price": 3113.02, "amount": 5.353, "side": "sell", "timestamp": 1765670004283}, {"id": "2667032842", "price": 3113.01, "amount": 0.007, "side": "sell", "timestamp": 1765670004283}, {"id": "2667032843", "price": 3113.0, "amount": 4.741, "side": "sell", "timestamp": 1765670004283}, {"id": "2667032844", "price": 3113.01, "amount": 0.011, "side": "buy", "timestamp": 1765670004522}, {"id": "2667032845", "price": 3113.01, "amount": 0.021, "side": "buy", "timestamp": 1765670005958}, {"id": "2667032846", "price": 3113.0, "amount": 6.527, "side": "sell", "timestamp": 1765670006388}, {"id": "2667032847", "price": 3112.99, "amount": 0.014, "side": "sell", "timestamp": 1765670006389}, {"id": "2667032848", "price": 3112.98, "amount": 13.064, "side": "sell", "timestamp": 1765670006389}, {"id": "2667032849", "price": 3112.97, "amount": 11.039, "side": "sell", "timestamp": 1765670006389}, {"id": "2667032850", "price": 3112.96, "amount": 8.97, "side": "sell", "timestamp": 1765670006390}, {"id": "2667032851", "price": 3112.97, "amount": 0.001, "side": "buy", "timestamp": 1765670008374}, {"id": "2667032852", "price": 3112.97, "amount": 0.008, "side": "buy", "timestamp": 1765670008731}, {"id": "2667032853", "price": 3112.96, "amount": 0.314, "side": "sell", "timestamp": 1765670009679}, {"id": "2667032854", "price": 3112.97, "amount": 3.003, "side": "buy", "timestamp": 1765670010354}, {"id": "2667033173", "price": 3113.46, "amount": 0.038, "side": "sell", "timestamp": 1765670060553}, {"id": "2667033174", "price": 3113.43, "amount": 0.055, "side": "sell", "timestamp": 1765670060553}, {"id": "2667033175", "price": 3113.41, "amount": 0.009, "side": "sell", "timestamp": 1765670060553}, {"id": "2667033176", "price": 3113.4, "amount": 0.047, "side": "sell", "timestamp": 1765670060790}, {"id": "2667033177", "price": 3113.41, "amount": 0.597, "side": "buy", "timestamp": 1765670061193}, {"id": "2667033178", "price": 3113.4, "amount": 3.908, "side": "sell", "timestamp": 1765670061896}, {"id": "2667033179", "price": 3113.39, "amount": 0.021, "side": "sell", "timestamp": 1765670061896}, {"id": "2667033180", "price": 3113.36, "amount": 0.047, "side": "sell", "timestamp": 1765670061896}, {"id": "2667033181", "price": 3113.34, "amount": 0.074, "side": "sell", "timestamp": 1765670061896}, {"id": "2667033182", "price": 3113.33, "amount": 0.029, "side": "sell", "timestamp": 1765670061896}, {"id": "2667033183", "price": 3113.32, "amount": 0.038, "side": "sell", "timestamp": 1765670061896}, {"id": "2667033184", "price": 3113.3, "amount": 1.171, "side": "sell", "timestamp": 1765670061896}, {"id": "2667033185", "price": 3113.29, "amount": 0.884, "side": "sell", "timestamp": 1765670061896}, {"id": "2667033186", "price": 3113.28, "amount": 7.026, "side": "sell", "timestamp": 1765670061896}, {"id": "2667033187", "price": 3113.27, "amount": 9.665, "side": "sell", "timestamp": 1765670061896}, {"id": "2667033188", "price": 3113.26, "amount": 25.396, "side": "sell", "timestamp": 1765670061897}, {"id": "2667033189", "price": 3113.25, "amount": 0.36, "side": "sell", "timestamp": 1765670061906}, {"id": "2667033190", "price": 3113.24, "amount": 0.328, "side": "sell", "timestamp": 1765670061907}, {"id": "2667033191", "price": 3113.22, "amount": 0.021, "side": "sell", "timestamp": 1765670061907}, {"id": "2667033192", "price": 3113.21, "amount": 0.244, "side": "sell", "timestamp": 1765670061907}, {"id": "2667033193", "price": 3113.19, "amount": 0.051, "side": "sell", "timestamp": 1765670061922}, {"id": "2667033194", "price": 3113.18, "amount": 0.016, "side": "sell", "timestamp": 1765670061922}, {"id": "2667033195", "price": 3113.16, "amount": 0.093, "side": "sell", "timestamp": 1765670061922}, {"id": "2667033196", "price": 3113.15, "amount": 0.022, "side": "sell", "timestamp": 1765670061922}, {"id": "2667033197", "price": 3113.14, "amount": 0.483, "side": "sell", "timestamp": 1765670062118}, {"id": "2667033198", "price": 3113.13, "amount": 0.007, "side": "sell", "timestamp": 1765670062118}, {"id": "2667033199", "price": 3113.11, "amount": 0.009, "side": "sell", "timestamp": 1765670062119}, {"id": "2667033200", "price": 3113.1, "amount": 0.014, "side": "sell", "timestamp": 1765670062119}, {"id": "2667033201", "price": 3113.09, "amount": 0.047, "side": "sell", "timestamp": 1765670062119}, {"id": "2667033202", "price": 3113.07, "amount": 0.009, "side": "sell", "timestamp": 1765670062119}, {"id": "2667033203", "price": 3113.06, "amount": 0.013, "side": "sell", "timestamp": 1765670062119}, {"id": "2667033204", "price": 3113.04, "amount": 0.04, "side": "sell", "timestamp": 1765670062119}, {"id": "2667033205", "price": 3113.02, "amount": 0.183, "side": "sell", "timestamp": 1765670062119}, {"id": "2667033206", "price": 3113.01, "amount": 0.017, "side": "sell", "timestamp": 1765670062119}, {"id": "2667033207", "price": 3113.0, "amount": 0.817, "side": "sell", "timestamp": 1765670062125}, {"id": "2667033208", "price": 3112.99, "amount": 0.013, "side": "sell", "timestamp": 1765670062128}, {"id": "2667033209", "price": 3112.98, "amount": 0.045, "side": "sell", "timestamp": 1765670062128}, {"id": "2667033210", "price": 3112.97, "amount": 0.022, "side": "sell", "timestamp": 1765670062128}, {"id": "2667033211", "price": 3112.95, "amount": 0.007, "side": "sell", "timestamp": 1765670062133}, {"id": "2667033212", "price": 3112.94, "amount": 0.038, "side": "sell", "timestamp": 1765670062134}, {"id": "2667033213", "price": 3112.93, "amount": 0.087, "side": "sell", "timestamp": 1765670062134}, {"id": "2667033214", "price": 3112.92, "amount": 0.029, "side": "sell", "timestamp": 1765670062134}, {"id": "2667033215", "price": 3112.92, "amount": 0.729, "side": "buy", "timestamp": 1765670062185}, {"id": "2667033216", "price": 3112.92, "amount": 21.468, "side": "buy", "timestamp": 1765670062602}, {"id": "2667033217", "price": 3112.92, "amount": 0.596, "side": "buy", "timestamp": 1765670063208}, {"id": "2667033218", "price": 3112.91, "amount": 0.019, "side": "sell", "timestamp": 1765670063296}, {"id": "2667033219", "price": 3112.92, "amount": 0.011, "side": "buy", "timestamp": 1765670063616}, {"id": "2667033220", "price": 3112.92, "amount": 0.595, "side": "buy", "timestamp": 1765670064242}, {"id": "2667033221", "price": 3112.92, "amount": 0.594, "side": "buy", "timestamp": 1765670065219}, {"id": "2667033222", "price": 3112.91, "amount": 0.007, "side": "sell", "timestamp": 1765670066002}, {"id": "2667033692", "price": 3113.48, "amount": 0.436, "side": "buy", "timestamp": 1765670112856}, {"id": "2667033693", "price": 3113.49, "amount": 0.053, "side": "buy", "timestamp": 1765670112856}, {"id": "2667033694", "price": 3113.53, "amount": 0.982, "side": "buy", "timestamp": 1765670113137}, {"id": "2667033695", "price": 3113.53, "amount": 1.1, "side": "buy", "timestamp": 1765670113456}, {"id": "2667033696", "price": 3113.53, "amount": 0.784, "side": "buy", "timestamp": 1765670114086}, {"id": "2667033697", "price": 3113.53, "amount": 0.786, "side": "buy", "timestamp": 1765670115053}, {"id": "2667033698", "price": 3113.53, "amount": 0.788, "side": "buy", "timestamp": 1765670116136}, {"id": "2667033699", "price": 3113.52, "amount": 21.436, "side": "sell", "timestamp": 1765670116757}, {"id": "2667033700", "price": 3113.53, "amount": 3.67, "side": "buy", "timestamp": 1765670116882}, {"id": "2667033701", "price": 3113.52, "amount": 0.08, "side": "sell", "timestamp": 1765670116988}, {"id": "2667033702", "price": 3113.52, "amount": 1.419, "side": "sell", "timestamp": 1765670117105}, {"id": "2667033703", "price": 3113.51, "amount": 0.007, "side": "sell", "timestamp": 1765670117105}, {"id": "2667033704", "price": 3113.49, "amount": 0.038, "side": "sell", "timestamp": 1765670117105}, {"id": "2667033705", "price": 3113.48, "amount": 0.014, "side": "sell", "timestamp": 1765670117105}, {"id": "2667033706", "price": 3113.47, "amount": 3.428, "side": "sell", "timestamp": 1765670117105}, {"id": "2667033707", "price": 3113.46, "amount": 0.2, "side": "sell", "timestamp": 1765670117105}, {"id": "2667033708", "price": 3113.45, "amount": 1.317, "side": "sell", "timestamp": 1765670117105}, {"id": "2667033709", "price": 3113.44, "amount": 0.022, "side": "sell", "timestamp": 1765670117105}, {"id": "2667033710", "price": 3113.43, "amount": 0.016, "side": "sell", "timestamp": 1765670117105}, {"id": "2667033711", "price": 3113.42, "amount": 0.013, "side": "sell", "timestamp": 1765670117105}, {"id": "2667033712", "price": 3113.4, "amount": 0.278, "side": "sell", "timestamp": 1765670117105}, {"id": "2667033713", "price": 3113.39, "amount": 0.013, "side": "sell", "timestamp": 1765670117105}, {"id": "2667033714", "price": 3113.38, "amount": 0.022, "side": "sell", "timestamp": 1765670117105}, {"id": "2667033715", "price": 3113.36, "amount": 0.038, "side": "sell", "timestamp": 1765670117109}, {"id": "2667033716", "price": 3113.35, "amount": 0.065, "side": "sell", "timestamp": 1765670117109}, {"id": "2667033717", "price": 3113.34, "amount": 0.013, "side": "sell", "timestamp": 1765670117109}, {"id": "2667033718", "price": 3113.33, "amount": 0.016, "side": "sell", "timestamp": 1765670117109}, {"id": "2667033719", "price": 3113.32, "amount": 0.062, "side": "sell", "timestamp": 1765670117109}, {"id": "2667033720", "price": 3113.31, "amount": 0.042, "side": "sell", "timestamp": 1765670117109}, {"id": "2667033721", "price": 3113.3, "amount": 0.381, "side": "sell", "timestamp": 1765670117116}, {"id": "2667033722", "price": 3113.29, "amount": 0.007, "side": "sell", "timestamp": 1765670117116}, {"id": "2667033723", "price": 3113.28, "amount": 0.068, "side": "sell", "timestamp": 1765670117116}, {"id": "2667033724", "price": 3113.26, "amount": 0.963, "side": "sell", "timestamp": 1765670117121}, {"id": "2667033725", "price": 3113.25, "amount": 0.014, "side": "sell", "timestamp": 1765670117126}, {"id": "2667033726", "price": 3113.24, "amount": 0.009, "side": "sell", "timestamp": 1765670117126}, {"id": "2667033727", "price": 3113.23, "amount": 0.047, "side": "sell", "timestamp": 1765670117128}, {"id": "2667033728", "price": 3113.22, "amount": 0.321, "side": "sell", "timestamp": 1765670117128}, {"id": "2667033729", "price": 3113.21, "amount": 0.018, "side": "sell", "timestamp": 1765670117128}, {"id": "2667033730", "price": 3113.21, "amount": 0.791, "side": "buy", "timestamp": 1765670117131}, {"id": "2667033731", "price": 3113.21, "amount": 0.095, "side": "buy", "timestamp": 1765670117278}, {"id": "2667033732", "price": 3113.2, "amount": 0.797, "side": "sell", "timestamp": 1765670117628}, {"id": "2667033733", "price": 3113.21, "amount": 0.793, "side": "buy", "timestamp": 1765670118204}, {"id": "2667033734", "price": 3113.21, "amount": 0.162, "side": "buy", "timestamp": 1765670118310}, {"id": "2667033735", "price": 3113.21, "amount": 0.03, "side": "buy", "timestamp": 1765670118464}, {"id": "2667033736", "price": 3113.21, "amount": 0.469, "side": "buy", "timestamp": 1765670118658}, {"id": "2667033737", "price": 3113.21, "amount": 0.2, "side": "buy", "timestamp": 1765670118966}, {"id": "2667033738", "price": 3113.21, "amount": 0.795, "side": "buy", "timestamp": 1765670119166}, {"id": "2667033739", "price": 3113.21, "amount": 0.259, "side": "buy", "timestamp": 1765670119267}, {"id": "2667033740", "price": 3113.21, "amount": 0.001, "side": "buy", "timestamp": 1765670119529}, {"id": "2667033741", "price": 3113.21, "amount": 0.797, "side": "buy", "timestamp": 1765670120178}, {"id": "2667034012", "price": 3114.34, "amount": 0.225, "side": "sell", "timestamp": 1765670161821}, {"id": "2667034013", "price": 3114.34, "amount": 6.107, "side": "sell", "timestamp": 1765670162009}, {"id": "2667034014", "price": 3114.35, "amount": 0.014, "side": "buy", "timestamp": 1765670162021}, {"id": "2667034015", "price": 3114.35, "amount": 0.803, "side": "buy", "timestamp": 1765670162263}, {"id": "2667034016", "price": 3114.34, "amount": 0.022, "side": "sell", "timestamp": 1765670162280}, {"id": "2667034017", "price": 3114.35, "amount": 0.007, "side": "buy", "timestamp": 1765670162344}, {"id": "2667034018", "price": 3114.34, "amount": 1.474, "side": "sell", "timestamp": 1765670162352}, {"id": "2667034019", "price": 3114.33, "amount": 0.007, "side": "sell", "timestamp": 1765670162352}, {"id": "2667034020", "price": 3114.32, "amount": 0.426, "side": "sell", "timestamp": 1765670162352}, {"id": "2667034021", "price": 3114.31, "amount": 0.047, "side": "sell", "timestamp": 1765670162352}, {"id": "2667034022", "price": 3114.3, "amount": 0.221, "side": "sell", "timestamp": 1765670162355}, {"id": "2667034023", "price": 3114.29, "amount": 0.007, "side": "sell", "timestamp": 1765670162355}, {"id": "2667034024", "price": 3114.27, "amount": 0.045, "side": "sell", "timestamp": 1765670162355}, {"id": "2667034025", "price": 3114.26, "amount": 0.105, "side": "sell", "timestamp": 1765670162355}, {"id": "2667034026", "price": 3114.25, "amount": 0.013, "side": "sell", "timestamp": 1765670162355}, {"id": "2667034027", "price": 3114.23, "amount": 0.264, "side": "sell", "timestamp": 1765670162360}, {"id": "2667034028", "price": 3114.22, "amount": 0.194, "side": "sell", "timestamp": 1765670162363}, {"id": "2667034029", "price": 3114.2, "amount": 0.009, "side": "sell", "timestamp": 1765670162364}, {"id": "2667034030", "price": 3114.19, "amount": 0.06, "side": "sell", "timestamp": 1765670162367}, {"id": "2667034031", "price": 3114.18, "amount": 0.191, "side": "sell", "timestamp": 1765670162372}, {"id": "2667034032", "price": 3114.16, "amount": 0.054, "side": "sell", "timestamp": 1765670162372}, {"id": "2667034033", "price": 3114.15, "amount": 0.007, "side": "sell", "timestamp": 1765670162372}, {"id": "2667034034", "price": 3114.14, "amount": 0.016, "side": "sell", "timestamp": 1765670162372}, {"id": "2667034035", "price": 3114.13, "amount": 0.119, "side": "sell", "timestamp": 1765670162372}, {"id": "2667034036", "price": 3114.1, "amount": 0.051, "side": "sell", "timestamp": 1765670162376}, {"id": "2667034037", "price": 3114.09, "amount": 0.059, "side": "sell", "timestamp": 1765670162380}, {"id": "2667034038", "price": 3114.1, "amount": 0.799, "side": "buy", "timestamp": 1765670163205}, {"id": "2667034039", "price": 3114.1, "amount": 0.013, "side": "buy", "timestamp": 1765670163870}, {"id": "2667034040", "price": 3114.1, "amount": 0.795, "side": "buy", "timestamp": 1765670164139}, {"id": "2667034041", "price": 3114.1, "amount": 0.303, "side": "buy", "timestamp": 1765670164410}, {"id": "2667034042", "price": 3114.1, "amount": 3.632, "side": "buy", "timestamp": 1765670164625}, {"id": "2667034043", "price": 3114.1, "amount": 0.791, "side": "buy", "timestamp": 1765670165064}, {"id": "2667034044", "price": 3114.09, "amount": 0.237, "side": "sell", "timestamp": 1765670165655}, {"id": "2667034045", "price": 3114.1, "amount": 0.962, "side": "buy", "timestamp": 1765670165688}, {"id": "2667034046", "price": 3114.1, "amount": 0.787, "side": "buy", "timestamp": 1765670166069}, {"id": "2667034047", "price": 3114.1, "amount": 0.789, "side": "buy", "timestamp": 1765670167009}, {"id": "2667034048", "price": 3114.09, "amount": 0.004, "side": "sell", "timestamp": 1765670167603}, {"id": "2667034049", "price": 3114.1, "amount": 0.778, "side": "buy", "timestamp": 1765670168058}, {"id": "2667034050", "price": 3114.1, "amount": 0.774, "side": "buy", "timestamp": 1765670169029}, {"id": "2667034051", "price": 3114.1, "amount": 0.67, "side": "buy", "timestamp": 1765670169393}, {"id": "2667034052", "price": 3114.1, "amount": 0.803, "side": "buy", "timestamp": 1765670169921}, {"id": "2667034053", "price": 3114.09, "amount": 0.011, "side": "sell", "timestamp": 1765670170081}, {"id": "2667034054", "price": 3114.1, "amount": 0.001, "side": "buy", "timestamp": 1765670170641}, {"id": "2667034055", "price": 3114.09, "amount": 0.256, "side": "sell", "timestamp": 1765670170952}, {"id": "2667034056", "price": 3114.1, "amount": 0.766, "side": "buy", "timestamp": 1765670171038}, {"id": "2667034057", "price": 3114.1, "amount": 0.762, "side": "buy", "timestamp": 1765670172023}, {"id": "2667034058", "price": 3114.09, "amount": 0.25, "side": "sell", "timestamp": 1765670172526}, {"id": "2667034059", "price": 3114.09, "amount": 0.097, "side": "sell", "timestamp": 1765670172709}, {"id": "2667034060", "price": 3114.1, "amount": 0.758, "side": "buy", "timestamp": 1765670172973}, {"id": "2667034061", "price": 3114.1, "amount": 0.016, "side": "buy", "timestamp": 1765670173336}, {"id": "2667034274", "price": 3113.54, "amount": 0.014, "side": "sell", "timestamp": 1765670221479}, {"id": "2667034275", "price": 3113.55, "amount": 0.575, "side": "buy", "timestamp": 1765670221903}, {"id": "2667034276", "price": 3113.54, "amount": 0.014, "side": "sell", "timestamp": 1765670221963}, {"id": "2667034277", "price": 3113.54, "amount": 1.856, "side": "sell", "timestamp": 1765670222085}, {"id": "2667034278", "price": 3113.54, "amount": 18.463, "side": "sell", "timestamp": 1765670222190}, {"id": "2667034279", "price": 3113.54, "amount": 0.756, "side": "sell", "timestamp": 1765670222333}, {"id": "2667034280", "price": 3113.53, "amount": 0.059, "side": "sell", "timestamp": 1765670222339}, {"id": "2667034281", "price": 3113.52, "amount": 0.49, "side": "sell", "timestamp": 1765670222341}, {"id": "2667034282", "price": 3113.51, "amount": 0.014, "side": "sell", "timestamp": 1765670222344}, {"id": "2667034283", "price": 3113.49, "amount": 0.038, "side": "sell", "timestamp": 1765670222346}, {"id": "2667034284", "price": 3113.48, "amount": 0.007, "side": "sell", "timestamp": 1765670222346}, {"id": "2667034285", "price": 3113.47, "amount": 0.022, "side": "sell", "timestamp": 1765670222346}, {"id": "2667034286", "price": 3113.46, "amount": 74.292, "side": "sell", "timestamp": 1765670222369}, {"id": "2667034287", "price": 3113.45, "amount": 0.021, "side": "sell", "timestamp": 1765670222387}, {"id": "2667034288", "price": 3113.44, "amount": 0.009, "side": "sell", "timestamp": 1765670222387}, {"id": "2667034289", "price": 3113.43, "amount": 0.038, "side": "sell", "timestamp": 1765670222387}, {"id": "2667034290", "price": 3113.41, "amount": 0.009, "side": "sell", "timestamp": 1765670222387}, {"id": "2667034291", "price": 3113.4, "amount": 0.027, "side": "sell", "timestamp": 1765670222388}, {"id": "2667034292", "price": 3113.39, "amount": 0.056, "side": "sell", "timestamp": 1765670222388}, {"id": "2667034293", "price": 3113.38, "amount": 0.179, "side": "sell", "timestamp": 1765670222388}, {"id": "2667034294", "price": 3113.36, "amount": 0.185, "side": "sell", "timestamp": 1765670222391}, {"id": "2667034295", "price": 3113.35, "amount": 0.02, "side": "sell", "timestamp": 1765670222391}, {"id": "2667034296", "price": 3113.34, "amount": 0.047, "side": "sell", "timestamp": 1765670222392}, {"id": "2667034297", "price": 3113.33, "amount": 0.022, "side": "sell", "timestamp": 1765670222392}, {"id": "2667034298", "price": 3113.32, "amount": 0.016, "side": "sell", "timestamp": 1765670222392}, {"id": "2667034299", "price": 3113.31, "amount": 0.022, "side": "sell", "timestamp": 1765670222392}, {"id": "2667034300", "price": 3113.3, "amount": 0.076, "side": "sell", "timestamp": 1765670222392}, {"id": "2667034301", "price": 3113.29, "amount": 0.013, "side": "sell", "timestamp": 1765670222392}, {"id": "2667034302", "price": 3113.28, "amount": 0.017, "side": "sell", "timestamp": 1765670222392}, {"id": "2667034303", "price": 3113.27, "amount": 0.013, "side": "sell", "timestamp": 1765670222392}, {"id": "2667034304", "price": 3113.26, "amount": 0.023, "side": "sell", "timestamp": 1765670222392}, {"id": "2667034305", "price": 3113.25, "amount": 0.007, "side": "sell", "timestamp": 1765670222392}, {"id": "2667034306", "price": 3113.24, "amount": 0.06, "side": "sell", "timestamp": 1765670222392}, {"id": "2667034307", "price": 3113.22, "amount": 0.01, "side": "sell", "timestamp": 1765670222397}, {"id": "2667034308", "price": 3113.21, "amount": 0.036, "side": "sell", "timestamp": 1765670222397}, {"id": "2667034309", "price": 3113.2, "amount": 0.095, "side": "sell", "timestamp": 1765670222397}, {"id": "2667034310", "price": 3113.2, "amount": 0.997, "side": "buy", "timestamp": 1765670222461}, {"id": "2667034311", "price": 3113.2, "amount": 0.572, "side": "buy", "timestamp": 1765670222881}, {"id": "2667034312", "price": 3113.2, "amount": 0.014, "side": "buy", "timestamp": 1765670223025}, {"id": "2667034313", "price": 3113.19, "amount": 0.008, "side": "sell", "timestamp": 1765670223826}, {"id": "2667034314", "price": 3113.2, "amount": 0.568, "side": "buy", "timestamp": 1765670223872}, {"id": "2667034315", "price": 3113.19, "amount": 0.444, "side": "sell", "timestamp": 1765670224342}, {"id": "2667034316", "price": 3113.2, "amount": 0.025, "side": "buy", "timestamp": 1765670224450}, {"id": "2667034317", "price": 3113.2, "amount": 0.565, "side": "buy", "timestamp": 1765670224838}, {"id": "2667034318", "price": 3113.19, "amount": 0.061, "side": "sell", "timestamp": 1765670225059}, {"id": "2667034319", "price": 3113.2, "amount": 0.561, "side": "buy", "timestamp": 1765670225806}, {"id": "2667034320", "price": 3113.2, "amount": 1.606, "side": "buy", "timestamp": 1765670226205}, {"id": "2667034321", "price": 3113.19, "amount": 0.012, "side": "sell", "timestamp": 1765670226499}, {"id": "2667034322", "price": 3113.19, "amount": 0.223, "side": "sell", "timestamp": 1765670226619}, {"id": "2667034323", "price": 3113.2, "amount": 0.558, "side": "buy", "timestamp": 1765670226811}, {"id": "2667034701", "price": 3115.21, "amount": 0.694, "side": "buy", "timestamp": 1765670272428}, {"id": "2667034702", "price": 3115.2, "amount": 0.122, "side": "sell", "timestamp": 1765670272429}, {"id": "2667034703", "price": 3115.21, "amount": 0.053, "side": "buy", "timestamp": 1765670272831}, {"id": "2667034704", "price": 3115.2, "amount": 13.378, "side": "sell", "timestamp": 1765670273039}, {"id": "2667034705", "price": 3115.21, "amount": 0.832, "side": "buy", "timestamp": 1765670273379}, {"id": "2667034706", "price": 3115.21, "amount": 3.211, "side": "buy", "timestamp": 1765670273991}, {"id": "2667034707", "price": 3115.21, "amount": 0.83, "side": "buy", "timestamp": 1765670274359}, {"id": "2667034708", "price": 3115.2, "amount": 0.222, "side": "sell", "timestamp": 1765670275143}, {"id": "2667034709", "price": 3115.19, "amount": 0.052, "side": "sell", "timestamp": 1765670275143}, {"id": "2667034710", "price": 3115.19, "amount": 0.826, "side": "buy", "timestamp": 1765670275345}, {"id": "2667034711", "price": 3115.19, "amount": 0.001, "side": "buy", "timestamp": 1765670275536}, {"id": "2667034712", "price": 3115.19, "amount": 0.911, "side": "buy", "timestamp": 1765670276346}, {"id": "2667034713", "price": 3115.18, "amount": 5.62, "side": "sell", "timestamp": 1765670276442}, {"id": "2667034714", "price": 3115.17, "amount": 0.007, "side": "sell", "timestamp": 1765670276442}, {"id": "2667034715", "price": 3115.15, "amount": 1.268, "side": "sell", "timestamp": 1765670276442}, {"id": "2667034716", "price": 3115.14, "amount": 0.245, "side": "sell", "timestamp": 1765670276442}, {"id": "2667034717", "price": 3115.13, "amount": 0.009, "side": "sell", "timestamp": 1765670276442}, {"id": "2667034718", "price": 3115.12, "amount": 0.073, "side": "sell", "timestamp": 1765670276442}, {"id": "2667034719", "price": 3115.1, "amount": 0.029, "side": "sell", "timestamp": 1765670276442}, {"id": "2667034720", "price": 3115.08, "amount": 0.864, "side": "sell", "timestamp": 1765670276442}, {"id": "2667034721", "price": 3115.07, "amount": 0.038, "side": "sell", "timestamp": 1765670276443}, {"id": "2667034722", "price": 3115.06, "amount": 0.007, "side": "sell", "timestamp": 1765670276443}, {"id": "2667034723", "price": 3115.05, "amount": 0.034, "side": "sell", "timestamp": 1765670276443}, {"id": "2667034724", "price": 3115.04, "amount": 0.619, "side": "sell", "timestamp": 1765670276443}, {"id": "2667034725", "price": 3115.03, "amount": 0.038, "side": "sell", "timestamp": 1765670276443}, {"id": "2667034726", "price": 3115.02, "amount": 0.016, "side": "sell", "timestamp": 1765670276443}, {"id": "2667034727", "price": 3115.01, "amount": 1.38, "side": "sell", "timestamp": 1765670276443}, {"id": "2667034728", "price": 3115.0, "amount": 1.726, "side": "sell", "timestamp": 1765670276453}, {"id": "2667034729", "price": 3114.99, "amount": 0.425, "side": "sell", "timestamp": 1765670276457}, {"id": "2667034730", "price": 3114.98, "amount": 0.014, "side": "sell", "timestamp": 1765670276513}, {"id": "2667034731", "price": 3114.97, "amount": 0.007, "side": "sell", "timestamp": 1765670276513}, {"id": "2667034732", "price": 3114.96, "amount": 0.111, "side": "sell", "timestamp": 1765670276515}, {"id": "2667034733", "price": 3114.95, "amount": 0.139, "side": "sell", "timestamp": 1765670276520}, {"id": "2667034734", "price": 3114.94, "amount": 0.281, "side": "sell", "timestamp": 1765670276520}, {"id": "2667034735", "price": 3114.92, "amount": 0.16, "side": "sell", "timestamp": 1765670276752}, {"id": "2667034736", "price": 3114.93, "amount": 0.821, "side": "buy", "timestamp": 1765670277348}, {"id": "2667034737", "price": 3114.92, "amount": 0.034, "side": "sell", "timestamp": 1765670277352}, {"id": "2667034738", "price": 3114.93, "amount": 1.014, "side": "buy", "timestamp": 1765670278028}, {"id": "2667034739", "price": 3114.93, "amount": 0.818, "side": "buy", "timestamp": 1765670278368}, {"id": "2667034740", "price": 3114.92, "amount": 0.623, "side": "sell", "timestamp": 1765670278372}, {"id": "2667034741", "price": 3114.92, "amount": 1.0, "side": "sell", "timestamp": 1765670279128}, {"id": "2667034742", "price": 3114.93, "amount": 0.054, "side": "buy", "timestamp": 1765670279144}, {"id": "2667034743", "price": 3114.93, "amount": 0.815, "side": "buy", "timestamp": 1765670279391}, {"id": "2667034744", "price": 3114.93, "amount": 0.081, "side": "buy", "timestamp": 1765670280067}, {"id": "2667034745", "price": 3114.93, "amount": 0.001, "side": "buy", "timestamp": 1765670280231}, {"id": "2667034746", "price": 3114.92, "amount": 0.543, "side": "sell", "timestamp": 1765670280235}, {"id": "2667034747", "price": 3114.93, "amount": 0.813, "side": "buy", "timestamp": 1765670280344}, {"id": "2667034748", "price": 3114.93, "amount": 2.0, "side": "buy", "timestamp": 1765670280838}, {"id": "2667034749", "price": 3114.92, "amount": 0.031, "side": "sell", "timestamp": 1765670280875}, {"id": "2667034750", "price": 3114.93, "amount": 0.454, "side": "buy", "timestamp": 1765670280917}, {"id": "2667035125", "price": 3114.86, "amount": 0.047, "side": "buy", "timestamp": 1765670329280}, {"id": "2667035126", "price": 3114.87, "amount": 0.007, "side": "buy", "timestamp": 1765670329280}, {"id": "2667035127", "price": 3114.88, "amount": 0.036, "side": "buy", "timestamp": 1765670329280}, {"id": "2667035128", "price": 3114.89, "amount": 0.351, "side": "buy", "timestamp": 1765670329280}, {"id": "2667035129", "price": 3114.9, "amount": 0.061, "side": "buy", "timestamp": 1765670329280}, {"id": "2667035130", "price": 3114.91, "amount": 0.022, "side": "buy", "timestamp": 1765670329280}, {"id": "2667035131", "price": 3114.92, "amount": 0.016, "side": "buy", "timestamp": 1765670329280}, {"id": "2667035132", "price": 3114.93, "amount": 0.013, "side": "buy", "timestamp": 1765670329280}, {"id": "2667035133", "price": 3114.94, "amount": 0.619, "side": "buy", "timestamp": 1765670329280}, {"id": "2667035134", "price": 3114.95, "amount": 0.009, "side": "buy", "timestamp": 1765670329280}, {"id": "2667035135", "price": 3114.96, "amount": 0.216, "side": "buy", "timestamp": 1765670329280}, {"id": "2667035136", "price": 3114.98, "amount": 0.671, "side": "buy", "timestamp": 1765670329280}, {"id": "2667035137", "price": 3114.99, "amount": 0.017, "side": "buy", "timestamp": 1765670329280}, {"id": "2667035138", "price": 3115.0, "amount": 0.051, "side": "buy", "timestamp": 1765670329280}, {"id": "2667035139", "price": 3115.01, "amount": 0.009, "side": "buy", "timestamp": 1765670329280}, {"id": "2667035140", "price": 3115.02, "amount": 0.007, "side": "buy", "timestamp": 1765670329280}, {"id": "2667035141", "price": 3115.03, "amount": 0.275, "side": "buy", "timestamp": 1765670329280}, {"id": "2667035142", "price": 3115.04, "amount": 0.06, "side": "buy", "timestamp": 1765670329280}, {"id": "2667035143", "price": 3115.05, "amount": 0.554, "side": "buy", "timestamp": 1765670329280}, {"id": "2667035144", "price": 3115.06, "amount": 0.317, "side": "buy", "timestamp": 1765670329280}, {"id": "2667035145", "price": 3115.07, "amount": 0.016, "side": "buy", "timestamp": 1765670329280}, {"id": "2667035146", "price": 3115.08, "amount": 2.772, "side": "buy", "timestamp": 1765670329280}, {"id": "2667035147", "price": 3115.07, "amount": 0.702, "side": "sell", "timestamp": 1765670329406}, {"id": "2667035148", "price": 3115.07, "amount": 0.96, "side": "sell", "timestamp": 1765670329951}, {"id": "2667035149", "price": 3115.08, "amount": 0.66, "side": "buy", "timestamp": 1765670329998}, {"id": "2667035150", "price": 3115.08, "amount": 0.386, "side": "buy", "timestamp": 1765670330365}, {"id": "2667035151", "price": 3115.07, "amount": 0.42, "side": "sell", "timestamp": 1765670330369}, {"id": "2667035152", "price": 3115.08, "amount": 0.038, "side": "buy", "timestamp": 1765670330511}, {"id": "2667035153", "price": 3115.08, "amount": 4.601, "side": "buy", "timestamp": 1765670330623}, {"id": "2667035154", "price": 3115.08, "amount": 0.657, "side": "buy", "timestamp": 1765670331041}, {"id": "2667035155", "price": 3115.08, "amount": 3.005, "side": "buy", "timestamp": 1765670331534}, {"id": "2667035156", "price": 3115.07, "amount": 0.416, "side": "sell", "timestamp": 1765670331538}, {"id": "2667035157", "price": 3115.07, "amount": 1.0, "side": "sell", "timestamp": 1765670331833}, {"id": "2667035158", "price": 3115.07, "amount": 0.281, "side": "sell", "timestamp": 1765670331936}, {"id": "2667035159", "price": 3115.08, "amount": 0.655, "side": "buy", "timestamp": 1765670332028}, {"id": "2667035160", "price": 3115.07, "amount": 0.711, "side": "sell", "timestamp": 1765670332198}, {"id": "2667035161", "price": 3115.07, "amount": 0.007, "side": "sell", "timestamp": 1765670333036}, {"id": "2667035162", "price": 3115.08, "amount": 0.652, "side": "buy", "timestamp": 1765670333049}, {"id": "2667035163", "price": 3115.07, "amount": 1.312, "side": "sell", "timestamp": 1765670333186}, {"id": "2667035164", "price": 3115.07, "amount": 0.292, "side": "sell", "timestamp": 1765670333367}, {"id": "2667035165", "price": 3115.07, "amount": 1.938, "side": "sell", "timestamp": 1765670333527}, {"id": "2667035166", "price": 3115.06, "amount": 0.021, "side": "sell", "timestamp": 1765670333529}, {"id": "2667035167", "price": 3115.06, "amount": 0.481, "side": "buy", "timestamp": 1765670333663}, {"id": "2667035168", "price": 3115.06, "amount": 0.649, "side": "buy", "timestamp": 1765670333966}, {"id": "2667035169", "price": 3115.05, "amount": 0.568, "side": "sell", "timestamp": 1765670334561}, {"id": "2667035170", "price": 3115.04, "amount": 0.139, "side": "sell", "timestamp": 1765670334569}, {"id": "2667035171", "price": 3115.03, "amount": 0.007, "side": "sell", "timestamp": 1765670334569}, {"id": "2667035172", "price": 3115.02, "amount": 0.016, "side": "sell", "timestamp": 1765670334569}, {"id": "2667035173", "price": 3115.0, "amount": 0.067, "side": "sell", "timestamp": 1765670334569}, {"id": "2667035174", "price": 3114.98, "amount": 0.007, "side": "sell", "timestamp": 1765670334569}, {"id": "2667035593", "price": 3113.39, "amount": 0.02, "side": "buy", "timestamp": 1765670381954}, {"id": "2667035594", "price": 3113.4, "amount": 0.35, "side": "buy", "timestamp": 1765670381954}, {"id": "2667035595", "price": 3113.41, "amount": 0.037, "side": "buy", "timestamp": 1765670381954}, {"id": "2667035596", "price": 3113.42, "amount": 0.028, "side": "buy", "timestamp": 1765670381954}, {"id": "2667035597", "price": 3113.43, "amount": 0.76, "side": "buy", "timestamp": 1765670381954}, {"id": "2667035598", "price": 3113.44, "amount": 0.076, "side": "buy", "timestamp": 1765670381954}, {"id": "2667035599", "price": 3113.45, "amount": 8.363, "side": "buy", "timestamp": 1765670381954}, {"id": "2667035600", "price": 3113.46, "amount": 3.632, "side": "buy", "timestamp": 1765670381954}, {"id": "2667035601", "price": 3113.46, "amount": 0.001, "side": "buy", "timestamp": 1765670382165}, {"id": "2667035602", "price": 3113.45, "amount": 0.056, "side": "sell", "timestamp": 1765670382169}, {"id": "2667035603", "price": 3113.46, "amount": 0.132, "side": "buy", "timestamp": 1765670382194}, {"id": "2667035604", "price": 3113.46, "amount": 1.0, "side": "buy", "timestamp": 1765670382631}, {"id": "2667035605", "price": 3113.46, "amount": 0.566, "side": "buy", "timestamp": 1765670382799}, {"id": "2667035606", "price": 3113.46, "amount": 0.565, "side": "buy", "timestamp": 1765670383768}, {"id": "2667035607", "price": 3113.45, "amount": 0.1, "side": "sell", "timestamp": 1765670383772}, {"id": "2667035608", "price": 3113.46, "amount": 0.401, "side": "buy", "timestamp": 1765670384725}, {"id": "2667035609", "price": 3113.45, "amount": 3.893, "side": "sell", "timestamp": 1765670384729}, {"id": "2667035610", "price": 3113.44, "amount": 0.035, "side": "sell", "timestamp": 1765670384741}, {"id": "2667035611", "price": 3113.43, "amount": 0.09, "side": "sell", "timestamp": 1765670384743}, {"id": "2667035612", "price": 3113.44, "amount": 0.563, "side": "buy", "timestamp": 1765670384765}, {"id": "2667035613", "price": 3113.44, "amount": 0.364, "side": "buy", "timestamp": 1765670384868}, {"id": "2667035614", "price": 3113.44, "amount": 0.256, "side": "buy", "timestamp": 1765670385065}, {"id": "2667035615", "price": 3113.44, "amount": 0.002, "side": "buy", "timestamp": 1765670385215}, {"id": "2667035616", "price": 3113.43, "amount": 0.496, "side": "sell", "timestamp": 1765670385219}, {"id": "2667035617", "price": 3113.42, "amount": 0.014, "side": "sell", "timestamp": 1765670385222}, {"id": "2667035618", "price": 3113.41, "amount": 0.007, "side": "sell", "timestamp": 1765670385222}, {"id": "2667035619", "price": 3113.4, "amount": 0.03, "side": "sell", "timestamp": 1765670385222}, {"id": "2667035620", "price": 3113.38, "amount": 0.051, "side": "sell", "timestamp": 1765670385227}, {"id": "2667035621", "price": 3113.37, "amount": 0.007, "side": "sell", "timestamp": 1765670385227}, {"id": "2667035622", "price": 3113.35, "amount": 0.065, "side": "sell", "timestamp": 1765670385227}, {"id": "2667035623", "price": 3113.34, "amount": 0.051, "side": "sell", "timestamp": 1765670385227}, {"id": "2667035624", "price": 3113.33, "amount": 0.054, "side": "sell", "timestamp": 1765670385227}, {"id": "2667035625", "price": 3113.32, "amount": 0.007, "side": "sell", "timestamp": 1765670385227}, {"id": "2667035626", "price": 3113.31, "amount": 0.009, "side": "sell", "timestamp": 1765670385227}, {"id": "2667035627", "price": 3113.3, "amount": 0.045, "side": "sell", "timestamp": 1765670385227}, {"id": "2667035628", "price": 3113.29, "amount": 0.007, "side": "sell", "timestamp": 1765670385227}, {"id": "2667035629", "price": 3113.28, "amount": 0.025, "side": "sell", "timestamp": 1765670385227}, {"id": "2667035630", "price": 3113.27, "amount": 0.007, "side": "sell", "timestamp": 1765670385227}, {"id": "2667035631", "price": 3113.26, "amount": 0.045, "side": "sell", "timestamp": 1765670385227}, {"id": "2667035632", "price": 3113.25, "amount": 0.016, "side": "sell", "timestamp": 1765670385227}, {"id": "2667035633", "price": 3113.22, "amount": 0.205, "side": "sell", "timestamp": 1765670385231}, {"id": "2667035634", "price": 3113.23, "amount": 0.01, "side": "buy", "timestamp": 1765670385520}, {"id": "2667035635", "price": 3113.23, "amount": 0.561, "side": "buy", "timestamp": 1765670385750}, {"id": "2667035636", "price": 3113.23, "amount": 0.119, "side": "buy", "timestamp": 1765670386020}, {"id": "2667035637", "price": 3113.23, "amount": 0.559, "side": "buy", "timestamp": 1765670386842}, {"id": "2667035638", "price": 3113.22, "amount": 0.03, "side": "sell", "timestamp": 1765670386846}, {"id": "2667035639", "price": 3113.23, "amount": 0.289, "side": "buy", "timestamp": 1765670387071}