[{"symbol": "DOGEUSDT", "bids": [[0.12625, 70758.0], [0.12624, 272753.0], [0.12623, 284288.0], [0.12622, 266578.0], [0.12621, 678646.0], [0.1262, 530582.0], [0.12619, 545368.0], [0.12618, 727631.0], [0.12617, 991889.0], [0.12616, 485926.0], [0.12615, 485147.0], [0.12614, 519267.0], [0.12613, 862720.0], [0.12612, 1751731.0], [0.12611, 578672.0], [0.1261, 738248.0], [0.12609, 788546.0], [0.12608, 473534.0], [0.12607, 480852.0], [0.12606, 1130919.0]], "asks": [[0.12626, 298303.0], [0.12627, 307312.0], [0.12628, 487481.0], [0.12629, 215536.0], [0.1263, 420322.0], [0.12631, 595736.0], [0.12632, 452162.0], [0.12633, 386718.0], [0.12634, 526039.0], [0.12635, 1051598.0], [0.12636, 556753.0], [0.12637, 258225.0], [0.12638, 328152.0], [0.12639, 526157.0], [0.1264, 1239152.0], [0.12641, 533605.0], [0.12642, 493968.0], [0.12643, 672521.0], [0.12644, 653903.0], [0.12645, 888907.0]], "timestamp": "2025-12-18T00:00:34.226132+00:00"}, {"symbol": "DOGEUSDT", "bids": [[0.12623, 54850.0], [0.12622, 60155.0], [0.12621, 128841.0], [0.1262, 303085.0], [0.12619, 709600.0], [0.12618, 426239.0], [0.12617, 934699.0], [0.12616, 496390.0], [0.12615, 569843.0], [0.12614, 698433.0], [0.12613, 888295.0], [0.12612, 1729980.0], [0.12611, 507320.0], [0.1261, 282754.0], [0.12609, 603585.0], [0.12608, 763588.0], [0.12607, 610355.0], [0.12606, 810242.0], [0.12605, 755545.0], [0.12604, 1983197.0]], "asks": [[0.12624, 356214.0], [0.12625, 233102.0], [0.12626, 473925.0], [0.12627, 231308.0], [0.12628, 468921.0], [0.12629, 541425.0], [0.1263, 695107.0], [0.12631, 565667.0], [0.12632, 561135.0], [0.12633, 886295.0], [0.12634, 1466501.0], [0.12635, 284751.0], [0.12636, 511661.0], [0.12637, 520617.0], [0.12638, 737840.0], [0.12639, 413747.0], [0.1264, 464026.0], [0.12641, 329676.0], [0.12642, 688274.0], [0.12643, 453673.0]], "timestamp": "2025-12-18T00:01:31.157027+00:00"}, {"symbol": "DOGEUSDT", "bids": [[0.12617, 334242.0], [0.12616, 127589.0], [0.12615, 119261.0], [0.12614, 223417.0], [0.12613, 801072.0], [0.12612, 1024880.0], [0.12611, 1049537.0], [0.1261, 1035891.0], [0.12609, 737873.0], [0.12608, 576771.0], [0.12607, 621401.0], [0.12606, 472358.0], [0.12605, 706281.0], [0.12604, 549717.0], [0.12603, 485027.0], [0.12602, 889032.0], [0.12601, 984405.0], [0.126, 1036903.0], [0.12599, 748224.0], [0.12598, 1680044.0]], "asks": [[0.12618, 218435.0], [0.12619, 288107.0], [0.1262, 109794.0], [0.12621, 228201.0], [0.12622, 530736.0], [0.12623, 457686.0], [0.12624, 289017.0], [0.12625, 571366.0], [0.12626, 756692.0], [0.12627, 938256.0], [0.12628, 510158.0], [0.12629, 442251.0], [0.1263, 757048.0], [0.12631, 920760.0], [0.12632, 349758.0], [0.12633, 846195.0], [0.12634, 601899.0], [0.12635, 371380.0], [0.12636, 476656.0], [0.12637, 535730.0]], "timestamp": "2025-12-18T00:02:27.764000+00:00"}, {"symbol": "DOGEUSDT", "bids": [[0.12621, 3294.0], [0.1262, 25071.0], [0.12619, 98988.0], [0.12618, 225766.0], [0.12617, 604906.0], [0.12616, 518809.0], [0.12615, 715806.0], [0.12614, 569993.0], [0.12613, 884343.0], [0.12612, 396905.0], [0.12611, 337825.0], [0.1261, 216418.0], [0.12609, 494193.0], [0.12608, 358689.0], [0.12607, 383398.0], [0.12606, 1449843.0], [0.12605, 867682.0], [0.12604, 707225.0], [0.12603, 1434584.0], [0.12602, 883740.0]], "asks": [[0.12622, 393111.0], [0.12623, 335839.0], [0.12624, 229899.0], [0.12625, 298661.0], [0.12626, 851254.0], [0.12627, 636567.0], [0.12628, 276665.0], [0.12629, 772463.0], [0.1263, 649713.0], [0.12631, 1130753.0], [0.12632, 270070.0], [0.12633, 592959.0], [0.12634, 525092.0], [0.12635, 441708.0], [0.12636, 267623.0], [0.12637, 749152.0], [0.12638, 434412.0], [0.12639, 409745.0], [0.1264, 1017646.0], [0.12641, 651132.0]], "timestamp": "2025-12-18T00:03:22.536692+00:00"}, {"symbol": "DOGEUSDT", "bids": [[0.12613, 241389.0], [0.12612, 505913.0], [0.12611, 191651.0], [0.1261, 333738.0], [0.12609, 382004.0], [0.12608, 619309.0], [0.12607, 751468.0], [0.12606, 718769.0], [0.12605, 335801.0], [0.12604, 468957.0], [0.12603, 492785.0], [0.12602, 509927.0], [0.12601, 874805.0], [0.126, 755160.0], [0.12599, 691232.0], [0.12598, 1556817.0], [0.12597, 932430.0], [0.12596, 530469.0], [0.12595, 642989.0], [0.12594, 1109847.0]], "asks": [[0.12614, 205726.0], [0.12615, 269092.0], [0.12616, 193707.0], [0.12617, 461314.0], [0.12618, 788226.0], [0.12619, 661722.0], [0.1262, 455425.0], [0.12621, 637022.0], [0.12622, 617069.0], [0.12623, 398599.0], [0.12624, 339406.0], [0.12625, 396107.0], [0.12626, 562599.0], [0.12627, 204197.0], [0.12628, 277976.0], [0.12629, 642492.0], [0.1263, 384601.0], [0.12631, 193030.0], [0.12632, 185785.0], [0.12633, 763704.0]], "timestamp": "2025-12-18T00:04:20.394632+00:00"}, {"symbol": "DOGEUSDT", "bids": [[0.12615, 41777.0], [0.12614, 215349.0], [0.12613, 384649.0], [0.12612, 451350.0], [0.12611, 487081.0], [0.1261, 659133.0], [0.12609, 652304.0], [0.12608, 520083.0], [0.12607, 547516.0], [0.12606, 634703.0], [0.12605, 495294.0], [0.12604, 349570.0], [0.12603, 452930.0], [0.12602, 784467.0], [0.12601, 876075.0], [0.126, 635835.0], [0.12599, 528363.0], [0.12598, 646295.0], [0.12597, 1060385.0], [0.12596, 1941892.0]], "asks": [[0.12616, 1287062.0], [0.12617, 179175.0], [0.12618, 201676.0], [0.12619, 210200.0], [0.1262, 666072.0], [0.12621, 457197.0], [0.12622, 519615.0], [0.12623, 372213.0], [0.12624, 384861.0], [0.12625, 727424.0], [0.12626, 1274278.0], [0.12627, 216993.0], [0.12628, 301220.0], [0.12629, 397010.0], [0.1263, 597801.0], [0.12631, 232789.0], [0.12632, 204555.0], [0.12633, 823300.0], [0.12634, 980197.0], [0.12635, 488236.0]], "timestamp": "2025-12-18T00:05:19.636731+00:00"}, {"symbol": "DOGEUSDT", "bids": [[0.12603, 43327.0], [0.12602, 80643.0], [0.12601, 429852.0], [0.126, 559777.0], [0.12599, 586055.0], [0.12598, 422845.0], [0.12597, 937810.0], [0.12596, 661707.0], [0.12595, 639335.0], [0.12594, 411099.0], [0.12593, 741639.0], [0.12592, 532846.0], [0.12591, 620663.0], [0.1259, 1161567.0], [0.12589, 853873.0], [0.12588, 1371364.0], [0.12587, 1042306.0], [0.12586, 906427.0], [0.12585, 1916645.0], [0.12584, 1225843.0]], "asks": [[0.12604, 579246.0], [0.12605, 339370.0], [0.12606, 302126.0], [0.12607, 350879.0], [0.12608, 593650.0], [0.12609, 467430.0], [0.1261, 646384.0], [0.12611, 557191.0], [0.12612, 493259.0], [0.12613, 1612196.0], [0.12614, 757001.0], [0.12615, 421396.0], [0.12616, 1540243.0], [0.12617, 541816.0], [0.12618, 423783.0], [0.12619, 232063.0], [0.1262, 449892.0], [0.12621, 561831.0], [0.12622, 376674.0], [0.12623, 370097.0]], "timestamp": "2025-12-18T00:06:16.416720+00:00"}, {"symbol": "DOGEUSDT", "bids": [[0.12617, 208095.0], [0.12616, 297469.0], [0.12615, 156458.0], [0.12614, 356622.0], [0.12613, 820593.0], [0.12612, 821501.0], [0.12611, 774820.0], [0.1261, 655232.0], [0.12609, 750908.0], [0.12608, 475151.0], [0.12607, 688955.0], [0.12606, 369841.0], [0.12605, 429144.0], [0.12604, 304162.0], [0.12603, 593234.0], [0.12602, 915332.0], [0.12601, 440289.0], [0.126, 490322.0], [0.12599, 586198.0], [0.12598, 1496914.0]], "asks": [[0.12618, 97213.0], [0.12619, 91783.0], [0.1262, 113307.0], [0.12621, 353011.0], [0.12622, 691692.0], [0.12623, 411614.0], [0.12624, 488274.0], [0.12625, 576723.0], [0.12626, 556960.0], [0.12627, 817252.0], [0.12628, 430588.0], [0.12629, 321328.0], [0.1263, 646801.0], [0.12631, 309009.0], [0.12632, 471882.0], [0.12633, 1313957.0], [0.12634, 370471.0], [0.12635, 355150.0], [0.12636, 425994.0], [0.12637, 739714.0]], "timestamp": "2025-12-18T00:07:13.451852+00:00"}, {"symbol": "DOGEUSDT", "bids": [[0.12608, 274606.0], [0.12607, 239370.0], [0.12606, 300273.0], [0.12605, 536317.0], [0.12604, 805825.0], [0.12603, 609892.0], [0.12602, 596192.0], [0.12601, 659465.0], [0.126, 652005.0], [0.12599, 633539.0], [0.12598, 457716.0], [0.12597, 662350.0], [0.12596, 611073.0], [0.12595, 746823.0], [0.12594, 935942.0], [0.12593, 1010208.0], [0.12592, 550300.0], [0.12591, 595733.0], [0.1259, 1359026.0], [0.12589, 1706268.0]], "asks": [[0.12609, 131292.0], [0.1261, 174705.0], [0.12611, 197511.0], [0.12612, 479725.0], [0.12613, 732238.0], [0.12614, 906218.0], [0.12615, 455966.0], [0.12616, 538602.0], [0.12617, 672439.0], [0.12618, 1324060.0], [0.12619, 517976.0], [0.1262, 425631.0], [0.12621, 500340.0], [0.12622, 459989.0], [0.12623, 504520.0], [0.12624, 532362.0], [0.12625, 1166253.0], [0.12626, 457827.0], [0.12627, 151873.0], [0.12628, 198799.0]], "timestamp": "2025-12-18T00:08:11.610214+00:00"}, {"symbol": "DOGEUSDT", "bids": [[0.12606, 25833.0], [0.12605, 147296.0], [0.12604, 358183.0], [0.12603, 363184.0], [0.12602, 920102.0], [0.12601, 733133.0], [0.126, 1175904.0], [0.12599, 803607.0], [0.12598, 745095.0], [0.12597, 881781.0], [0.12596, 736429.0], [0.12595, 513567.0], [0.12594, 477489.0], [0.12593, 619983.0], [0.12592, 745927.0], [0.12591, 576309.0], [0.1259, 1004029.0], [0.12589, 828415.0], [0.12588, 1423343.0], [0.12587, 1490217.0]], "asks": [[0.12607, 190302.0], [0.12608, 69224.0], [0.12609, 154473.0], [0.1261, 417037.0], [0.12611, 723532.0], [0.12612, 518721.0], [0.12613, 529683.0], [0.12614, 659474.0], [0.12615, 428398.0], [0.12616, 560387.0], [0.12617, 1183854.0], [0.12618, 622714.0], [0.12619, 397515.0], [0.1262, 402459.0], [0.12621, 673050.0], [0.12622, 389394.0], [0.12623, 294082.0], [0.12624, 458783.0], [0.12625, 1301928.0], [0.12626, 454295.0]], "timestamp": "2025-12-18T00:09:09.574654+00:00"}, {"symbol": "DOGEUSDT", "bids": [[0.12601, 95142.0], [0.126, 183693.0], [0.12599, 550345.0], [0.12598, 317442.0], [0.12597, 653265.0], [0.12596, 879523.0], [0.12595, 598320.0], [0.12594, 573224.0], [0.12593, 671324.0], [0.12592, 618953.0], [0.12591, 523319.0], [0.1259, 600524.0], [0.12589, 660768.0], [0.12588, 1393439.0], [0.12587, 695878.0], [0.12586, 1878155.0], [0.12585, 549663.0], [0.12584, 1062112.0], [0.12583, 1031685.0], [0.12582, 1756003.0]], "asks": [[0.12602, 394640.0], [0.12603, 323575.0], [0.12604, 512187.0], [0.12605, 520480.0], [0.12606, 815182.0], [0.12607, 763766.0], [0.12608, 588459.0], [0.12609, 592925.0], [0.1261, 748540.0], [0.12611, 600820.0], [0.12612, 579886.0], [0.12613, 1318246.0], [0.12614, 613623.0], [0.12615, 258975.0], [0.12616, 599608.0], [0.12617, 650875.0], [0.12618, 441753.0], [0.12619, 224013.0], [0.1262, 337043.0], [0.12621, 543729.0]], "timestamp": "2025-12-18T00:10:08.247639+00:00"}, {"symbol": "DOGEUSDT", "bids": [[0.12601, 231018.0], [0.126, 301250.0], [0.12599, 386875.0], [0.12598, 511412.0], [0.12597, 712113.0], [0.12596, 853660.0], [0.12595, 817174.0], [0.12594, 701667.0], [0.12593, 731688.0], [0.12592, 853605.0], [0.12591, 728393.0], [0.1259, 725053.0], [0.12589, 740538.0], [0.12588, 1425780.0], [0.12587, 654646.0], [0.12586, 1002782.0], [0.12585, 604399.0], [0.12584, 627376.0], [0.12583, 891108.0], [0.12582, 1785442.0]], "asks": [[0.12604, 239540.0], [0.12605, 878162.0], [0.12606, 738966.0], [0.12607, 637381.0], [0.12608, 404349.0], [0.12609, 371723.0], [0.1261, 490984.0], [0.12611, 512052.0], [0.12612, 1173091.0], [0.12613, 534389.0], [0.12614, 554463.0], [0.12615, 410178.0], [0.12616, 363202.0], [0.12617, 1196501.0], [0.12618, 403679.0], [0.12619, 232599.0], [0.1262, 556126.0], [0.12621, 863370.0], [0.12622, 366107.0], [0.12623, 334397.0]], "timestamp": "2025-12-18T00:11:04.773563+00:00"}, {"symbol": "DOGEUSDT", "bids": [[0.12604, 11959.0], [0.12603, 114606.0], [0.12602, 200294.0], [0.12601, 388261.0], [0.126, 724881.0], [0.12599, 543234.0], [0.12598, 906055.0], [0.12597, 605074.0], [0.12596, 541485.0], [0.12595, 582254.0], [0.12594, 400211.0], [0.12593, 655367.0], [0.12592, 761849.0], [0.12591, 741485.0], [0.1259, 1072964.0], [0.12589, 947202.0], [0.12588, 1906106.0], [0.12587, 635414.0], [0.12586, 1104026.0], [0.12585, 1184438.0]], "asks": [[0.12605, 196996.0], [0.12606, 219077.0], [0.12607, 125234.0], [0.12608, 357793.0], [0.12609, 544716.0], [0.1261, 658487.0], [0.12611, 562312.0], [0.12612, 430051.0], [0.12613, 554439.0], [0.12614, 1428806.0], [0.12615, 326745.0], [0.12616, 567461.0], [0.12617, 437190.0], [0.12618, 495762.0], [0.12619, 327847.0], [0.1262, 453864.0], [0.12621, 1185210.0], [0.12622, 405213.0], [0.12623, 278562.0], [0.12624, 437298.0]], "timestamp": "2025-12-18T00:12:01.357834+00:00"}, {"symbol": "DOGEUSDT", "bids": [[0.12605, 83297.0], [0.12604, 81971.0], [0.12603, 165963.0], [0.12602, 394431.0], [0.12601, 745381.0], [0.126, 707492.0], [0.12599, 968757.0], [0.12598, 941695.0], [0.12597, 456398.0], [0.12596, 681917.0], [0.12595, 509710.0], [0.12594, 476594.0], [0.12593, 662233.0], [0.12592, 899531.0], [0.12591, 903594.0], [0.1259, 1207957.0], [0.12589, 846011.0], [0.12588, 1822715.0], [0.12587, 2152389.0], [0.12586, 1189769.0]], "asks": [[0.12606, 247971.0], [0.12607, 212353.0], [0.12608, 102066.0], [0.12609, 213905.0], [0.1261, 690641.0], [0.12611, 493970.0], [0.12612, 449394.0], [0.12613, 532063.0], [0.12614, 1346729.0], [0.12615, 516278.0], [0.12616, 426303.0], [0.12617, 452921.0], [0.12618, 424176.0], [0.12619, 442488.0], [0.1262, 439834.0], [0.12621, 593119.0], [0.12622, 496480.0], [0.12623, 860481.0], [0.12624, 359530.0], [0.12625, 990324.0]], "timestamp": "2025-12-18T00:12:57.401595+00:00"}, {"symbol": "DOGEUSDT", "bids": [[0.12616, 292809.0], [0.12615, 247158.0], [0.12614, 433465.0], [0.12613, 387251.0], [0.12612, 837139.0], [0.12611, 743573.0], [0.1261, 714434.0], [0.12609, 784301.0], [0.12608, 783861.0], [0.12607, 661807.0], [0.12606, 364840.0], [0.12605, 415637.0], [0.12604, 656395.0], [0.12603, 882336.0], [0.12602, 812852.0], [0.12601, 631659.0], [0.126, 852800.0], [0.12599, 620967.0], [0.12598, 1250972.0], [0.12597, 291425.0]], "asks": [[0.12617, 28122.0], [0.12618, 90221.0], [0.12619, 163500.0], [0.1262, 323225.0], [0.12621, 565901.0], [0.12622, 638049.0], [0.12623, 407978.0], [0.12624, 478561.0], [0.12625, 391412.0], [0.12626, 501378.0], [0.12627, 899779.0], [0.12628, 429952.0], [0.12629, 501129.0], [0.1263, 712435.0], [0.12631, 165186.0], [0.12632, 373030.0], [0.12633, 1037436.0], [0.12634, 1056311.0], [0.12635, 481251.0], [0.12636, 444157.0]], "timestamp": "2025-12-18T00:13:51.059541+00:00"}, {"symbol": "DOGEUSDT", "bids": [[0.12619, 274109.0], [0.12618, 252715.0], [0.12617, 372188.0], [0.12616, 434313.0], [0.12615, 586213.0], [0.12614, 570863.0], [0.12613, 678578.0], [0.12612, 563881.0], [0.12611, 614707.0], [0.1261, 676127.0], [0.12609, 510137.0], [0.12608, 349982.0], [0.12607, 547956.0], [0.12606, 326636.0], [0.12605, 388959.0], [0.12604, 1146488.0], [0.12603, 1030072.0], [0.12602, 1930174.0], [0.12601, 1415107.0], [0.126, 777869.0]], "asks": [[0.1262, 12896.0], [0.12621, 115085.0], [0.12622, 507750.0], [0.12623, 473183.0], [0.12624, 501844.0], [0.12625, 464795.0], [0.12626, 613777.0], [0.12627, 652185.0], [0.12628, 375616.0], [0.12629, 1246858.0], [0.1263, 708356.0], [0.12631, 213591.0], [0.12632, 497394.0], [0.12633, 378509.0], [0.12634, 487555.0], [0.12635, 160682.0], [0.12636, 313797.0], [0.12637, 680044.0], [0.12638, 586934.0], [0.12639, 757373.0]], "timestamp": "2025-12-18T00:14:44.842237+00:00"}, {"symbol": "DOGEUSDT", "bids": [[0.12621, 103752.0], [0.1262, 241868.0], [0.12619, 300561.0], [0.12618, 334750.0], [0.12617, 597639.0], [0.12616, 940329.0], [0.12615, 603263.0], [0.12614, 616102.0], [0.12613, 475804.0], [0.12612, 454260.0], [0.12611, 565461.0], [0.1261, 273640.0], [0.12609, 477566.0], [0.12608, 267998.0], [0.12607, 479701.0], [0.12606, 560260.0], [0.12605, 402075.0], [0.12604, 1080406.0], [0.12603, 2601453.0], [0.12602, 939670.0]], "asks": [[0.12622, 197798.0], [0.12623, 363974.0], [0.12624, 411023.0], [0.12625, 562589.0], [0.12626, 424055.0], [0.12627, 321510.0], [0.12628, 300825.0], [0.12629, 721938.0], [0.1263, 1456459.0], [0.12631, 325099.0], [0.12632, 426294.0], [0.12633, 523542.0], [0.12634, 637494.0], [0.12635, 194086.0], [0.12636, 435109.0], [0.12637, 411389.0], [0.12638, 957865.0], [0.12639, 793776.0], [0.1264, 270649.0], [0.12641, 253909.0]], "timestamp": "2025-12-18T00:15:39.093302+00:00"}, {"symbol": "DOGEUSDT", "bids": [[0.12631, 250974.0], [0.1263, 514535.0], [0.12629, 446528.0], [0.12628, 942222.0], [0.12627, 726149.0], [0.12626, 441051.0], [0.12625, 320834.0], [0.12624, 313873.0], [0.12623, 454909.0], [0.12622, 481401.0], [0.12621, 875563.0], [0.1262, 655750.0], [0.12619, 788129.0], [0.12618, 411514.0], [0.12617, 449439.0], [0.12616, 526442.0], [0.12615, 712354.0], [0.12614, 777956.0], [0.12613, 866089.0], [0.12612, 585711.0]], "asks": [[0.12632, 137431.0], [0.12633, 203416.0], [0.12634, 447075.0], [0.12635, 299516.0], [0.12636, 376355.0], [0.12637, 396464.0], [0.12638, 687776.0], [0.12639, 491548.0], [0.1264, 330310.0], [0.12641, 207356.0], [0.12642, 555665.0], [0.12643, 419160.0], [0.12644, 424900.0], [0.12645, 523113.0], [0.12646, 790861.0], [0.12647, 435389.0], [0.12648, 1601711.0], [0.12649, 1889687.0], [0.1265, 466262.0], [0.12651, 485461.0]], "timestamp": "2025-12-18T00:16:32.753169+00:00"}, {"symbol": "DOGEUSDT", "bids": [[0.12634, 110365.0], [0.12633, 237922.0], [0.12632, 542106.0], [0.12631, 385223.0], [0.1263, 555310.0], [0.12629, 502621.0], [0.12628, 514620.0], [0.12627, 973469.0], [0.12626, 452444.0], [0.12625, 730237.0], [0.12624, 599873.0], [0.12623, 426966.0], [0.12622, 227866.0], [0.12621, 470949.0], [0.1262, 386316.0], [0.12619, 805664.0], [0.12618, 766246.0], [0.12617, 470424.0], [0.12616, 666516.0], [0.12615, 1341882.0]], "asks": [[0.12635, 185616.0], [0.12636, 58323.0], [0.12637, 261588.0], [0.12638, 580181.0], [0.12639, 622003.0], [0.1264, 690488.0], [0.12641, 951222.0], [0.12642, 485991.0], [0.12643, 368730.0], [0.12644, 1265084.0], [0.12645, 554392.0], [0.12646, 340565.0], [0.12647, 512476.0], [0.12648, 326564.0], [0.12649, 420162.0], [0.1265, 870032.0], [0.12651, 228205.0], [0.12652, 507721.0], [0.12653, 1145638.0], [0.12654, 763592.0]], "timestamp": "2025-12-18T00:17:28.664938+00:00"}, {"symbol": "DOGEUSDT", "bids": [[0.12625, 114284.0], [0.12624, 92933.0], [0.12623, 382053.0], [0.12622, 446876.0], [0.12621, 454314.0], [0.1262, 718100.0], [0.12619, 832698.0], [0.12618, 782491.0], [0.12617, 533218.0], [0.12616, 797269.0], [0.12615, 686685.0], [0.12614, 377796.0], [0.12613, 441202.0], [0.12612, 521513.0], [0.12611, 618543.0], [0.1261, 632345.0], [0.12609, 370235.0], [0.12608, 554641.0], [0.12607, 953207.0], [0.12606, 2161096.0]], "asks": [[0.12626, 151824.0], [0.12627, 172310.0], [0.12628, 195343.0], [0.12629, 494232.0], [0.1263, 586152.0], [0.12631, 471316.0], [0.12632, 440473.0], [0.12633, 792701.0], [0.12634, 694223.0], [0.12635, 884936.0], [0.12636, 600439.0], [0.12637, 472427.0], [0.12638, 319258.0], [0.12639, 406690.0], [0.1264, 421347.0], [0.12641, 427545.0], [0.12642, 594996.0], [0.12643, 753495.0], [0.12644, 555954.0], [0.12645, 466525.0]], "timestamp": "2025-12-18T00:18:22.994186+00:00"}, {"symbol": "DOGEUSDT", "bids": [[0.12619, 277164.0], [0.12618, 141938.0], [0.12617, 242956.0], [0.12616, 648170.0], [0.12615, 866862.0], [0.12614, 597847.0], [0.12613, 523041.0], [0.12612, 609815.0], [0.12611, 579253.0], [0.1261, 628967.0], [0.12609, 398465.0], [0.12608, 506834.0], [0.12607, 596376.0], [0.12606, 705725.0], [0.12605, 608669.0], [0.12604, 574918.0], [0.12603, 1033888.0], [0.12602, 1987947.0], [0.12601, 1806217.0], [0.126, 856372.0]], "asks": [[0.1262, 59785.0], [0.12621, 133962.0], [0.12622, 132067.0], [0.12623, 230422.0], [0.12624, 805032.0], [0.12625, 819618.0], [0.12626, 493709.0], [0.12627, 523542.0], [0.12628, 699971.0], [0.12629, 1043404.0], [0.1263, 1155433.0], [0.12631, 318338.0], [0.12632, 563792.0], [0.12633, 530454.0], [0.12634, 417424.0], [0.12635, 532713.0], [0.12636, 397091.0], [0.12637, 492326.0], [0.12638, 513065.0], [0.12639, 215536.0]], "timestamp": "2025-12-18T00:19:16.749715+00:00"}, {"symbol": "DOGEUSDT", "bids": [[0.12613, 66419.0], [0.12612, 171686.0], [0.12611, 430955.0], [0.1261, 348433.0], [0.12609, 446537.0], [0.12608, 604174.0], [0.12607, 796973.0], [0.12606, 597795.0], [0.12605, 533287.0], [0.12604, 729689.0], [0.12603, 757727.0], [0.12602, 447574.0], [0.12601, 316088.0], [0.126, 577778.0], [0.12599, 627223.0], [0.12598, 473394.0], [0.12597, 1040392.0], [0.12596, 1654020.0], [0.12595, 1482106.0], [0.12594, 806145.0]], "asks": [[0.12614, 306535.0], [0.12615, 426152.0], [0.12616, 467571.0], [0.12617, 451383.0], [0.12618, 792528.0], [0.12619, 748841.0], [0.1262, 651484.0], [0.12621, 674275.0], [0.12622, 1212512.0], [0.12623, 194140.0], [0.12624, 322692.0], [0.12625, 529918.0], [0.12626, 627414.0], [0.12627, 490963.0], [0.12628, 431642.0], [0.12629, 422756.0], [0.1263, 557502.0], [0.12631, 310763.0], [0.12632, 418823.0], [0.12633, 540563.0]], "timestamp": "2025-12-18T00:20:10.563235+00:00"}, {"symbol": "DOGEUSDT", "bids": [[0.12604, 80070.0], [0.12603, 183505.0], [0.12602, 195839.0], [0.12601, 217965.0], [0.126, 513379.0], [0.12599, 291800.0], [0.12598, 368709.0], [0.12597, 516077.0], [0.12596, 760750.0], [0.12595, 705638.0], [0.12594, 607053.0], [0.12593, 761109.0], [0.12592, 596803.0], [0.12591, 578468.0], [0.1259, 584373.0], [0.12589, 962913.0], [0.12588, 1653520.0], [0.12587, 804787.0], [0.12586, 1140657.0], [0.12585, 2605757.0]], "asks": [[0.12605, 149175.0], [0.12606, 87649.0], [0.12607, 247982.0], [0.12608, 369640.0], [0.12609, 1054089.0], [0.1261, 688405.0], [0.12611, 1116445.0], [0.12612, 693374.0], [0.12613, 734084.0], [0.12614, 1148486.0], [0.12615, 572966.0], [0.12616, 370635.0], [0.12617, 677817.0], [0.12618, 674999.0], [0.12619, 177539.0], [0.1262, 474655.0], [0.12621, 1044232.0], [0.12622, 642452.0], [0.12623, 334828.0], [0.12624, 641093.0]], "timestamp": "2025-12-18T00:21:05.553076+00:00"}, {"symbol": "DOGEUSDT", "bids": [[0.12609, 268518.0], [0.12608, 543277.0], [0.12607, 276029.0], [0.12606, 359719.0], [0.12605, 823920.0], [0.12604, 509689.0], [0.12603, 814403.0], [0.12602, 413661.0], [0.12601, 628329.0], [0.126, 597237.0], [0.12599, 468834.0], [0.12598, 454520.0], [0.12597, 543871.0], [0.12596, 536802.0], [0.12595, 659278.0], [0.12594, 417679.0], [0.12593, 1372165.0], [0.12592, 1399170.0], [0.12591, 987035.0], [0.1259, 1523377.0]], "asks": [[0.1261, 37533.0], [0.12611, 131344.0], [0.12612, 87673.0], [0.12613, 207471.0], [0.12614, 512045.0], [0.12615, 500039.0], [0.12616, 596919.0], [0.12617, 874330.0], [0.12618, 506337.0], [0.12619, 309921.0], [0.1262, 763113.0], [0.12621, 1165556.0], [0.12622, 593166.0], [0.12623, 252655.0], [0.12624, 1028224.0], [0.12625, 568569.0], [0.12626, 523187.0], [0.12627, 194378.0], [0.12628, 459654.0], [0.12629, 725898.0]], "timestamp": "2025-12-18T00:21:59.132036+00:00"}, {"symbol": "DOGEUSDT", "bids": [[0.12619, 157206.0], [0.12618, 315906.0], [0.12617, 360347.0], [0.12616, 355507.0], [0.12615, 561357.0], [0.12614, 330307.0], [0.12613, 567671.0], [0.12612, 587590.0], [0.12611, 1000474.0], [0.1261, 412507.0], [0.12609, 572636.0], [0.12608, 450067.0], [0.12607, 696336.0], [0.12606, 375218.0], [0.12605, 728367.0], [0.12604, 655495.0], [0.12603, 801253.0], [0.12602, 606033.0], [0.12601, 1218686.0], [0.126, 402677.0]], "asks": [[0.1262, 151254.0], [0.12621, 100476.0], [0.12622, 192926.0], [0.12623, 297766.0], [0.12624, 485126.0], [0.12625, 686556.0], [0.12626, 614474.0], [0.12627, 360312.0], [0.12628, 680290.0], [0.12629, 1322698.0], [0.1263, 451842.0], [0.12631, 371745.0], [0.12632, 545740.0], [0.12633, 594874.0], [0.12634, 718498.0], [0.12635, 331722.0], [0.12636, 498895.0], [0.12637, 594424.0], [0.12638, 865728.0], [0.12639, 976851.0]], "timestamp": "2025-12-18T00:22:53.587099+00:00"}, {"symbol": "DOGEUSDT", "bids": [[0.12621, 54888.0], [0.1262, 114659.0], [0.12619, 205721.0], [0.12618, 404199.0], [0.12617, 514280.0], [0.12616, 479258.0], [0.12615, 851610.0], [0.12614, 674559.0], [0.12613, 789064.0], [0.12612, 445868.0], [0.12611, 656701.0], [0.1261, 414744.0], [0.12609, 392806.0], [0.12608, 392944.0], [0.12607, 595368.0], [0.12606, 543707.0], [0.12605, 923956.0], [0.12604, 760246.0], [0.12603, 2049159.0], [0.12602, 476580.0]], "asks": [[0.12622, 157491.0], [0.12623, 165871.0], [0.12624, 214955.0], [0.12625, 578443.0], [0.12626, 540793.0], [0.12627, 566918.0], [0.12628, 533053.0], [0.12629, 723399.0], [0.1263, 1086456.0], [0.12631, 405796.0], [0.12632, 741129.0], [0.12633, 793921.0], [0.12634, 520674.0], [0.12635, 410257.0], [0.12636, 509382.0], [0.12637, 545073.0], [0.12638, 614178.0], [0.12639, 800101.0], [0.1264, 676159.0], [0.12641, 2279113.0]], "timestamp": "2025-12-18T00:23:46.938798+00:00"}, {"symbol": "DOGEUSDT", "bids": [[0.12617, 84654.0], [0.12616, 138779.0], [0.12615, 102066.0], [0.12614, 165754.0], [0.12613, 464843.0], [0.12612, 482521.0], [0.12611, 807881.0], [0.1261, 776974.0], [0.12609, 686274.0], [0.12608, 323963.0], [0.12607, 513034.0], [0.12606, 342851.0], [0.12605, 495524.0], [0.12604, 691297.0], [0.12603, 630495.0], [0.12602, 608143.0], [0.12601, 1368915.0], [0.126, 535606.0], [0.12599, 640568.0], [0.12598, 1319945.0]], "asks": [[0.12618, 125212.0], [0.12619, 288881.0], [0.1262, 612485.0], [0.12621, 486436.0], [0.12622, 515525.0], [0.12623, 395275.0], [0.12624, 682315.0], [0.12625, 961551.0], [0.12626, 1437936.0], [0.12627, 438250.0], [0.12628, 583172.0], [0.12629, 620874.0], [0.1263, 636283.0], [0.12631, 379450.0], [0.12632, 458923.0], [0.12633, 714800.0], [0.12634, 820478.0], [0.12635, 248750.0], [0.12636, 373886.0], [0.12637, 550723.0]], "timestamp": "2025-12-18T00:24:40.802465+00:00"}, {"symbol": "DOGEUSDT", "bids": [[0.12626, 113754.0], [0.12625, 219718.0], [0.12624, 389254.0], [0.12623, 463276.0], [0.12622, 439236.0], [0.12621, 588301.0], [0.1262, 725472.0], [0.12619, 764114.0], [0.12618, 787030.0], [0.12617, 369301.0], [0.12616, 825097.0], [0.12615, 654108.0], [0.12614, 344755.0], [0.12613, 628579.0], [0.12612, 625658.0], [0.12611, 753941.0], [0.1261, 652713.0], [0.12609, 805629.0], [0.12608, 1301921.0], [0.12607, 1397642.0]], "asks": [[0.12627, 117884.0], [0.12628, 192517.0], [0.12629, 149713.0], [0.1263, 263957.0], [0.12631, 489865.0], [0.12632, 608147.0], [0.12633, 703990.0], [0.12634, 507261.0], [0.12635, 475592.0], [0.12636, 1315502.0], [0.12637, 505876.0], [0.12638, 213897.0], [0.12639, 340187.0], [0.1264, 608683.0], [0.12641, 559501.0], [0.12642, 446579.0], [0.12643, 273995.0], [0.12644, 478847.0], [0.12645, 1023880.0], [0.12646, 575241.0]], "timestamp": "2025-12-18T00:25:34.563274+00:00"}, {"symbol": "DOGEUSDT", "bids": [[0.12626, 322776.0], [0.12625, 208501.0], [0.12624, 379340.0], [0.12623, 494539.0], [0.12622, 838374.0], [0.12621, 879377.0], [0.1262, 722606.0], [0.12619, 913348.0], [0.12618, 794834.0], [0.12617, 424538.0], [0.12616, 657365.0], [0.12615, 761654.0], [0.12614, 328563.0], [0.12613, 316785.0], [0.12612, 585468.0], [0.12611, 887180.0], [0.1261, 601886.0], [0.12609, 698755.0], [0.12608, 654442.0], [0.12607, 2215339.0]], "asks": [[0.12627, 104053.0], [0.12628, 98383.0], [0.12629, 107733.0], [0.1263, 143014.0], [0.12631, 432292.0], [0.12632, 666380.0], [0.12633, 715563.0], [0.12634, 442515.0], [0.12635, 315722.0], [0.12636, 1163858.0], [0.12637, 622402.0], [0.12638, 374866.0], [0.12639, 342068.0], [0.1264, 549505.0], [0.12641, 539490.0], [0.12642, 470323.0], [0.12643, 274385.0], [0.12644, 509159.0], [0.12645, 1040691.0], [0.12646, 561993.0]], "timestamp": "2025-12-18T00:26:28.426921+00:00"}, {"symbol": "DOGEUSDT", "bids": [[0.1262, 114169.0], [0.12619, 139053.0], [0.12618, 114068.0], [0.12617, 320619.0], [0.12616, 905465.0], [0.12615, 786253.0], [0.12614, 494389.0], [0.12613, 568843.0], [0.12612, 602627.0], [0.12611, 654298.0], [0.1261, 627450.0], [0.12609, 512328.0], [0.12608, 631937.0], [0.12607, 1427106.0], [0.12606, 821208.0], [0.12605, 647301.0], [0.12604, 397537.0], [0.12603, 839742.0], [0.12602, 660808.0], [0.12601, 1411268.0]], "asks": [[0.12621, 177179.0], [0.12622, 338425.0], [0.12623, 516707.0], [0.12624, 533943.0], [0.12625, 780615.0], [0.12626, 683529.0], [0.12627, 695742.0], [0.12628, 724775.0], [0.12629, 1392284.0], [0.1263, 596632.0], [0.12631, 344109.0], [0.12632, 375895.0], [0.12633, 440040.0], [0.12634, 528595.0], [0.12635, 379450.0], [0.12636, 534131.0], [0.12637, 535485.0], [0.12638, 479906.0], [0.12639, 220023.0], [0.1264, 443721.0]], "timestamp": "2025-12-18T00:27:22.700005+00:00"}, {"symbol": "DOGEUSDT", "bids": [[0.12627, 211470.0], [0.12626, 204534.0], [0.12625, 227642.0], [0.12624, 485254.0], [0.12623, 556936.0], [0.12622, 884427.0], [0.12621, 858324.0], [0.1262, 669872.0], [0.12619, 801551.0], [0.12618, 550109.0], [0.12617, 444374.0], [0.12616, 647963.0], [0.12615, 818128.0], [0.12614, 528197.0], [0.12613, 1063706.0], [0.12612, 695639.0], [0.12611, 626048.0], [0.1261, 700450.0], [0.12609, 2197406.0], [0.12608, 388092.0]], "asks": [[0.12628, 21470.0], [0.12629, 116482.0], [0.1263, 140481.0], [0.12631, 202172.0], [0.12632, 523537.0], [0.12633, 789589.0], [0.12634, 461845.0], [0.12635, 428420.0], [0.12636, 531078.0], [0.12637, 1155581.0], [0.12638, 348596.0], [0.12639, 347672.0], [0.1264, 567682.0], [0.12641, 544001.0], [0.12642, 508621.0], [0.12643, 309973.0], [0.12644, 511464.0], [0.12645, 1038276.0], [0.12646, 562509.0], [0.12647, 648669.0]], "timestamp": "2025-12-18T00:28:16.358272+00:00"}, {"symbol": "DOGEUSDT", "bids": [[0.12636, 368576.0], [0.12635, 388073.0], [0.12634, 378563.0], [0.12633, 796970.0], [0.12632, 586010.0], [0.12631, 613384.0], [0.1263, 803047.0], [0.12629, 615486.0], [0.12628, 963961.0], [0.12627, 635898.0], [0.12626, 374412.0], [0.12625, 482288.0], [0.12624, 571922.0], [0.12623, 523139.0], [0.12622, 641599.0], [0.12621, 538632.0], [0.1262, 619296.0], [0.12619, 449993.0], [0.12618, 559352.0], [0.12617, 1578544.0]], "asks": [[0.12637, 58484.0], [0.12638, 79934.0], [0.12639, 339129.0], [0.1264, 279906.0], [0.12641, 667117.0], [0.12642, 369631.0], [0.12643, 504758.0], [0.12644, 551892.0], [0.12645, 545658.0], [0.12646, 326222.0], [0.12647, 972358.0], [0.12648, 676890.0], [0.12649, 604082.0], [0.1265, 828190.0], [0.12651, 370691.0], [0.12652, 509899.0], [0.12653, 627285.0], [0.12654, 649002.0], [0.12655, 481169.0], [0.12656, 411442.0]], "timestamp": "2025-12-18T00:29:10.324285+00:00"}, {"symbol": "DOGEUSDT", "bids": [[0.1264, 80727.0], [0.12639, 171973.0], [0.12638, 306392.0], [0.12637, 552091.0], [0.12636, 932081.0], [0.12635, 590683.0], [0.12634, 565903.0], [0.12633, 697264.0], [0.12632, 670425.0], [0.12631, 525440.0], [0.1263, 649741.0], [0.12629, 718022.0], [0.12628, 698855.0], [0.12627, 688617.0], [0.12626, 788172.0], [0.12625, 1024633.0], [0.12624, 542524.0], [0.12623, 556290.0], [0.12622, 765890.0], [0.12621, 1113114.0]], "asks": [[0.12641, 236384.0], [0.12642, 303799.0], [0.12643, 424174.0], [0.12644, 282861.0], [0.12645, 708733.0], [0.12646, 498108.0], [0.12647, 440934.0], [0.12648, 520300.0], [0.12649, 995892.0], [0.1265, 735540.0], [0.12651, 1159275.0], [0.12652, 391018.0], [0.12653, 729150.0], [0.12654, 482115.0], [0.12655, 871931.0], [0.12656, 303070.0], [0.12657, 519953.0], [0.12658, 497455.0], [0.12659, 808459.0], [0.1266, 332979.0]], "timestamp": "2025-12-18T00:30:04.699999+00:00"}, {"symbol": "DOGEUSDT", "bids": [[0.12642, 123157.0], [0.12641, 80605.0], [0.1264, 190062.0], [0.12639, 372677.0], [0.12638, 604213.0], [0.12637, 960216.0], [0.12636, 855394.0], [0.12635, 612174.0], [0.12634, 730166.0], [0.12633, 589526.0], [0.12632, 759975.0], [0.12631, 393542.0], [0.1263, 504121.0], [0.12629, 710149.0], [0.12628, 778170.0], [0.12627, 811673.0], [0.12626, 848565.0], [0.12625, 722198.0], [0.12624, 1393589.0], [0.12623, 1267368.0]], "asks": [[0.12643, 284262.0], [0.12644, 219769.0], [0.12645, 186044.0], [0.12646, 236429.0], [0.12647, 447816.0], [0.12648, 494161.0], [0.12649, 941338.0], [0.1265, 555638.0], [0.12651, 430265.0], [0.12652, 1141924.0], [0.12653, 736721.0], [0.12654, 508963.0], [0.12655, 673211.0], [0.12656, 485868.0], [0.12657, 542810.0], [0.12658, 607176.0], [0.12659, 896424.0], [0.1266, 417921.0], [0.12661, 1063069.0], [0.12662, 681338.0]], "timestamp": "2025-12-18T00:30:58.562860+00:00"}, {"symbol": "DOGEUSDT", "bids": [[0.12644, 453473.0], [0.12643, 270021.0], [0.12642, 150501.0], [0.12641, 463069.0], [0.1264, 668941.0], [0.12639, 924442.0], [0.12638, 527527.0], [0.12637, 871470.0], [0.12636, 783720.0], [0.12635, 517610.0], [0.12634, 516607.0], [0.12633, 756002.0], [0.12632, 713551.0], [0.12631, 519770.0], [0.1263, 498525.0], [0.12629, 659702.0], [0.12628, 699922.0], [0.12627, 725639.0], [0.12626, 1789822.0], [0.12625, 901340.0]], "asks": [[0.12645, 111856.0], [0.12646, 62990.0], [0.12647, 193296.0], [0.12648, 375154.0], [0.12649, 862657.0], [0.1265, 693921.0], [0.12651, 343198.0], [0.12652, 413274.0], [0.12653, 1004415.0], [0.12654, 1098119.0], [0.12655, 598089.0], [0.12656, 470476.0], [0.12657, 573014.0], [0.12658, 704391.0], [0.12659, 806370.0], [0.1266, 332021.0], [0.12661, 585347.0], [0.12662, 911346.0], [0.12663, 1162726.0], [0.12664, 1480737.0]], "timestamp": "2025-12-18T00:31:52.938625+00:00"}, {"symbol": "DOGEUSDT", "bids": [[0.12641, 205426.0], [0.1264, 175450.0], [0.12639, 420676.0], [0.12638, 446333.0], [0.12637, 669852.0], [0.12636, 589761.0], [0.12635, 546600.0], [0.12634, 508977.0], [0.12633, 833930.0], [0.12632, 735984.0], [0.12631, 540246.0], [0.1263, 620185.0], [0.12629, 726120.0], [0.12628, 603857.0], [0.12627, 536001.0], [0.12626, 703347.0], [0.12625, 643552.0], [0.12624, 909426.0], [0.12623, 1499254.0], [0.12622, 609643.0]], "asks": [[0.12642, 154271.0], [0.12643, 144026.0], [0.12644, 442914.0], [0.12645, 799506.0], [0.12646, 437061.0], [0.12647, 358228.0], [0.12648, 387499.0], [0.12649, 1032958.0], [0.1265, 596723.0], [0.12651, 1061729.0], [0.12652, 534443.0], [0.12653, 606428.0], [0.12654, 586758.0], [0.12655, 986568.0], [0.12656, 419799.0], [0.12657, 531907.0], [0.12658, 614782.0], [0.12659, 837807.0], [0.1266, 720048.0], [0.12661, 1073237.0]], "timestamp": "2025-12-18T00:32:46.903999+00:00"}, {"symbol": "DOGEUSDT", "bids": [[0.12638, 178909.0], [0.12637, 168402.0], [0.12636, 218459.0], [0.12635, 399832.0], [0.12634, 617612.0], [0.12633, 877385.0], [0.12632, 808787.0], [0.12631, 535567.0], [0.1263, 626409.0], [0.12629, 845263.0], [0.12628, 675621.0], [0.12627, 447802.0], [0.12626, 329810.0], [0.12625, 763484.0], [0.12624, 790971.0], [0.12623, 1515744.0], [0.12622, 660336.0], [0.12621, 508443.0], [0.1262, 1562388.0], [0.12619, 928960.0]], "asks": [[0.12639, 94135.0], [0.1264, 60701.0], [0.12641, 199019.0], [0.12642, 409268.0], [0.12643, 515648.0], [0.12644, 823805.0], [0.12645, 565240.0], [0.12646, 433250.0], [0.12647, 339425.0], [0.12648, 492910.0], [0.12649, 1783255.0], [0.1265, 479294.0], [0.12651, 415643.0], [0.12652, 554484.0], [0.12653, 600003.0], [0.12654, 550289.0], [0.12655, 846074.0], [0.12656, 355695.0], [0.12657, 541383.0], [0.12658, 584337.0]], "timestamp": "2025-12-18T00:33:40.972334+00:00"}, {"symbol": "DOGEUSDT", "bids": [[0.12646, 129371.0], [0.12645, 94136.0], [0.12644, 230645.0], [0.12643, 272352.0], [0.12642, 656104.0], [0.12641, 831425.0], [0.1264, 832148.0], [0.12639, 892631.0], [0.12638, 713753.0], [0.12637, 510304.0], [0.12636, 634254.0], [0.12635, 387282.0], [0.12634, 402407.0], [0.12633, 641234.0], [0.12632, 878692.0], [0.12631, 868409.0], [0.1263, 1248212.0], [0.12629, 758523.0], [0.12628, 1304132.0], [0.12627, 1159200.0]], "asks": [[0.12647, 181148.0], [0.12648, 126817.0], [0.12649, 256123.0], [0.1265, 421318.0], [0.12651, 430974.0], [0.12652, 532375.0], [0.12653, 652641.0], [0.12654, 742384.0], [0.12655, 594281.0], [0.12656, 351799.0], [0.12657, 1409501.0], [0.12658, 577451.0], [0.12659, 757775.0], [0.1266, 458946.0], [0.12661, 1139943.0], [0.12662, 672201.0], [0.12663, 1016182.0], [0.12664, 324051.0], [0.12665, 488120.0], [0.12666, 1077659.0]], "timestamp": "2025-12-18T00:34:34.557722+00:00"}, {"symbol": "DOGEUSDT", "bids": [[0.12638, 121629.0], [0.12637, 55182.0], [0.12636, 172923.0], [0.12635, 191271.0], [0.12634, 627034.0], [0.12633, 743745.0], [0.12632, 746046.0], [0.12631, 638371.0], [0.1263, 617114.0], [0.12629, 484056.0], [0.12628, 494157.0], [0.12627, 354263.0], [0.12626, 416859.0], [0.12625, 363111.0], [0.12624, 782162.0], [0.12623, 807795.0], [0.12622, 735340.0], [0.12621, 668255.0], [0.1262, 2041835.0], [0.12619, 571117.0]], "asks": [[0.12639, 201172.0], [0.1264, 277116.0], [0.12641, 398935.0], [0.12642, 409401.0], [0.12643, 691750.0], [0.12644, 889994.0], [0.12645, 936792.0], [0.12646, 790540.0], [0.12647, 603668.0], [0.12648, 889089.0], [0.12649, 1621248.0], [0.1265, 291401.0], [0.12651, 293902.0], [0.12652, 559199.0], [0.12653, 665808.0], [0.12654, 869822.0], [0.12655, 706753.0], [0.12656, 307990.0], [0.12657, 529003.0], [0.12658, 706000.0]], "timestamp": "2025-12-18T00:35:28.699341+00:00"}, {"symbol": "DOGEUSDT", "bids": [[0.12638, 615289.0], [0.12637, 583110.0], [0.12636, 689512.0], [0.12635, 623307.0], [0.12634, 600410.0], [0.12633, 810422.0], [0.12632, 652684.0], [0.12631, 617357.0], [0.1263, 507102.0], [0.12629, 327455.0], [0.12628, 508881.0], [0.12627, 821862.0], [0.12626, 468750.0], [0.12625, 552973.0], [0.12624, 645569.0], [0.12623, 700140.0], [0.12622, 480640.0], [0.12621, 862086.0], [0.1262, 1179070.0], [0.12619, 500150.0]], "asks": [[0.12639, 42495.0], [0.1264, 190026.0], [0.12641, 140618.0], [0.12642, 476773.0], [0.12643, 527226.0], [0.12644, 728225.0], [0.12645, 740960.0], [0.12646, 808187.0], [0.12647, 439345.0], [0.12648, 382756.0], [0.12649, 1004619.0], [0.1265, 1142765.0], [0.12651, 497923.0], [0.12652, 486905.0], [0.12653, 905272.0], [0.12654, 1312895.0], [0.12655, 564818.0], [0.12656, 460316.0], [0.12657, 879862.0], [0.12658, 707876.0]], "timestamp": "2025-12-18T00:36:22.357221+00:00"}, {"symbol": "DOGEUSDT", "bids": [[0.12634, 149923.0], [0.12633, 176277.0], [0.12632, 198068.0], [0.12631, 263897.0], [0.1263, 629458.0], [0.12629, 613687.0], [0.12628, 780280.0], [0.12627, 1759805.0], [0.12626, 405751.0], [0.12625, 545286.0], [0.12624, 671623.0], [0.12623, 613038.0], [0.12622, 266796.0], [0.12621, 481712.0], [0.1262, 570731.0], [0.12619, 699728.0], [0.12618, 1036513.0], [0.12617, 1633507.0], [0.12616, 844765.0], [0.12615, 900510.0]], "asks": [[0.12635, 205430.0], [0.12636, 114921.0], [0.12637, 256342.0], [0.12638, 397847.0], [0.12639, 702253.0], [0.1264, 615015.0], [0.12641, 728039.0], [0.12642, 454397.0], [0.12643, 403877.0], [0.12644, 567098.0], [0.12645, 1368316.0], [0.12646, 805473.0], [0.12647, 289413.0], [0.12648, 305941.0], [0.12649, 803771.0], [0.1265, 557770.0], [0.12651, 268025.0], [0.12652, 466721.0], [0.12653, 1244304.0], [0.12654, 729993.0]], "timestamp": "2025-12-18T00:37:16.630435+00:00"}, {"symbol": "DOGEUSDT", "bids": [[0.1264, 71799.0], [0.12639, 170075.0], [0.12638, 303542.0], [0.12637, 462036.0], [0.12636, 1170760.0], [0.12635, 1167668.0], [0.12634, 1080478.0], [0.12633, 1117396.0], [0.12632, 926283.0], [0.12631, 1769264.0], [0.1263, 688881.0], [0.12629, 468662.0], [0.12628, 668951.0], [0.12627, 906473.0], [0.12626, 1006543.0], [0.12625, 631817.0], [0.12624, 565241.0], [0.12623, 717347.0], [0.12622, 509635.0], [0.12621, 365207.0]], "asks": [[0.12641, 117601.0], [0.12642, 103675.0], [0.12643, 131813.0], [0.12644, 312847.0], [0.12645, 691488.0], [0.12646, 551092.0], [0.12647, 458269.0], [0.12648, 629811.0], [0.12649, 787327.0], [0.1265, 1150825.0], [0.12651, 286137.0], [0.12652, 343277.0], [0.12653, 835074.0], [0.12654, 602934.0], [0.12655, 505496.0], [0.12656, 368568.0], [0.12657, 575788.0], [0.12658, 794401.0], [0.12659, 549008.0], [0.1266, 479752.0]], "timestamp": "2025-12-18T00:38:10.591412+00:00"}, {"symbol": "DOGEUSDT", "bids": [[0.12644, 175385.0], [0.12643, 154289.0], [0.12642, 266259.0], [0.12641, 263238.0], [0.1264, 682858.0], [0.12639, 871165.0], [0.12638, 418381.0], [0.12637, 898282.0], [0.12636, 1961094.0], [0.12635, 846810.0], [0.12634, 461376.0], [0.12633, 611721.0], [0.12632, 722100.0], [0.12631, 660495.0], [0.1263, 616540.0], [0.12629, 567217.0], [0.12628, 760464.0], [0.12627, 958312.0], [0.12626, 1252388.0], [0.12625, 1596352.0]], "asks": [[0.12645, 183353.0], [0.12646, 315538.0], [0.12647, 391803.0], [0.12648, 501844.0], [0.12649, 774043.0], [0.1265, 378547.0], [0.12651, 422706.0], [0.12652, 625435.0], [0.12653, 767769.0], [0.12654, 622991.0], [0.12655, 538367.0], [0.12656, 610490.0], [0.12657, 723209.0], [0.12658, 1499709.0], [0.12659, 547468.0], [0.1266, 460480.0], [0.12661, 492528.0], [0.12662, 1404769.0], [0.12663, 1142694.0], [0.12664, 384991.0]], "timestamp": "2025-12-18T00:39:05.278168+00:00"}, {"symbol": "DOGEUSDT", "bids": [[0.12644, 165631.0], [0.12643, 165373.0], [0.12642, 305408.0], [0.12641, 476210.0], [0.1264, 785222.0], [0.12639, 866153.0], [0.12638, 556309.0], [0.12637, 988068.0], [0.12636, 1702002.0], [0.12635, 572229.0], [0.12634, 470275.0], [0.12633, 615778.0], [0.12632, 623790.0], [0.12631, 728797.0], [0.1263, 939840.0], [0.12629, 903395.0], [0.12628, 1717720.0], [0.12627, 1012485.0], [0.12626, 1641283.0], [0.12625, 519871.0]], "asks": [[0.12645, 85602.0], [0.12646, 362918.0], [0.12647, 201526.0], [0.12648, 387871.0], [0.12649, 802978.0], [0.1265, 347818.0], [0.12651, 348174.0], [0.12652, 651345.0], [0.12653, 638978.0], [0.12654, 706833.0], [0.12655, 1271896.0], [0.12656, 479361.0], [0.12657, 715986.0], [0.12658, 875812.0], [0.12659, 550097.0], [0.1266, 477653.0], [0.12661, 613306.0], [0.12662, 1407552.0], [0.12663, 1138200.0], [0.12664, 385297.0]], "timestamp": "2025-12-18T00:39:59.141028+00:00"}, {"symbol": "DOGEUSDT", "bids": [[0.1264, 226025.0], [0.12639, 160860.0], [0.12638, 235406.0], [0.12637, 430934.0], [0.12636, 1247878.0], [0.12635, 702687.0], [0.12634, 681222.0], [0.12633, 1561990.0], [0.12632, 735810.0], [0.12631, 863471.0], [0.1263, 689256.0], [0.12629, 506313.0], [0.12628, 555032.0], [0.12627, 732216.0], [0.12626, 811136.0], [0.12625, 840141.0], [0.12624, 1894229.0], [0.12623, 1322454.0], [0.12622, 616621.0], [0.12621, 460872.0]], "asks": [[0.12641, 53400.0], [0.12642, 129844.0], [0.12643, 245590.0], [0.12644, 430764.0], [0.12645, 753804.0], [0.12646, 672844.0], [0.12647, 401469.0], [0.12648, 539404.0], [0.12649, 801302.0], [0.1265, 438788.0], [0.12651, 1110858.0], [0.12652, 472066.0], [0.12653, 764489.0], [0.12654, 574893.0], [0.12655, 539387.0], [0.12656, 514140.0], [0.12657, 692977.0], [0.12658, 717116.0], [0.12659, 524325.0], [0.1266, 454502.0]], "timestamp": "2025-12-18T00:40:53.516396+00:00"}, {"symbol": "DOGEUSDT", "bids": [[0.1262, 210684.0], [0.12619, 224987.0], [0.12618, 396949.0], [0.12617, 492281.0], [0.12616, 1203910.0], [0.12615, 989647.0], [0.12614, 1194592.0], [0.12613, 508472.0], [0.12612, 621408.0], [0.12611, 565636.0], [0.1261, 654995.0], [0.12609, 1214666.0], [0.12608, 548998.0], [0.12607, 506679.0], [0.12606, 610581.0], [0.12605, 1056304.0], [0.12604, 780946.0], [0.12603, 886721.0], [0.12602, 1729986.0], [0.12601, 1346379.0]], "asks": [[0.12621, 72705.0], [0.12622, 112120.0], [0.12623, 94510.0], [0.12624, 407960.0], [0.12625, 513892.0], [0.12626, 611530.0], [0.12627, 595271.0], [0.12628, 763959.0], [0.12629, 448000.0], [0.1263, 487282.0], [0.12631, 510790.0], [0.12632, 1439839.0], [0.12633, 817055.0], [0.12634, 270917.0], [0.12635, 335536.0], [0.12636, 337404.0], [0.12637, 813383.0], [0.12638, 215290.0], [0.12639, 296076.0], [0.1264, 241876.0]], "timestamp": "2025-12-18T00:41:47.271458+00:00"}, {"symbol": "DOGEUSDT", "bids": [[0.12624, 368530.0], [0.12623, 267472.0], [0.12622, 266328.0], [0.12621, 409068.0], [0.1262, 1035743.0], [0.12619, 693336.0], [0.12618, 646934.0], [0.12617, 646719.0], [0.12616, 1489476.0], [0.12615, 777136.0], [0.12614, 357047.0], [0.12613, 470217.0], [0.12612, 563582.0], [0.12611, 455138.0], [0.1261, 488057.0], [0.12609, 894072.0], [0.12608, 669718.0], [0.12607, 686047.0], [0.12606, 612326.0], [0.12605, 759661.0]], "asks": [[0.12625, 111979.0], [0.12626, 178324.0], [0.12627, 296830.0], [0.12628, 492520.0], [0.12629, 493708.0], [0.1263, 691345.0], [0.12631, 420877.0], [0.12632, 700205.0], [0.12633, 609048.0], [0.12634, 961105.0], [0.12635, 202174.0], [0.12636, 634600.0], [0.12637, 603478.0], [0.12638, 363394.0], [0.12639, 1080055.0], [0.1264, 670919.0], [0.12641, 785245.0], [0.12642, 268101.0], [0.12643, 267527.0], [0.12644, 282428.0]], "timestamp": "2025-12-18T00:42:41.464702+00:00"}, {"symbol": "DOGEUSDT", "bids": [[0.12624, 164670.0], [0.12623, 236411.0], [0.12622, 509004.0], [0.12621, 650881.0], [0.1262, 961031.0], [0.12619, 487719.0], [0.12618, 555278.0], [0.12617, 675360.0], [0.12616, 879728.0], [0.12615, 1454648.0], [0.12614, 343250.0], [0.12613, 469740.0], [0.12612, 543902.0], [0.12611, 452275.0], [0.1261, 620383.0], [0.12609, 901568.0], [0.12608, 811901.0], [0.12607, 619374.0], [0.12606, 1430088.0], [0.12605, 749746.0]], "asks": [[0.12625, 45056.0], [0.12626, 145405.0], [0.12627, 226640.0], [0.12628, 518594.0], [0.12629, 407173.0], [0.1263, 608878.0], [0.12631, 624192.0], [0.12632, 830273.0], [0.12633, 673801.0], [0.12634, 873221.0], [0.12635, 294590.0], [0.12636, 474536.0], [0.12637, 656032.0], [0.12638, 517100.0], [0.12639, 1066053.0], [0.1264, 557567.0], [0.12641, 809219.0], [0.12642, 275937.0], [0.12643, 268173.0], [0.12644, 299256.0]], "timestamp": "2025-12-18T00:43:35.515691+00:00"}, {"symbol": "DOGEUSDT", "bids": [[0.12622, 189184.0], [0.12621, 226070.0], [0.1262, 298317.0], [0.12619, 505202.0], [0.12618, 973611.0], [0.12617, 502653.0], [0.12616, 970759.0], [0.12615, 1576743.0], [0.12614, 390080.0], [0.12613, 580523.0], [0.12612, 546943.0], [0.12611, 534196.0], [0.1261, 600172.0], [0.12609, 967011.0], [0.12608, 757572.0], [0.12607, 696443.0], [0.12606, 580254.0], [0.12605, 670400.0], [0.12604, 712662.0], [0.12603, 1451544.0]], "asks": [[0.12623, 29946.0], [0.12624, 199727.0], [0.12625, 138298.0], [0.12626, 278273.0], [0.12627, 414650.0], [0.12628, 757289.0], [0.12629, 467285.0], [0.1263, 518927.0], [0.12631, 455602.0], [0.12632, 728720.0], [0.12633, 1468280.0], [0.12634, 246038.0], [0.12635, 325287.0], [0.12636, 405597.0], [0.12637, 629641.0], [0.12638, 363018.0], [0.12639, 488261.0], [0.1264, 751679.0], [0.12641, 887677.0], [0.12642, 816280.0]], "timestamp": "2025-12-18T00:44:29.583777+00:00"}, {"symbol": "DOGEUSDT", "bids": [[0.12625, 19813.0], [0.12624, 101840.0], [0.12623, 357996.0], [0.12622, 525060.0], [0.12621, 1040841.0], [0.1262, 735112.0], [0.12619, 1037742.0], [0.12618, 623478.0], [0.12617, 1390650.0], [0.12616, 532898.0], [0.12615, 713111.0], [0.12614, 290442.0], [0.12613, 585286.0], [0.12612, 636566.0], [0.12611, 602320.0], [0.1261, 835361.0], [0.12609, 915477.0], [0.12608, 850685.0], [0.12607, 617766.0], [0.12606, 688026.0]], "asks": [[0.12626, 199991.0], [0.12627, 126589.0], [0.12628, 80351.0], [0.12629, 264187.0], [0.1263, 505221.0], [0.12631, 571608.0], [0.12632, 624271.0], [0.12633, 841456.0], [0.12634, 377547.0], [0.12635, 895515.0], [0.12636, 565315.0], [0.12637, 522357.0], [0.12638, 273386.0], [0.12639, 775161.0], [0.1264, 726325.0], [0.12641, 888577.0], [0.12642, 857889.0], [0.12643, 245685.0], [0.12644, 365453.0], [0.12645, 765945.0]], "timestamp": "2025-12-18T00:45:23.651448+00:00"}, {"symbol": "DOGEUSDT", "bids": [[0.12626, 451104.0], [0.12625, 380068.0], [0.12624, 229471.0], [0.12623, 552117.0], [0.12622, 1151721.0], [0.12621, 956525.0], [0.1262, 727657.0], [0.12619, 988516.0], [0.12618, 1187766.0], [0.12617, 575858.0], [0.12616, 540061.0], [0.12615, 548769.0], [0.12614, 292152.0], [0.12613, 483030.0], [0.12612, 753646.0], [0.12611, 598105.0], [0.1261, 711318.0], [0.12609, 955202.0], [0.12608, 855630.0], [0.12607, 1385906.0]], "asks": [[0.12627, 94618.0], [0.12628, 86360.0], [0.12629, 373564.0], [0.1263, 380786.0], [0.12631, 678619.0], [0.12632, 760407.0], [0.12633, 579896.0], [0.12634, 288043.0], [0.12635, 305421.0], [0.12636, 603168.0], [0.12637, 1242743.0], [0.12638, 350216.0], [0.12639, 504438.0], [0.1264, 781374.0], [0.12641, 588577.0], [0.12642, 627950.0], [0.12643, 843947.0], [0.12644, 374296.0], [0.12645, 779959.0], [0.12646, 788722.0]], "timestamp": "2025-12-18T00:46:17.207624+00:00"}, {"symbol": "DOGEUSDT", "bids": [[0.12627, 54863.0], [0.12626, 175950.0], [0.12625, 374206.0], [0.12624, 572969.0], [0.12623, 1067441.0], [0.12622, 751580.0], [0.12621, 723534.0], [0.1262, 778030.0], [0.12619, 1222317.0], [0.12618, 1279767.0], [0.12617, 570361.0], [0.12616, 552472.0], [0.12615, 677814.0], [0.12614, 343179.0], [0.12613, 834650.0], [0.12612, 796039.0], [0.12611, 548359.0], [0.1261, 635169.0], [0.12609, 845332.0], [0.12608, 1336585.0]], "asks": [[0.12628, 184828.0], [0.12629, 164955.0], [0.1263, 198756.0], [0.12631, 264859.0], [0.12632, 586427.0], [0.12633, 467658.0], [0.12634, 390781.0], [0.12635, 316827.0], [0.12636, 630882.0], [0.12637, 1460654.0], [0.12638, 306920.0], [0.12639, 721048.0], [0.1264, 643334.0], [0.12641, 866527.0], [0.12642, 296960.0], [0.12643, 278886.0], [0.12644, 413135.0], [0.12645, 1303012.0], [0.12646, 930045.0], [0.12647, 277497.0]], "timestamp": "2025-12-18T00:47:13.016384+00:00"}, {"symbol": "DOGEUSDT", "bids": [[0.1263, 130655.0], [0.12629, 227028.0], [0.12628, 161551.0], [0.12627, 628828.0], [0.12626, 956286.0], [0.12625, 995188.0], [0.12624, 748470.0], [0.12623, 1059452.0], [0.12622, 1469632.0], [0.12621, 421243.0], [0.1262, 528469.0], [0.12619, 923614.0], [0.12618, 355115.0], [0.12617, 538578.0], [0.12616, 515567.0], [0.12615, 847490.0], [0.12614, 510805.0], [0.12613, 887393.0], [0.12612, 742938.0], [0.12611, 1319997.0]], "asks": [[0.12631, 171103.0], [0.12632, 148305.0], [0.12633, 127964.0], [0.12634, 241663.0], [0.12635, 533250.0], [0.12636, 733338.0], [0.12637, 809980.0], [0.12638, 367504.0], [0.12639, 554210.0], [0.1264, 1225226.0], [0.12641, 555313.0], [0.12642, 435727.0], [0.12643, 497655.0], [0.12644, 401515.0], [0.12645, 722043.0], [0.12646, 736693.0], [0.12647, 839385.0], [0.12648, 494026.0], [0.12649, 701558.0], [0.1265, 915968.0]], "timestamp": "2025-12-18T00:48:06.777314+00:00"}, {"symbol": "DOGEUSDT", "bids": [[0.12633, 390966.0], [0.12632, 323229.0], [0.12631, 104062.0], [0.1263, 458758.0], [0.12629, 1223211.0], [0.12628, 1000068.0], [0.12627, 834853.0], [0.12626, 607606.0], [0.12625, 931307.0], [0.12624, 1463285.0], [0.12623, 792153.0], [0.12622, 397972.0], [0.12621, 355537.0], [0.1262, 510955.0], [0.12619, 873746.0], [0.12618, 666462.0], [0.12617, 1137461.0], [0.12616, 574998.0], [0.12615, 691880.0], [0.12614, 352425.0]], "asks": [[0.12634, 218389.0], [0.12635, 174092.0], [0.12636, 217411.0], [0.12637, 201257.0], [0.12638, 363211.0], [0.12639, 410975.0], [0.1264, 700089.0], [0.12641, 908402.0], [0.12642, 343083.0], [0.12643, 297119.0], [0.12644, 1182064.0], [0.12645, 915630.0], [0.12646, 483443.0], [0.12647, 346292.0], [0.12648, 508008.0], [0.12649, 527091.0], [0.1265, 599866.0], [0.12651, 764920.0], [0.12652, 320471.0], [0.12653, 680174.0]], "timestamp": "2025-12-18T00:49:00.538212+00:00"}, {"symbol": "DOGEUSDT", "bids": [[0.12638, 409731.0], [0.12637, 246204.0], [0.12636, 439967.0], [0.12635, 599345.0], [0.12634, 883019.0], [0.12633, 808025.0], [0.12632, 795850.0], [0.12631, 1142882.0], [0.1263, 1508542.0], [0.12629, 835172.0], [0.12628, 861227.0], [0.12627, 680459.0], [0.12626, 310448.0], [0.12625, 423159.0], [0.12624, 650347.0], [0.12623, 680443.0], [0.12622, 362584.0], [0.12621, 717446.0], [0.1262, 567967.0], [0.12619, 845527.0]], "asks": [[0.12639, 101462.0], [0.1264, 263878.0], [0.12641, 195400.0], [0.12642, 87247.0], [0.12643, 385840.0], [0.12644, 469492.0], [0.12645, 827435.0], [0.12646, 515927.0], [0.12647, 431889.0], [0.12648, 502372.0], [0.12649, 1230463.0], [0.1265, 278067.0], [0.12651, 443130.0], [0.12652, 639243.0], [0.12653, 755878.0], [0.12654, 880916.0], [0.12655, 1103983.0], [0.12656, 467279.0], [0.12657, 1504933.0], [0.12658, 467031.0]], "timestamp": "2025-12-18T00:49:54.529151+00:00"}, {"symbol": "DOGEUSDT", "bids": [[0.12643, 169968.0], [0.12642, 267188.0], [0.12641, 347328.0], [0.1264, 660898.0], [0.12639, 1224944.0], [0.12638, 806448.0], [0.12637, 923414.0], [0.12636, 1587140.0], [0.12635, 601007.0], [0.12634, 366123.0], [0.12633, 408759.0], [0.12632, 835715.0], [0.12631, 1210733.0], [0.1263, 825303.0], [0.12629, 1141627.0], [0.12628, 1442014.0], [0.12627, 673285.0], [0.12626, 1365793.0], [0.12625, 655200.0], [0.12624, 593280.0]], "asks": [[0.12644, 78380.0], [0.12645, 401576.0], [0.12646, 587310.0], [0.12647, 584912.0], [0.12648, 705957.0], [0.12649, 488347.0], [0.1265, 388382.0], [0.12651, 475712.0], [0.12652, 402628.0], [0.12653, 821219.0], [0.12654, 558687.0], [0.12655, 1370273.0], [0.12656, 444769.0], [0.12657, 812363.0], [0.12658, 489750.0], [0.12659, 612492.0], [0.1266, 304894.0], [0.12661, 443198.0], [0.12662, 872573.0], [0.12663, 479199.0]], "timestamp": "2025-12-18T00:50:49.288078+00:00"}, {"symbol": "DOGEUSDT", "bids": [[0.12631, 212970.0], [0.1263, 237328.0], [0.12629, 461154.0], [0.12628, 508640.0], [0.12627, 851939.0], [0.12626, 529833.0], [0.12625, 798536.0], [0.12624, 811091.0], [0.12623, 1255372.0], [0.12622, 369516.0], [0.12621, 355335.0], [0.1262, 591213.0], [0.12619, 707606.0], [0.12618, 371963.0], [0.12617, 328100.0], [0.12616, 600109.0], [0.12615, 892283.0], [0.12614, 420278.0], [0.12613, 805455.0], [0.12612, 544881.0]], "asks": [[0.12632, 229340.0], [0.12633, 297126.0], [0.12634, 318419.0], [0.12635, 786989.0], [0.12636, 666506.0], [0.12637, 603535.0], [0.12638, 431377.0], [0.12639, 585577.0], [0.1264, 674057.0], [0.12641, 1464968.0], [0.12642, 374825.0], [0.12643, 750031.0], [0.12644, 626248.0], [0.12645, 432972.0], [0.12646, 474930.0], [0.12647, 351753.0], [0.12648, 454152.0], [0.12649, 448046.0], [0.1265, 623314.0], [0.12651, 480201.0]], "timestamp": "2025-12-18T00:51:43.561308+00:00"}, {"symbol": "DOGEUSDT", "bids": [[0.12633, 47142.0], [0.12632, 30637.0], [0.12631, 228015.0], [0.1263, 574723.0], [0.12629, 851760.0], [0.12628, 716407.0], [0.12627, 1058047.0], [0.12626, 806629.0], [0.12625, 1380645.0], [0.12624, 518157.0], [0.12623, 497862.0], [0.12622, 336223.0], [0.12621, 424909.0], [0.1262, 634161.0], [0.12619, 810051.0], [0.12618, 474346.0], [0.12617, 840729.0], [0.12616, 555373.0], [0.12615, 692509.0], [0.12614, 1265565.0]], "asks": [[0.12634, 372340.0], [0.12635, 434942.0], [0.12636, 236208.0], [0.12637, 416647.0], [0.12638, 579116.0], [0.12639, 473296.0], [0.1264, 628648.0], [0.12641, 697236.0], [0.12642, 686610.0], [0.12643, 1344576.0], [0.12644, 682390.0], [0.12645, 428553.0], [0.12646, 678212.0], [0.12647, 556552.0], [0.12648, 454236.0], [0.12649, 575224.0], [0.1265, 1215039.0], [0.12651, 386940.0], [0.12652, 429817.0], [0.12653, 1125226.0]], "timestamp": "2025-12-18T00:52:37.731742+00:00"}, {"symbol": "DOGEUSDT", "bids": [[0.12639, 448931.0], [0.12638, 120990.0], [0.12637, 310911.0], [0.12636, 484320.0], [0.12635, 875624.0], [0.12634, 1044081.0], [0.12633, 606411.0], [0.12632, 1338047.0], [0.12631, 942035.0], [0.1263, 273555.0], [0.12629, 276546.0], [0.12628, 419019.0], [0.12627, 559378.0], [0.12626, 464752.0], [0.12625, 1081384.0], [0.12624, 616096.0], [0.12623, 779206.0], [0.12622, 849854.0], [0.12621, 1533918.0], [0.1262, 848235.0]], "asks": [[0.1264, 383675.0], [0.12641, 179255.0], [0.12642, 131172.0], [0.12643, 202818.0], [0.12644, 498677.0], [0.12645, 457906.0], [0.12646, 339452.0], [0.12647, 460053.0], [0.12648, 792148.0], [0.12649, 698399.0], [0.1265, 895737.0], [0.12651, 430730.0], [0.12652, 709478.0], [0.12653, 666820.0], [0.12654, 670652.0], [0.12655, 656039.0], [0.12656, 531396.0], [0.12657, 799311.0], [0.12658, 1528936.0], [0.12659, 1194944.0]], "timestamp": "2025-12-18T00:53:31.492504+00:00"}, {"symbol": "DOGEUSDT", "bids": [[0.12638, 247669.0], [0.12637, 466726.0], [0.12636, 690425.0], [0.12635, 732674.0], [0.12634, 898172.0], [0.12633, 718540.0], [0.12632, 450281.0], [0.12631, 1003416.0], [0.1263, 1121255.0], [0.12629, 359284.0], [0.12628, 508874.0], [0.12627, 405984.0], [0.12626, 277636.0], [0.12625, 526265.0], [0.12624, 753460.0], [0.12623, 915041.0], [0.12622, 538152.0], [0.12621, 1012109.0], [0.1262, 2016414.0], [0.12619, 928160.0]], "asks": [[0.12639, 52895.0], [0.1264, 41456.0], [0.12641, 178377.0], [0.12642, 285509.0], [0.12643, 436218.0], [0.12644, 726666.0], [0.12645, 540055.0], [0.12646, 280791.0], [0.12647, 427205.0], [0.12648, 589819.0], [0.12649, 1215186.0], [0.1265, 412341.0], [0.12651, 342813.0], [0.12652, 475709.0], [0.12653, 664712.0], [0.12654, 750224.0], [0.12655, 1175511.0], [0.12656, 566045.0], [0.12657, 664088.0], [0.12658, 1435754.0]], "timestamp": "2025-12-18T00:54:25.765136+00:00"}, {"symbol": "DOGEUSDT", "bids": [[0.12638, 37719.0], [0.12637, 172165.0], [0.12636, 394003.0], [0.12635, 371605.0], [0.12634, 851482.0], [0.12633, 605594.0], [0.12632, 698903.0], [0.12631, 1722105.0], [0.1263, 352163.0], [0.12629, 397238.0], [0.12628, 410529.0], [0.12627, 410020.0], [0.12626, 277589.0], [0.12625, 516052.0], [0.12624, 874988.0], [0.12623, 743567.0], [0.12622, 816335.0], [0.12621, 2750583.0], [0.1262, 798174.0], [0.12619, 792095.0]], "asks": [[0.12639, 258668.0], [0.1264, 95389.0], [0.12641, 167816.0], [0.12642, 490381.0], [0.12643, 553792.0], [0.12644, 659199.0], [0.12645, 438290.0], [0.12646, 349846.0], [0.12647, 432740.0], [0.12648, 520320.0], [0.12649, 1217968.0], [0.1265, 420307.0], [0.12651, 322223.0], [0.12652, 393758.0], [0.12653, 859588.0], [0.12654, 768990.0], [0.12655, 1256934.0], [0.12656, 501038.0], [0.12657, 656315.0], [0.12658, 1401103.0]], "timestamp": "2025-12-18T00:55:19.625642+00:00"}, {"symbol": "DOGEUSDT", "bids": [[0.12637, 84127.0], [0.12636, 187143.0], [0.12635, 299970.0], [0.12634, 413840.0], [0.12633, 748711.0], [0.12632, 636751.0], [0.12631, 911230.0], [0.1263, 1136669.0], [0.12629, 340098.0], [0.12628, 525186.0], [0.12627, 542015.0], [0.12626, 423524.0], [0.12625, 599232.0], [0.12624, 739651.0], [0.12623, 880516.0], [0.12622, 1858278.0], [0.12621, 1741272.0], [0.1262, 923392.0], [0.12619, 1312291.0], [0.12618, 476213.0]], "asks": [[0.12638, 326454.0], [0.12639, 233962.0], [0.1264, 226491.0], [0.12641, 261773.0], [0.12642, 459087.0], [0.12643, 690409.0], [0.12644, 580943.0], [0.12645, 570069.0], [0.12646, 394702.0], [0.12647, 452213.0], [0.12648, 1226968.0], [0.12649, 762470.0], [0.1265, 338955.0], [0.12651, 351599.0], [0.12652, 543099.0], [0.12653, 699709.0], [0.12654, 742929.0], [0.12655, 612760.0], [0.12656, 504500.0], [0.12657, 664275.0]], "timestamp": "2025-12-18T00:56:14.583362+00:00"}, {"symbol": "DOGEUSDT", "bids": [[0.12627, 261842.0], [0.12626, 239075.0], [0.12625, 299755.0], [0.12624, 581115.0], [0.12623, 834272.0], [0.12622, 711108.0], [0.12621, 518022.0], [0.1262, 783703.0], [0.12619, 1810376.0], [0.12618, 296827.0], [0.12617, 406143.0], [0.12616, 796889.0], [0.12615, 1731461.0], [0.12614, 383429.0], [0.12613, 679591.0], [0.12612, 795101.0], [0.12611, 585457.0], [0.1261, 726172.0], [0.12609, 1852382.0], [0.12608, 889736.0]], "asks": [[0.12628, 107153.0], [0.12629, 120532.0], [0.1263, 267640.0], [0.12631, 416356.0], [0.12632, 619934.0], [0.12633, 990793.0], [0.12634, 728977.0], [0.12635, 479907.0], [0.12636, 786036.0], [0.12637, 667570.0], [0.12638, 1095960.0], [0.12639, 468649.0], [0.1264, 629668.0], [0.12641, 690257.0], [0.12642, 380811.0], [0.12643, 411169.0], [0.12644, 540815.0], [0.12645, 467795.0], [0.12646, 561588.0], [0.12647, 354482.0]], "timestamp": "2025-12-18T00:57:08.789105+00:00"}, {"symbol": "DOGEUSDT", "bids": [[0.12627, 91895.0], [0.12626, 87783.0], [0.12625, 307106.0], [0.12624, 397217.0], [0.12623, 714768.0], [0.12622, 531127.0], [0.12621, 473110.0], [0.1262, 611521.0], [0.12619, 1618259.0], [0.12618, 266058.0], [0.12617, 456400.0], [0.12616, 1646209.0], [0.12615, 585587.0], [0.12614, 431704.0], [0.12613, 1066007.0], [0.12612, 752480.0], [0.12611, 582188.0], [0.1261, 668124.0], [0.12609, 1820135.0], [0.12608, 835012.0]], "asks": [[0.12628, 402087.0], [0.12629, 269618.0], [0.1263, 229753.0], [0.12631, 383044.0], [0.12632, 754427.0], [0.12633, 837880.0], [0.12634, 491178.0], [0.12635, 609653.0], [0.12636, 781319.0], [0.12637, 1165262.0], [0.12638, 466855.0], [0.12639, 436376.0], [0.1264, 672239.0], [0.12641, 436439.0], [0.12642, 421813.0], [0.12643, 483592.0], [0.12644, 512837.0], [0.12645, 690261.0], [0.12646, 478433.0], [0.12647, 289852.0]], "timestamp": "2025-12-18T00:58:02.446200+00:00"}, {"symbol": "DOGEUSDT", "bids": [[0.12629, 57555.0], [0.12628, 234575.0], [0.12627, 386306.0], [0.12626, 389147.0], [0.12625, 675077.0], [0.12624, 896879.0], [0.12623, 547512.0], [0.12622, 362073.0], [0.12621, 1401524.0], [0.1262, 1646291.0], [0.12619, 701063.0], [0.12618, 354333.0], [0.12617, 463020.0], [0.12616, 956625.0], [0.12615, 551534.0], [0.12614, 383245.0], [0.12613, 704615.0], [0.12612, 478495.0], [0.12611, 615973.0], [0.1261, 798723.0]], "asks": [[0.1263, 186505.0], [0.12631, 394981.0], [0.12632, 413571.0], [0.12633, 195569.0], [0.12634, 481194.0], [0.12635, 642963.0], [0.12636, 795436.0], [0.12637, 626399.0], [0.12638, 358703.0], [0.12639, 1025979.0], [0.1264, 809214.0], [0.12641, 431860.0], [0.12642, 567232.0], [0.12643, 485960.0], [0.12644, 562122.0], [0.12645, 703759.0], [0.12646, 696841.0], [0.12647, 879361.0], [0.12648, 670789.0], [0.12649, 593566.0]], "timestamp": "2025-12-18T00:58:57.029050+00:00"}, {"symbol": "DOGEUSDT", "bids": [[0.12632, 32274.0], [0.12631, 343000.0], [0.1263, 1034835.0], [0.12629, 403425.0], [0.12628, 970017.0], [0.12627, 952952.0], [0.12626, 508853.0], [0.12625, 615886.0], [0.12624, 786774.0], [0.12623, 1545547.0], [0.12622, 397828.0], [0.12621, 500244.0], [0.1262, 639288.0], [0.12619, 966791.0], [0.12618, 1477921.0], [0.12617, 946843.0], [0.12616, 927091.0], [0.12615, 573786.0], [0.12614, 444370.0], [0.12613, 937159.0]], "asks": [[0.12633, 205068.0], [0.12634, 200866.0], [0.12635, 214335.0], [0.12636, 370918.0], [0.12637, 525721.0], [0.12638, 481286.0], [0.12639, 397671.0], [0.1264, 705396.0], [0.12641, 468560.0], [0.12642, 1037527.0], [0.12643, 571310.0], [0.12644, 688888.0], [0.12645, 837318.0], [0.12646, 484931.0], [0.12647, 285750.0], [0.12648, 773109.0], [0.12649, 1109145.0], [0.1265, 475777.0], [0.12651, 334030.0], [0.12652, 645029.0]], "timestamp": "2025-12-18T00:59:51.708841+00:00"}, {"symbol": "DOGEUSDT", "bids": [[0.12615, 87472.0], [0.12614, 91521.0], [0.12613, 261234.0], [0.12612, 418057.0], [0.12611, 923372.0], [0.1261, 721179.0], [0.12609, 766704.0], [0.12608, 606015.0], [0.12607, 1550917.0], [0.12606, 480719.0], [0.12605, 513924.0], [0.12604, 1372925.0], [0.12603, 773627.0], [0.12602, 499201.0], [0.12601, 1173848.0], [0.126, 1424833.0], [0.12599, 684397.0], [0.12598, 1803587.0], [0.12597, 1608362.0], [0.12596, 1073753.0]], "asks": [[0.12616, 279697.0], [0.12617, 157488.0], [0.12618, 336275.0], [0.12619, 440094.0], [0.1262, 769807.0], [0.12621, 783812.0], [0.12622, 483905.0], [0.12623, 595198.0], [0.12624, 735508.0], [0.12625, 713713.0], [0.12626, 1057594.0], [0.12627, 459696.0], [0.12628, 1005585.0], [0.12629, 513518.0], [0.1263, 381735.0], [0.12631, 463317.0], [0.12632, 496052.0], [0.12633, 625591.0], [0.12634, 490924.0], [0.12635, 232422.0]], "timestamp": "2025-12-18T01:00:45.554094+00:00"}, {"symbol": "DOGEUSDT", "bids": [[0.12608, 66775.0], [0.12607, 189521.0], [0.12606, 467047.0], [0.12605, 575350.0], [0.12604, 789242.0], [0.12603, 1036114.0], [0.12602, 754637.0], [0.12601, 935490.0], [0.126, 2200394.0], [0.12599, 784485.0], [0.12598, 506751.0], [0.12597, 619866.0], [0.12596, 992582.0], [0.12595, 707801.0], [0.12594, 403604.0], [0.12593, 984531.0], [0.12592, 1378767.0], [0.12591, 777013.0], [0.1259, 972983.0], [0.12589, 2218114.0]], "asks": [[0.12609, 211976.0], [0.1261, 159672.0], [0.12611, 223734.0], [0.12612, 165217.0], [0.12613, 411894.0], [0.12614, 455934.0], [0.12615, 365619.0], [0.12616, 753643.0], [0.12617, 565748.0], [0.12618, 1163820.0], [0.12619, 481065.0], [0.1262, 718160.0], [0.12621, 408804.0], [0.12622, 422729.0], [0.12623, 331730.0], [0.12624, 531717.0], [0.12625, 831387.0], [0.12626, 286129.0], [0.12627, 349802.0], [0.12628, 579578.0]], "timestamp": "2025-12-18T01:01:39.175406+00:00"}, {"symbol": "DOGEUSDT", "bids": [[0.12601, 33100.0], [0.126, 825316.0], [0.12599, 325693.0], [0.12598, 523447.0], [0.12597, 763877.0], [0.12596, 753758.0], [0.12595, 907174.0], [0.12594, 594322.0], [0.12593, 782598.0], [0.12592, 701962.0], [0.12591, 688537.0], [0.1259, 1826290.0], [0.12589, 1037131.0], [0.12588, 2244061.0], [0.12587, 1365899.0], [0.12586, 1971532.0], [0.12585, 1125660.0], [0.12584, 820148.0], [0.12583, 680781.0], [0.12582, 563830.0]], "asks": [[0.12602, 334959.0], [0.12603, 160575.0], [0.12604, 197055.0], [0.12605, 401303.0], [0.12606, 568200.0], [0.12607, 607958.0], [0.12608, 810581.0], [0.12609, 496112.0], [0.1261, 659406.0], [0.12611, 1200746.0], [0.12612, 678558.0], [0.12613, 504972.0], [0.12614, 392634.0], [0.12615, 539810.0], [0.12616, 666995.0], [0.12617, 688213.0], [0.12618, 308937.0], [0.12619, 314693.0], [0.1262, 568867.0], [0.12621, 527560.0]], "timestamp": "2025-12-18T01:02:33.300246+00:00"}, {"symbol": "DOGEUSDT", "bids": [[0.126, 689094.0], [0.12599, 207258.0], [0.12598, 622066.0], [0.12597, 306379.0], [0.12596, 633445.0], [0.12595, 711161.0], [0.12594, 628640.0], [0.12593, 898449.0], [0.12592, 1057449.0], [0.12591, 1714819.0], [0.1259, 638780.0], [0.12589, 742274.0], [0.12588, 1361149.0], [0.12587, 887517.0], [0.12586, 1030067.0], [0.12585, 1115755.0], [0.12584, 934923.0], [0.12583, 988636.0], [0.12582, 2501771.0], [0.12581, 899404.0]], "asks": [[0.12601, 164978.0], [0.12602, 209113.0], [0.12603, 149749.0], [0.12604, 336850.0], [0.12605, 675360.0], [0.12606, 680171.0], [0.12607, 783487.0], [0.12608, 815353.0], [0.12609, 751191.0], [0.1261, 1541443.0], [0.12611, 591534.0], [0.12612, 684415.0], [0.12613, 585563.0], [0.12614, 269219.0], [0.12615, 482348.0], [0.12616, 654095.0], [0.12617, 659066.0], [0.12618, 366820.0], [0.12619, 885857.0], [0.1262, 577587.0]], "timestamp": "2025-12-18T01:03:27.469824+00:00"}, {"symbol": "DOGEUSDT", "bids": [[0.12593, 463312.0], [0.12592, 716196.0], [0.12591, 710200.0], [0.1259, 579247.0], [0.12589, 927639.0], [0.12588, 1446287.0], [0.12587, 836161.0], [0.12586, 681149.0], [0.12585, 664154.0], [0.12584, 1392021.0], [0.12583, 793283.0], [0.12582, 633086.0], [0.12581, 542330.0], [0.1258, 411889.0], [0.12579, 619802.0], [0.12578, 634001.0], [0.12577, 1187662.0], [0.12576, 2043048.0], [0.12575, 1116687.0], [0.12574, 1591294.0]], "asks": [[0.12594, 104669.0], [0.12595, 241126.0], [0.12596, 344772.0], [0.12597, 472579.0], [0.12598, 769034.0], [0.12599, 965383.0], [0.126, 586265.0], [0.12601, 762571.0], [0.12602, 576872.0], [0.12603, 1469563.0], [0.12604, 750587.0], [0.12605, 513806.0], [0.12606, 536181.0], [0.12607, 603947.0], [0.12608, 1229212.0], [0.12609, 574186.0], [0.1261, 281820.0], [0.12611, 281230.0], [0.12612, 705485.0], [0.12613, 966034.0]], "timestamp": "2025-12-18T01:04:21.770732+00:00"}, {"symbol": "DOGEUSDT", "bids": [[0.12572, 6888.0], [0.12571, 215784.0], [0.1257, 323937.0], [0.12569, 528613.0], [0.12568, 643692.0], [0.12567, 882664.0], [0.12566, 606182.0], [0.12565, 653608.0], [0.12564, 813162.0], [0.12563, 998145.0], [0.12562, 620021.0], [0.12561, 509902.0], [0.1256, 1456554.0], [0.12559, 834890.0], [0.12558, 904233.0], [0.12557, 1373142.0], [0.12556, 930638.0], [0.12555, 1704286.0], [0.12554, 970858.0], [0.12553, 1056524.0]], "asks": [[0.12573, 317656.0], [0.12574, 210042.0], [0.12575, 663050.0], [0.12576, 613606.0], [0.12577, 1202407.0], [0.12578, 866747.0], [0.12579, 1108578.0], [0.1258, 662916.0], [0.12581, 1823209.0], [0.12582, 609390.0], [0.12583, 702642.0], [0.12584, 621168.0], [0.12585, 494412.0], [0.12586, 474420.0], [0.12587, 444649.0], [0.12588, 422465.0], [0.12589, 609502.0], [0.1259, 329050.0], [0.12591, 546181.0], [0.12592, 547806.0]], "timestamp": "2025-12-18T01:05:15.912058+00:00"}, {"symbol": "DOGEUSDT", "bids": [[0.12563, 15912.0], [0.12562, 191160.0], [0.12561, 209940.0], [0.1256, 561313.0], [0.12559, 829198.0], [0.12558, 788682.0], [0.12557, 1060697.0], [0.12556, 863558.0], [0.12555, 973704.0], [0.12554, 787664.0], [0.12553, 1469938.0], [0.12552, 1020109.0], [0.12551, 807766.0], [0.1255, 1484987.0], [0.12549, 643630.0], [0.12548, 1328164.0], [0.12547, 816940.0], [0.12546, 919186.0], [0.12545, 810840.0], [0.12544, 2393892.0]], "asks": [[0.12564, 298728.0], [0.12565, 292746.0], [0.12566, 453111.0], [0.12567, 749876.0], [0.12568, 463222.0], [0.12569, 763532.0], [0.1257, 734098.0], [0.12571, 806140.0], [0.12572, 796952.0], [0.12573, 1337969.0], [0.12574, 448227.0], [0.12575, 477737.0], [0.12576, 540510.0], [0.12577, 507309.0], [0.12578, 401678.0], [0.12579, 704539.0], [0.1258, 607422.0], [0.12581, 339854.0], [0.12582, 389844.0], [0.12583, 613384.0]], "timestamp": "2025-12-18T01:06:09.672728+00:00"}, {"symbol": "DOGEUSDT", "bids": [[0.12572, 17911.0], [0.12571, 146120.0], [0.1257, 229606.0], [0.12569, 386352.0], [0.12568, 906960.0], [0.12567, 534166.0], [0.12566, 905140.0], [0.12565, 587526.0], [0.12564, 381098.0], [0.12563, 1181315.0], [0.12562, 678311.0], [0.12561, 349652.0], [0.1256, 490784.0], [0.12559, 678616.0], [0.12558, 641582.0], [0.12557, 743428.0], [0.12556, 595583.0], [0.12555, 477783.0], [0.12554, 986294.0], [0.12553, 2637381.0]], "asks": [[0.12573, 223528.0], [0.12574, 342310.0], [0.12575, 390048.0], [0.12576, 476135.0], [0.12577, 817085.0], [0.12578, 631324.0], [0.12579, 661447.0], [0.1258, 791451.0], [0.12581, 1561534.0], [0.12582, 554767.0], [0.12583, 569805.0], [0.12584, 414219.0], [0.12585, 702656.0], [0.12586, 419322.0], [0.12587, 526543.0], [0.12588, 471281.0], [0.12589, 603483.0], [0.1259, 485490.0], [0.12591, 788094.0], [0.12592, 1265034.0]], "timestamp": "2025-12-18T01:07:03.330928+00:00"}, {"symbol": "DOGEUSDT", "bids": [[0.1258, 60952.0], [0.12579, 118303.0], [0.12578, 183716.0], [0.12577, 598662.0], [0.12576, 702332.0], [0.12575, 692824.0], [0.12574, 952903.0], [0.12573, 669643.0], [0.12572, 1496541.0], [0.12571, 444603.0], [0.1257, 709295.0], [0.12569, 409411.0], [0.12568, 350129.0], [0.12567, 361668.0], [0.12566, 808755.0], [0.12565, 692155.0], [0.12564, 677914.0], [0.12563, 454719.0], [0.12562, 835905.0], [0.12561, 1650919.0]], "asks": [[0.12581, 188097.0], [0.12582, 170462.0], [0.12583, 238289.0], [0.12584, 324748.0], [0.12585, 411146.0], [0.12586, 719292.0], [0.12587, 632129.0], [0.12588, 449115.0], [0.12589, 519386.0], [0.1259, 1186747.0], [0.12591, 651997.0], [0.12592, 283958.0], [0.12593, 312391.0], [0.12594, 469319.0], [0.12595, 630567.0], [0.12596, 354978.0], [0.12597, 658695.0], [0.12598, 588414.0], [0.12599, 589497.0], [0.126, 1254077.0]], "timestamp": "2025-12-18T01:07:57.189526+00:00"}, {"symbol": "DOGEUSDT", "bids": [[0.12552, 133844.0], [0.12551, 226308.0], [0.1255, 326096.0], [0.12549, 436523.0], [0.12548, 925317.0], [0.12547, 827635.0], [0.12546, 902397.0], [0.12545, 955052.0], [0.12544, 1640583.0], [0.12543, 705520.0], [0.12542, 628633.0], [0.12541, 678321.0], [0.1254, 789445.0], [0.12539, 831445.0], [0.12538, 947802.0], [0.12537, 1732055.0], [0.12536, 1211526.0], [0.12535, 760057.0], [0.12534, 761487.0], [0.12533, 2503139.0]], "asks": [[0.12553, 159806.0], [0.12554, 139774.0], [0.12555, 315842.0], [0.12556, 372553.0], [0.12557, 645287.0], [0.12558, 494698.0], [0.12559, 839014.0], [0.1256, 693664.0], [0.12561, 631533.0], [0.12562, 1233883.0], [0.12563, 696461.0], [0.12564, 352493.0], [0.12565, 428385.0], [0.12566, 334571.0], [0.12567, 682156.0], [0.12568, 709256.0], [0.12569, 394272.0], [0.1257, 869705.0], [0.12571, 561702.0], [0.12572, 525728.0]], "timestamp": "2025-12-18T01:08:51.057242+00:00"}, {"symbol": "DOGEUSDT", "bids": [[0.12548, 244578.0], [0.12547, 217841.0], [0.12546, 202416.0], [0.12545, 395294.0], [0.12544, 931944.0], [0.12543, 771034.0], [0.12542, 722191.0], [0.12541, 1068939.0], [0.1254, 2050720.0], [0.12539, 745137.0], [0.12538, 545872.0], [0.12537, 1120496.0], [0.12536, 612557.0], [0.12535, 327869.0], [0.12534, 538199.0], [0.12533, 1261054.0], [0.12532, 515080.0], [0.12531, 844381.0], [0.1253, 1933834.0], [0.12529, 1839276.0]], "asks": [[0.12549, 15253.0], [0.1255, 150145.0], [0.12551, 303779.0], [0.12552, 276167.0], [0.12553, 857242.0], [0.12554, 413409.0], [0.12555, 755290.0], [0.12556, 559029.0], [0.12557, 1232251.0], [0.12558, 331647.0], [0.12559, 792807.0], [0.1256, 473339.0], [0.12561, 373659.0], [0.12562, 440216.0], [0.12563, 649626.0], [0.12564, 585293.0], [0.12565, 563270.0], [0.12566, 926293.0], [0.12567, 633213.0], [0.12568, 873466.0]], "timestamp": "2025-12-18T01:09:44.614173+00:00"}, {"symbol": "DOGEUSDT", "bids": [[0.12541, 108667.0], [0.1254, 207421.0], [0.12539, 416522.0], [0.12538, 401052.0], [0.12537, 1021471.0], [0.12536, 916113.0], [0.12535, 501696.0], [0.12534, 901521.0], [0.12533, 2245022.0], [0.12532, 658752.0], [0.12531, 824900.0], [0.1253, 567242.0], [0.12529, 824289.0], [0.12528, 1874163.0], [0.12527, 807128.0], [0.12526, 1115842.0], [0.12525, 1993939.0], [0.12524, 1424073.0], [0.12523, 1091894.0], [0.12522, 705552.0]], "asks": [[0.12542, 75945.0], [0.12543, 138903.0], [0.12544, 151695.0], [0.12545, 421507.0], [0.12546, 767688.0], [0.12547, 798150.0], [0.12548, 565264.0], [0.12549, 645767.0], [0.1255, 743288.0], [0.12551, 858471.0], [0.12552, 1287238.0], [0.12553, 420635.0], [0.12554, 286893.0], [0.12555, 747487.0], [0.12556, 698143.0], [0.12557, 350216.0], [0.12558, 345286.0], [0.12559, 734183.0], [0.1256, 1218213.0], [0.12561, 382236.0]], "timestamp": "2025-12-18T01:10:38.578874+00:00"}, {"symbol": "DOGEUSDT", "bids": [[0.12535, 190596.0], [0.12534, 169183.0], [0.12533, 521017.0], [0.12532, 766779.0], [0.12531, 1019818.0], [0.1253, 1080329.0], [0.12529, 980467.0], [0.12528, 1104612.0], [0.12527, 964282.0], [0.12526, 2251079.0], [0.12525, 1783954.0], [0.12524, 1135336.0], [0.12523, 2081203.0], [0.12522, 586846.0], [0.12521, 826155.0], [0.1252, 1253887.0], [0.12519, 645308.0], [0.12518, 896572.0], [0.12517, 1396285.0], [0.12516, 809736.0]], "asks": [[0.12536, 200085.0], [0.12537, 113539.0], [0.12538, 126074.0], [0.12539, 381295.0], [0.1254, 554980.0], [0.12541, 861622.0], [0.12542, 637460.0], [0.12543, 830433.0], [0.12544, 898665.0], [0.12545, 616302.0], [0.12546, 1243732.0], [0.12547, 692246.0], [0.12548, 316876.0], [0.12549, 769277.0], [0.1255, 408099.0], [0.12551, 904844.0], [0.12552, 273412.0], [0.12553, 413625.0], [0.12554, 230190.0], [0.12555, 755724.0]], "timestamp": "2025-12-18T01:11:32.339965+00:00"}, {"symbol": "DOGEUSDT", "bids": [[0.12539, 531494.0], [0.12538, 77100.0], [0.12537, 240083.0], [0.12536, 555199.0], [0.12535, 813350.0], [0.12534, 1034252.0], [0.12533, 684282.0], [0.12532, 2192852.0], [0.12531, 885097.0], [0.1253, 1191887.0], [0.12529, 590972.0], [0.12528, 594422.0], [0.12527, 793309.0], [0.12526, 2024618.0], [0.12525, 1745327.0], [0.12524, 693418.0], [0.12523, 1104744.0], [0.12522, 844845.0], [0.12521, 1190436.0], [0.1252, 1181367.0]], "asks": [[0.1254, 50455.0], [0.12541, 38546.0], [0.12542, 233320.0], [0.12543, 273249.0], [0.12544, 488837.0], [0.12545, 660151.0], [0.12546, 593757.0], [0.12547, 657239.0], [0.12548, 294123.0], [0.12549, 440934.0], [0.1255, 402206.0], [0.12551, 483979.0], [0.12552, 411029.0], [0.12553, 689754.0], [0.12554, 1541823.0], [0.12555, 676106.0], [0.12556, 365108.0], [0.12557, 447914.0], [0.12558, 360006.0], [0.12559, 680720.0]], "timestamp": "2025-12-18T01:12:26.202488+00:00"}, {"symbol": "DOGEUSDT", "bids": [[0.12555, 257277.0], [0.12554, 172100.0], [0.12553, 157288.0], [0.12552, 371311.0], [0.12551, 799248.0], [0.1255, 508638.0], [0.12549, 745377.0], [0.12548, 378193.0], [0.12547, 535660.0], [0.12546, 1501252.0], [0.12545, 479655.0], [0.12544, 488532.0], [0.12543, 423063.0], [0.12542, 452989.0], [0.12541, 265907.0], [0.1254, 580696.0], [0.12539, 900034.0], [0.12538, 1020763.0], [0.12537, 1900096.0], [0.12536, 495584.0]], "asks": [[0.12556, 28572.0], [0.12557, 138513.0], [0.12558, 314470.0], [0.12559, 674123.0], [0.1256, 543620.0], [0.12561, 637323.0], [0.12562, 556842.0], [0.12563, 935665.0], [0.12564, 477960.0], [0.12565, 1064722.0], [0.12566, 332920.0], [0.12567, 602415.0], [0.12568, 460036.0], [0.12569, 483276.0], [0.1257, 322384.0], [0.12571, 881544.0], [0.12572, 209597.0], [0.12573, 366325.0], [0.12574, 339462.0], [0.12575, 676841.0]], "timestamp": "2025-12-18T01:13:19.860974+00:00"}, {"symbol": "DOGEUSDT", "bids": [[0.12561, 63305.0], [0.1256, 189364.0], [0.12559, 187292.0], [0.12558, 550621.0], [0.12557, 906170.0], [0.12556, 489556.0], [0.12555, 465510.0], [0.12554, 707235.0], [0.12553, 1575078.0], [0.12552, 481412.0], [0.12551, 532068.0], [0.1255, 708960.0], [0.12549, 981899.0], [0.12548, 378917.0], [0.12547, 404086.0], [0.12546, 924776.0], [0.12545, 1390118.0], [0.12544, 679724.0], [0.12543, 677482.0], [0.12542, 511969.0]], "asks": [[0.12562, 76331.0], [0.12563, 182430.0], [0.12564, 239347.0], [0.12565, 184474.0], [0.12566, 394657.0], [0.12567, 727787.0], [0.12568, 466887.0], [0.12569, 669562.0], [0.1257, 1359687.0], [0.12571, 734533.0], [0.12572, 370875.0], [0.12573, 384986.0], [0.12574, 574351.0], [0.12575, 839395.0], [0.12576, 756418.0], [0.12577, 335504.0], [0.12578, 420452.0], [0.12579, 1143088.0], [0.1258, 564462.0], [0.12581, 242774.0]], "timestamp": "2025-12-18T01:14:13.519116+00:00"}, {"symbol": "DOGEUSDT", "bids": [[0.12569, 181928.0], [0.12568, 78128.0], [0.12567, 436215.0], [0.12566, 872439.0], [0.12565, 1487782.0], [0.12564, 963170.0], [0.12563, 1278227.0], [0.12562, 1261690.0], [0.12561, 993609.0], [0.1256, 1735038.0], [0.12559, 569353.0], [0.12558, 658831.0], [0.12557, 512568.0], [0.12556, 463346.0], [0.12555, 322062.0], [0.12554, 619241.0], [0.12553, 727430.0], [0.12552, 720901.0], [0.12551, 860508.0], [0.1255, 1965362.0]], "asks": [[0.1257, 174974.0], [0.12571, 70617.0], [0.12572, 140365.0], [0.12573, 278556.0], [0.12574, 322491.0], [0.12575, 629436.0], [0.12576, 631432.0], [0.12577, 457346.0], [0.12578, 1071257.0], [0.12579, 716025.0], [0.1258, 538773.0], [0.12581, 416881.0], [0.12582, 532333.0], [0.12583, 689384.0], [0.12584, 221273.0], [0.12585, 382275.0], [0.12586, 670207.0], [0.12587, 1305916.0], [0.12588, 359167.0], [0.12589, 279497.0]], "timestamp": "2025-12-18T01:15:07.792039+00:00"}, {"symbol": "DOGEUSDT", "bids": [[0.12574, 438060.0], [0.12573, 283615.0], [0.12572, 257528.0], [0.12571, 140773.0], [0.1257, 505369.0], [0.12569, 692110.0], [0.12568, 898951.0], [0.12567, 941023.0], [0.12566, 568745.0], [0.12565, 484414.0], [0.12564, 1249555.0], [0.12563, 783243.0], [0.12562, 797210.0], [0.12561, 438478.0], [0.1256, 539596.0], [0.12559, 360286.0], [0.12558, 972319.0], [0.12557, 571771.0], [0.12556, 518968.0], [0.12555, 672142.0]], "asks": [[0.12575, 58923.0], [0.12576, 128001.0], [0.12577, 433877.0], [0.12578, 481601.0], [0.12579, 899466.0], [0.1258, 566454.0], [0.12581, 567777.0], [0.12582, 987213.0], [0.12583, 1237462.0], [0.12584, 681216.0], [0.12585, 356646.0], [0.12586, 445673.0], [0.12587, 783358.0], [0.12588, 330022.0], [0.12589, 394167.0], [0.1259, 417646.0], [0.12591, 462597.0], [0.12592, 639343.0], [0.12593, 221973.0], [0.12594, 542768.0]], "timestamp": "2025-12-18T01:16:01.245483+00:00"}, {"symbol": "DOGEUSDT", "bids": [[0.12569, 135890.0], [0.12568, 257942.0], [0.12567, 218303.0], [0.12566, 554752.0], [0.12565, 791270.0], [0.12564, 458572.0], [0.12563, 508064.0], [0.12562, 889067.0], [0.12561, 1564950.0], [0.1256, 619101.0], [0.12559, 435992.0], [0.12558, 753234.0], [0.12557, 417781.0], [0.12556, 380281.0], [0.12555, 452658.0], [0.12554, 1064579.0], [0.12553, 1479550.0], [0.12552, 649999.0], [0.12551, 379716.0], [0.1255, 823046.0]], "asks": [[0.1257, 38344.0], [0.12571, 187903.0], [0.12572, 450502.0], [0.12573, 285678.0], [0.12574, 782510.0], [0.12575, 1055447.0], [0.12576, 575781.0], [0.12577, 683791.0], [0.12578, 778002.0], [0.12579, 1616584.0], [0.1258, 411926.0], [0.12581, 613362.0], [0.12582, 474379.0], [0.12583, 493017.0], [0.12584, 814310.0], [0.12585, 200390.0], [0.12586, 485397.0], [0.12587, 638990.0], [0.12588, 671375.0], [0.12589, 187709.0]], "timestamp": "2025-12-18T01:16:54.513544+00:00"}, {"symbol": "DOGEUSDT", "bids": [[0.12566, 185161.0], [0.12565, 198540.0], [0.12564, 554685.0], [0.12563, 459077.0], [0.12562, 928574.0], [0.12561, 760582.0], [0.1256, 693814.0], [0.12559, 841817.0], [0.12558, 1433697.0], [0.12557, 477655.0], [0.12556, 403483.0], [0.12555, 409629.0], [0.12554, 361734.0], [0.12553, 609392.0], [0.12552, 537935.0], [0.12551, 495064.0], [0.1255, 1794100.0], [0.12549, 783370.0], [0.12548, 742928.0], [0.12547, 1061838.0]], "asks": [[0.12567, 11792.0], [0.12568, 146483.0], [0.12569, 174488.0], [0.1257, 383807.0], [0.12571, 721050.0], [0.12572, 803744.0], [0.12573, 778634.0], [0.12574, 964786.0], [0.12575, 904328.0], [0.12576, 635542.0], [0.12577, 715817.0], [0.12578, 1454812.0], [0.12579, 587621.0], [0.1258, 593358.0], [0.12581, 401913.0], [0.12582, 563037.0], [0.12583, 612404.0], [0.12584, 717010.0], [0.12585, 388331.0], [0.12586, 957384.0]], "timestamp": "2025-12-18T01:17:48.152651+00:00"}, {"symbol": "DOGEUSDT", "bids": [[0.12553, 128968.0], [0.12552, 172013.0], [0.12551, 167370.0], [0.1255, 472443.0], [0.12549, 1176337.0], [0.12548, 503875.0], [0.12547, 623424.0], [0.12546, 701416.0], [0.12545, 655728.0], [0.12544, 1380069.0], [0.12543, 704948.0], [0.12542, 612014.0], [0.12541, 489969.0], [0.1254, 400410.0], [0.12539, 530047.0], [0.12538, 1153716.0], [0.12537, 561922.0], [0.12536, 697921.0], [0.12535, 537672.0], [0.12534, 1007433.0]], "asks": [[0.12554, 133303.0], [0.12555, 117757.0], [0.12556, 171898.0], [0.12557, 349131.0], [0.12558, 555303.0], [0.12559, 683167.0], [0.1256, 708348.0], [0.12561, 629433.0], [0.12562, 662077.0], [0.12563, 1411134.0], [0.12564, 604606.0], [0.12565, 600112.0], [0.12566, 799337.0], [0.12567, 1336121.0], [0.12568, 432361.0], [0.12569, 355315.0], [0.1257, 427593.0], [0.12571, 1964602.0], [0.12572, 838160.0], [0.12573, 283648.0]], "timestamp": "2025-12-18T01:18:41.503863+00:00"}, {"symbol": "DOGEUSDT", "bids": [[0.1255, 137937.0], [0.12549, 149211.0], [0.12548, 234691.0], [0.12547, 423477.0], [0.12546, 883766.0], [0.12545, 514925.0], [0.12544, 535423.0], [0.12543, 487943.0], [0.12542, 857199.0], [0.12541, 1278131.0], [0.1254, 481866.0], [0.12539, 433414.0], [0.12538, 624863.0], [0.12537, 723506.0], [0.12536, 391482.0], [0.12535, 776097.0], [0.12534, 1892456.0], [0.12533, 840470.0], [0.12532, 364361.0], [0.12531, 545331.0]], "asks": [[0.12551, 39435.0], [0.12552, 184646.0], [0.12553, 449028.0], [0.12554, 410611.0], [0.12555, 587581.0], [0.12556, 429577.0], [0.12557, 561629.0], [0.12558, 800304.0], [0.12559, 777004.0], [0.1256, 1518943.0], [0.12561, 351735.0], [0.12562, 359119.0], [0.12563, 658255.0], [0.12564, 323342.0], [0.12565, 393949.0], [0.12566, 827875.0], [0.12567, 472709.0], [0.12568, 307368.0], [0.12569, 636159.0], [0.1257, 1698189.0]], "timestamp": "2025-12-18T01:19:35.981420+00:00"}, {"symbol": "DOGEUSDT", "bids": [[0.12554, 37859.0], [0.12553, 160976.0], [0.12552, 436147.0], [0.12551, 488472.0], [0.1255, 962529.0], [0.12549, 624661.0], [0.12548, 546846.0], [0.12547, 643504.0], [0.12546, 1399257.0], [0.12545, 650190.0], [0.12544, 445374.0], [0.12543, 367119.0], [0.12542, 663721.0], [0.12541, 832985.0], [0.1254, 571496.0], [0.12539, 921348.0], [0.12538, 1189140.0], [0.12537, 1350395.0], [0.12536, 490272.0], [0.12535, 762807.0]], "asks": [[0.12555, 187746.0], [0.12556, 232529.0], [0.12557, 193815.0], [0.12558, 316828.0], [0.12559, 707253.0], [0.1256, 612033.0], [0.12561, 531310.0], [0.12562, 608418.0], [0.12563, 960455.0], [0.12564, 879748.0], [0.12565, 1164613.0], [0.12566, 605943.0], [0.12567, 528642.0], [0.12568, 436924.0], [0.12569, 875411.0], [0.1257, 387543.0], [0.12571, 474745.0], [0.12572, 390484.0], [0.12573, 521347.0], [0.12574, 417312.0]], "timestamp": "2025-12-18T01:20:30.254526+00:00"}, {"symbol": "DOGEUSDT", "bids": [[0.12563, 344381.0], [0.12562, 196462.0], [0.12561, 244240.0], [0.1256, 327629.0], [0.12559, 943320.0], [0.12558, 670094.0], [0.12557, 792555.0], [0.12556, 585852.0], [0.12555, 848093.0], [0.12554, 657872.0], [0.12553, 1562874.0], [0.12552, 457495.0], [0.12551, 763199.0], [0.1255, 1629926.0], [0.12549, 536323.0], [0.12548, 602170.0], [0.12547, 574814.0], [0.12546, 879332.0], [0.12545, 711907.0], [0.12544, 972622.0]], "asks": [[0.12564, 1807996.0], [0.12565, 149496.0], [0.12566, 284552.0], [0.12567, 458136.0], [0.12568, 577776.0], [0.12569, 520590.0], [0.1257, 956439.0], [0.12571, 679443.0], [0.12572, 436523.0], [0.12573, 1291161.0], [0.12574, 417862.0], [0.12575, 535654.0], [0.12576, 307619.0], [0.12577, 334451.0], [0.12578, 483860.0], [0.12579, 915871.0], [0.1258, 438379.0], [0.12581, 1031169.0], [0.12582, 330804.0], [0.12583, 698699.0]], "timestamp": "2025-12-18T01:21:24.348954+00:00"}, {"symbol": "DOGEUSDT", "bids": [[0.12565, 87471.0], [0.12564, 137618.0], [0.12563, 187723.0], [0.12562, 397377.0], [0.12561, 1000940.0], [0.1256, 660602.0], [0.12559, 807821.0], [0.12558, 989977.0], [0.12557, 985231.0], [0.12556, 2451893.0], [0.12555, 604714.0], [0.12554, 606325.0], [0.12553, 563382.0], [0.12552, 778979.0], [0.12551, 1344938.0], [0.1255, 888797.0], [0.12549, 678515.0], [0.12548, 734529.0], [0.12547, 453602.0], [0.12546, 874532.0]], "asks": [[0.12566, 130965.0], [0.12567, 174801.0], [0.12568, 346294.0], [0.12569, 593611.0], [0.1257, 775869.0], [0.12571, 673580.0], [0.12572, 518877.0], [0.12573, 595776.0], [0.12574, 927530.0], [0.12575, 1574598.0], [0.12576, 464323.0], [0.12577, 463747.0], [0.12578, 473397.0], [0.12579, 532619.0], [0.1258, 482851.0], [0.12581, 732233.0], [0.12582, 386253.0], [0.12583, 505364.0], [0.12584, 438970.0], [0.12585, 645649.0]], "timestamp": "2025-12-18T01:22:18.492496+00:00"}, {"symbol": "DOGEUSDT", "bids": [[0.12566, 259407.0], [0.12565, 135423.0], [0.12564, 142338.0], [0.12563, 573799.0], [0.12562, 910470.0], [0.12561, 764940.0], [0.1256, 805854.0], [0.12559, 1750589.0], [0.12558, 853910.0], [0.12557, 1819567.0], [0.12556, 608767.0], [0.12555, 608257.0], [0.12554, 659517.0], [0.12553, 1397711.0], [0.12552, 609368.0], [0.12551, 661906.0], [0.1255, 1374481.0], [0.12549, 666944.0], [0.12548, 774544.0], [0.12547, 614040.0]], "asks": [[0.12567, 43614.0], [0.12568, 128682.0], [0.12569, 200621.0], [0.1257, 475762.0], [0.12571, 795400.0], [0.12572, 822500.0], [0.12573, 624947.0], [0.12574, 554856.0], [0.12575, 861693.0], [0.12576, 496336.0], [0.12577, 1323505.0], [0.12578, 512563.0], [0.12579, 697275.0], [0.1258, 388306.0], [0.12581, 516290.0], [0.12582, 403624.0], [0.12583, 538760.0], [0.12584, 890416.0], [0.12585, 444903.0], [0.12586, 516558.0]], "timestamp": "2025-12-18T01:23:11.843463+00:00"}, {"symbol": "DOGEUSDT", "bids": [[0.12572, 285736.0], [0.12571, 141230.0], [0.1257, 178582.0], [0.12569, 496974.0], [0.12568, 1148244.0], [0.12567, 805256.0], [0.12566, 1146416.0], [0.12565, 2131366.0], [0.12564, 728266.0], [0.12563, 1901336.0], [0.12562, 576835.0], [0.12561, 746630.0], [0.1256, 684404.0], [0.12559, 408862.0], [0.12558, 1070512.0], [0.12557, 859893.0], [0.12556, 596197.0], [0.12555, 814206.0], [0.12554, 1685749.0], [0.12553, 496025.0]], "asks": [[0.12573, 226220.0], [0.12574, 234107.0], [0.12575, 138034.0], [0.12576, 203377.0], [0.12577, 431086.0], [0.12578, 490446.0], [0.12579, 623959.0], [0.1258, 426819.0], [0.12581, 622257.0], [0.12582, 1297364.0], [0.12583, 661977.0], [0.12584, 508056.0], [0.12585, 494006.0], [0.12586, 686470.0], [0.12587, 731839.0], [0.12588, 356874.0], [0.12589, 614632.0], [0.1259, 519435.0], [0.12591, 1202303.0], [0.12592, 563655.0]], "timestamp": "2025-12-18T01:24:06.933813+00:00"}, {"symbol": "DOGEUSDT", "bids": [[0.12569, 584302.0], [0.12568, 198112.0], [0.12567, 187032.0], [0.12566, 469602.0], [0.12565, 967015.0], [0.12564, 611832.0], [0.12563, 670256.0], [0.12562, 855497.0], [0.12561, 3079618.0], [0.1256, 666499.0], [0.12559, 770757.0], [0.12558, 800255.0], [0.12557, 594530.0], [0.12556, 420528.0], [0.12555, 625823.0], [0.12554, 774606.0], [0.12553, 599318.0], [0.12552, 792060.0], [0.12551, 1462962.0], [0.1255, 1434939.0]], "asks": [[0.1257, 41527.0], [0.12571, 49107.0], [0.12572, 242884.0], [0.12573, 271943.0], [0.12574, 510706.0], [0.12575, 649686.0], [0.12576, 436356.0], [0.12577, 647522.0], [0.12578, 707953.0], [0.12579, 637637.0], [0.1258, 1165572.0], [0.12581, 498546.0], [0.12582, 377086.0], [0.12583, 650832.0], [0.12584, 736404.0], [0.12585, 295946.0], [0.12586, 557994.0], [0.12587, 716441.0], [0.12588, 507652.0], [0.12589, 1392042.0]], "timestamp": "2025-12-18T01:25:00.386714+00:00"}, {"symbol": "DOGEUSDT", "bids": [[0.12554, 166134.0], [0.12553, 89837.0], [0.12552, 206419.0], [0.12551, 409285.0], [0.1255, 1503103.0], [0.12549, 756781.0], [0.12548, 761126.0], [0.12547, 665375.0], [0.12546, 993906.0], [0.12545, 1603310.0], [0.12544, 546855.0], [0.12543, 516876.0], [0.12542, 840230.0], [0.12541, 472963.0], [0.1254, 705826.0], [0.12539, 1771605.0], [0.12538, 1498459.0], [0.12537, 1110678.0], [0.12536, 486076.0], [0.12535, 575648.0]], "asks": [[0.12555, 155608.0], [0.12556, 271515.0], [0.12557, 301821.0], [0.12558, 651211.0], [0.12559, 749518.0], [0.1256, 933983.0], [0.12561, 833861.0], [0.12562, 483053.0], [0.12563, 826771.0], [0.12564, 559615.0], [0.12565, 1399580.0], [0.12566, 296585.0], [0.12567, 550565.0], [0.12568, 563625.0], [0.12569, 389530.0], [0.1257, 539052.0], [0.12571, 783744.0], [0.12572, 745255.0], [0.12573, 547641.0], [0.12574, 838718.0]], "timestamp": "2025-12-18T01:25:53.970841+00:00"}, {"symbol": "DOGEUSDT", "bids": [[0.12547, 275147.0], [0.12546, 136878.0], [0.12545, 109036.0], [0.12544, 379140.0], [0.12543, 1126500.0], [0.12542, 1050907.0], [0.12541, 600806.0], [0.1254, 1009386.0], [0.12539, 2105940.0], [0.12538, 853336.0], [0.12537, 1853399.0], [0.12536, 622872.0], [0.12535, 378098.0], [0.12534, 432193.0], [0.12533, 564066.0], [0.12532, 399458.0], [0.12531, 661431.0], [0.1253, 1169669.0], [0.12529, 795814.0], [0.12528, 1324575.0]], "asks": [[0.12548, 82953.0], [0.12549, 221454.0], [0.1255, 437631.0], [0.12551, 449512.0], [0.12552, 738998.0], [0.12553, 646306.0], [0.12554, 729925.0], [0.12555, 550375.0], [0.12556, 876928.0], [0.12557, 1002118.0], [0.12558, 347035.0], [0.12559, 705585.0], [0.1256, 390648.0], [0.12561, 311677.0], [0.12562, 434082.0], [0.12563, 795972.0], [0.12564, 690977.0], [0.12565, 1005611.0], [0.12566, 312345.0], [0.12567, 613801.0]], "timestamp": "2025-12-18T01:26:48.213016+00:00"}, {"symbol": "DOGEUSDT", "bids": [[0.12549, 162782.0], [0.12548, 242104.0], [0.12547, 349024.0], [0.12546, 321460.0], [0.12545, 1235109.0], [0.12544, 901583.0], [0.12543, 712465.0], [0.12542, 646649.0], [0.12541, 1623999.0], [0.1254, 1173400.0], [0.12539, 1577877.0], [0.12538, 571944.0], [0.12537, 767367.0], [0.12536, 487130.0], [0.12535, 337473.0], [0.12534, 753197.0], [0.12533, 681887.0], [0.12532, 439293.0], [0.12531, 717414.0], [0.1253, 864673.0]], "asks": [[0.1255, 185467.0], [0.12551, 331610.0], [0.12552, 552408.0], [0.12553, 567986.0], [0.12554, 493821.0], [0.12555, 615966.0], [0.12556, 492924.0], [0.12557, 571051.0], [0.12558, 547310.0], [0.12559, 1599840.0], [0.1256, 296130.0], [0.12561, 345555.0], [0.12562, 511979.0], [0.12563, 788427.0], [0.12564, 580114.0], [0.12565, 552338.0], [0.12566, 858462.0], [0.12567, 617574.0], [0.12568, 768620.0], [0.12569, 345628.0]], "timestamp": "2025-12-18T01:27:41.665457+00:00"}, {"symbol": "DOGEUSDT", "bids": [[0.12554, 67051.0], [0.12553, 335015.0], [0.12552, 370396.0], [0.12551, 614693.0], [0.1255, 2340519.0], [0.12549, 534695.0], [0.12548, 725409.0], [0.12547, 650098.0], [0.12546, 666932.0], [0.12545, 1640302.0], [0.12544, 739310.0], [0.12543, 460172.0], [0.12542, 498031.0], [0.12541, 455844.0], [0.1254, 1004701.0], [0.12539, 329877.0], [0.12538, 892386.0], [0.12537, 1005705.0], [0.12536, 769037.0], [0.12535, 1441358.0]], "asks": [[0.12555, 352745.0], [0.12556, 220206.0], [0.12557, 186875.0], [0.12558, 383438.0], [0.12559, 897012.0], [0.1256, 296074.0], [0.12561, 458377.0], [0.12562, 716291.0], [0.12563, 1603910.0], [0.12564, 502545.0], [0.12565, 423369.0], [0.12566, 345870.0], [0.12567, 709748.0], [0.12568, 801150.0], [0.12569, 670656.0], [0.1257, 314837.0], [0.12571, 636022.0], [0.12572, 826358.0], [0.12573, 1017148.0], [0.12574, 669198.0]], "timestamp": "2025-12-18T01:28:35.835017+00:00"}, {"symbol": "DOGEUSDT", "bids": [[0.1255, 1120761.0], [0.12549, 122250.0], [0.12548, 199750.0], [0.12547, 432254.0], [0.12546, 950503.0], [0.12545, 964448.0], [0.12544, 874086.0], [0.12543, 731385.0], [0.12542, 566171.0], [0.12541, 1447763.0], [0.1254, 957479.0], [0.12539, 333083.0], [0.12538, 666253.0], [0.12537, 864922.0], [0.12536, 642833.0], [0.12535, 529486.0], [0.12534, 1500730.0], [0.12533, 868643.0], [0.12532, 777629.0], [0.12531, 1050302.0]], "asks": [[0.12551, 304379.0], [0.12552, 418110.0], [0.12553, 336420.0], [0.12554, 424921.0], [0.12555, 772154.0], [0.12556, 626055.0], [0.12557, 612415.0], [0.12558, 485514.0], [0.12559, 994471.0], [0.1256, 1169075.0], [0.12561, 363948.0], [0.12562, 568616.0], [0.12563, 742448.0], [0.12564, 433410.0], [0.12565, 498527.0], [0.12566, 228771.0], [0.12567, 531688.0], [0.12568, 676432.0], [0.12569, 503733.0], [0.1257, 396167.0]], "timestamp": "2025-12-18T01:29:30.414757+00:00"}, {"symbol": "DOGEUSDT", "bids": [[0.12544, 98160.0], [0.12543, 121048.0], [0.12542, 472801.0], [0.12541, 638139.0], [0.1254, 1368073.0], [0.12539, 1177744.0], [0.12538, 870684.0], [0.12537, 589209.0], [0.12536, 721519.0], [0.12535, 1543895.0], [0.12534, 757138.0], [0.12533, 410923.0], [0.12532, 763844.0], [0.12531, 663546.0], [0.1253, 1142568.0], [0.12529, 536547.0], [0.12528, 539179.0], [0.12527, 634832.0], [0.12526, 2091597.0], [0.12525, 1455176.0]], "asks": [[0.12545, 169541.0], [0.12546, 321088.0], [0.12547, 299524.0], [0.12548, 341419.0], [0.12549, 385659.0], [0.1255, 579440.0], [0.12551, 560157.0], [0.12552, 595680.0], [0.12553, 1507586.0], [0.12554, 387175.0], [0.12555, 647891.0], [0.12556, 490215.0], [0.12557, 614196.0], [0.12558, 645412.0], [0.12559, 769170.0], [0.1256, 1149062.0], [0.12561, 309820.0], [0.12562, 321386.0], [0.12563, 591515.0], [0.12564, 775938.0]], "timestamp": "2025-12-18T01:30:24.686254+00:00"}, {"symbol": "DOGEUSDT", "bids": [[0.1254, 273043.0], [0.12539, 139024.0], [0.12538, 115766.0], [0.12537, 359082.0], [0.12536, 971323.0], [0.12535, 618968.0], [0.12534, 832396.0], [0.12533, 654475.0], [0.12532, 821844.0], [0.12531, 639708.0], [0.1253, 1585086.0], [0.12529, 605627.0], [0.12528, 535474.0], [0.12527, 653158.0], [0.12526, 1337649.0], [0.12525, 1671937.0], [0.12524, 1256049.0], [0.12523, 604114.0], [0.12522, 1020878.0], [0.12521, 1035865.0]], "asks": [[0.12541, 78940.0], [0.12542, 206301.0], [0.12543, 515297.0], [0.12544, 601020.0], [0.12545, 602427.0], [0.12546, 833960.0], [0.12547, 1396925.0], [0.12548, 648449.0], [0.12549, 745742.0], [0.1255, 1571197.0], [0.12551, 595890.0], [0.12552, 421047.0], [0.12553, 681702.0], [0.12554, 420359.0], [0.12555, 554563.0], [0.12556, 721189.0], [0.12557, 350427.0], [0.12558, 335762.0], [0.12559, 681116.0], [0.1256, 569335.0]], "timestamp": "2025-12-18T01:31:18.690574+00:00"}, {"symbol": "DOGEUSDT", "bids": [[0.12548, 23366.0], [0.12547, 31353.0], [0.12546, 190647.0], [0.12545, 693785.0], [0.12544, 1270879.0], [0.12543, 840374.0], [0.12542, 455819.0], [0.12541, 624073.0], [0.1254, 759937.0], [0.12539, 2224272.0], [0.12538, 683576.0], [0.12537, 494614.0], [0.12536, 478998.0], [0.12535, 441730.0], [0.12534, 604904.0], [0.12533, 699526.0], [0.12532, 709947.0], [0.12531, 886854.0], [0.1253, 1455025.0], [0.12529, 490032.0]], "asks": [[0.12549, 220424.0], [0.1255, 245568.0], [0.12551, 407358.0], [0.12552, 510450.0], [0.12553, 748676.0], [0.12554, 392891.0], [0.12555, 884539.0], [0.12556, 1120043.0], [0.12557, 529089.0], [0.12558, 552278.0], [0.12559, 687399.0], [0.1256, 481206.0], [0.12561, 1154741.0], [0.12562, 497364.0], [0.12563, 561902.0], [0.12564, 635839.0], [0.12565, 504982.0], [0.12566, 225531.0], [0.12567, 533636.0], [0.12568, 951157.0]], "timestamp": "2025-12-18T01:32:12.616041+00:00"}, {"symbol": "DOGEUSDT", "bids": [[0.12541, 3304.0], [0.1254, 81447.0], [0.12539, 166853.0], [0.12538, 1247430.0], [0.12537, 561001.0], [0.12536, 508807.0], [0.12535, 639298.0], [0.12534, 820109.0], [0.12533, 745187.0], [0.12532, 1318237.0], [0.12531, 620004.0], [0.1253, 634344.0], [0.12529, 532490.0], [0.12528, 653484.0], [0.12527, 741842.0], [0.12526, 1069986.0], [0.12525, 1744372.0], [0.12524, 1361247.0], [0.12523, 835141.0], [0.12522, 1117956.0]], "asks": [[0.12542, 130429.0], [0.12543, 338352.0], [0.12544, 536505.0], [0.12545, 450291.0], [0.12546, 559782.0], [0.12547, 1021458.0], [0.12548, 911278.0], [0.12549, 698655.0], [0.1255, 781884.0], [0.12551, 1728342.0], [0.12552, 1128754.0], [0.12553, 1690483.0], [0.12554, 343690.0], [0.12555, 601655.0], [0.12556, 355410.0], [0.12557, 339490.0], [0.12558, 342944.0], [0.12559, 632041.0], [0.1256, 547435.0], [0.12561, 366929.0]], "timestamp": "2025-12-18T01:33:06.376364+00:00"}, {"symbol": "DOGEUSDT", "bids": [[0.12551, 9538.0], [0.1255, 130881.0], [0.12549, 441290.0], [0.12548, 536924.0], [0.12547, 977187.0], [0.12546, 837119.0], [0.12545, 800290.0], [0.12544, 815827.0], [0.12543, 1047962.0], [0.12542, 1824528.0], [0.12541, 430610.0], [0.1254, 403049.0], [0.12539, 882880.0], [0.12538, 453088.0], [0.12537, 295432.0], [0.12536, 620951.0], [0.12535, 565242.0], [0.12534, 1317900.0], [0.12533, 949411.0], [0.12532, 737248.0]], "asks": [[0.12552, 228571.0], [0.12553, 1244911.0], [0.12554, 165259.0], [0.12555, 170872.0], [0.12556, 520618.0], [0.12557, 545922.0], [0.12558, 569713.0], [0.12559, 774750.0], [0.1256, 641843.0], [0.12561, 1305554.0], [0.12562, 579769.0], [0.12563, 557957.0], [0.12564, 352315.0], [0.12565, 642549.0], [0.12566, 1019446.0], [0.12567, 719609.0], [0.12568, 986664.0], [0.12569, 652075.0], [0.1257, 1738111.0], [0.12571, 771713.0]], "timestamp": "2025-12-18T01:33:59.931614+00:00"}, {"symbol": "DOGEUSDT", "bids": [[0.12548, 139929.0], [0.12547, 195165.0], [0.12546, 264726.0], [0.12545, 606366.0], [0.12544, 845118.0], [0.12543, 825177.0], [0.12542, 864899.0], [0.12541, 657935.0], [0.1254, 1335185.0], [0.12539, 1117714.0], [0.12538, 522027.0], [0.12537, 378146.0], [0.12536, 564056.0], [0.12535, 495622.0], [0.12534, 1146381.0], [0.12533, 961543.0], [0.12532, 777750.0], [0.12531, 597688.0], [0.1253, 1104372.0], [0.12529, 1149974.0]], "asks": [[0.12549, 70734.0], [0.1255, 107639.0], [0.12551, 227989.0], [0.12552, 607402.0], [0.12553, 1570139.0], [0.12554, 603499.0], [0.12555, 707287.0], [0.12556, 518613.0], [0.12557, 651682.0], [0.12558, 472736.0], [0.12559, 1546767.0], [0.1256, 336208.0], [0.12561, 632280.0], [0.12562, 462894.0], [0.12563, 827615.0], [0.12564, 639301.0], [0.12565, 692055.0], [0.12566, 1010377.0], [0.12567, 568773.0], [0.12568, 783910.0]], "timestamp": "2025-12-18T01:34:53.694350+00:00"}, {"symbol": "DOGEUSDT", "bids": [[0.1254, 302767.0], [0.12539, 363240.0], [0.12538, 354586.0], [0.12537, 427680.0], [0.12536, 901413.0], [0.12535, 807631.0], [0.12534, 859518.0], [0.12533, 908029.0], [0.12532, 1728819.0], [0.12531, 672875.0], [0.1253, 600148.0], [0.12529, 663660.0], [0.12528, 695242.0], [0.12527, 713337.0], [0.12526, 929355.0], [0.12525, 1821968.0], [0.12524, 525330.0], [0.12523, 638047.0], [0.12522, 1505552.0], [0.12521, 916404.0]], "asks": [[0.12541, 86435.0], [0.12542, 118794.0], [0.12543, 215414.0], [0.12544, 349862.0], [0.12545, 470807.0], [0.12546, 517405.0], [0.12547, 674935.0], [0.12548, 692393.0], [0.12549, 731689.0], [0.1255, 1305407.0], [0.12551, 990127.0], [0.12552, 847386.0], [0.12553, 1457156.0], [0.12554, 359981.0], [0.12555, 1137599.0], [0.12556, 860790.0], [0.12557, 1777937.0], [0.12558, 335035.0], [0.12559, 749619.0], [0.1256, 597163.0]], "timestamp": "2025-12-18T01:35:47.759390+00:00"}, {"symbol": "DOGEUSDT", "bids": [[0.12571, 197166.0], [0.1257, 212724.0], [0.12569, 255830.0], [0.12568, 434812.0], [0.12567, 976901.0], [0.12566, 1155197.0], [0.12565, 801170.0], [0.12564, 1026342.0], [0.12563, 1895980.0], [0.12562, 915774.0], [0.12561, 475524.0], [0.1256, 473161.0], [0.12559, 599501.0], [0.12558, 618516.0], [0.12557, 776409.0], [0.12556, 322701.0], [0.12555, 798762.0], [0.12554, 1385867.0], [0.12553, 945095.0], [0.12552, 582686.0]], "asks": [[0.12572, 289481.0], [0.12573, 518973.0], [0.12574, 890945.0], [0.12575, 418427.0], [0.12576, 697667.0], [0.12577, 457239.0], [0.12578, 588440.0], [0.12579, 646814.0], [0.1258, 533684.0], [0.12581, 688928.0], [0.12582, 1513095.0], [0.12583, 714812.0], [0.12584, 1127084.0], [0.12585, 220168.0], [0.12586, 610361.0], [0.12587, 806347.0], [0.12588, 1835348.0], [0.12589, 742643.0], [0.1259, 1052396.0], [0.12591, 801529.0]], "timestamp": "2025-12-18T01:36:41.314812+00:00"}