[{"id": "980876307", "price": 0.12545, "amount": 11789.0, "side": "sell", "timestamp": 1766028978900}, {"id": "980876308", "price": 0.12544, "amount": 186750.0, "side": "sell", "timestamp": 1766028978929}, {"id": "980876309", "price": 0.12544, "amount": 853.0, "side": "buy", "timestamp": 1766028979042}, {"id": "980876310", "price": 0.12543, "amount": 1427.0, "side": "sell", "timestamp": 1766028979145}, {"id": "980876311", "price": 0.12543, "amount": 568.0, "side": "sell", "timestamp": 1766028979261}, {"id": "980876312", "price": 0.12542, "amount": 28632.0, "side": "sell", "timestamp": 1766028979261}, {"id": "980876313", "price": 0.12542, "amount": 32704.0, "side": "sell", "timestamp": 1766028979435}, {"id": "980876314", "price": 0.12542, "amount": 112.0, "side": "sell", "timestamp": 1766028980076}, {"id": "980876315", "price": 0.12542, "amount": 112857.0, "side": "sell", "timestamp": 1766028980278}, {"id": "980876316", "price": 0.12541, "amount": 208568.0, "side": "sell", "timestamp": 1766028980279}, {"id": "980876317", "price": 0.1254, "amount": 131827.0, "side": "sell", "timestamp": 1766028980279}, {"id": "980876318", "price": 0.12539, "amount": 381622.0, "side": "sell", "timestamp": 1766028980279}, {"id": "980876319", "price": 0.12538, "amount": 558123.0, "side": "sell", "timestamp": 1766028980279}, {"id": "980876320", "price": 0.12537, "amount": 650277.0, "side": "sell", "timestamp": 1766028980279}, {"id": "980876321", "price": 0.12539, "amount": 2.0, "side": "buy", "timestamp": 1766028980319}, {"id": "980876322", "price": 0.12538, "amount": 87599.0, "side": "sell", "timestamp": 1766028980395}, {"id": "980876323", "price": 0.12539, "amount": 3569.0, "side": "buy", "timestamp": 1766028980458}, {"id": "980876324", "price": 0.12538, "amount": 898.0, "side": "sell", "timestamp": 1766028980521}, {"id": "980876325", "price": 0.12539, "amount": 18694.0, "side": "buy", "timestamp": 1766028980578}, {"id": "980876326", "price": 0.12538, "amount": 293.0, "side": "sell", "timestamp": 1766028981327}, {"id": "980876327", "price": 0.12538, "amount": 66.0, "side": "sell", "timestamp": 1766028981428}, {"id": "980876328", "price": 0.12539, "amount": 4676.0, "side": "buy", "timestamp": 1766028982676}, {"id": "980876329", "price": 0.12538, "amount": 597.0, "side": "sell", "timestamp": 1766028983062}, {"id": "980876330", "price": 0.12539, "amount": 41.0, "side": "buy", "timestamp": 1766028983065}, {"id": "980876331", "price": 0.12539, "amount": 2.0, "side": "buy", "timestamp": 1766028983179}, {"id": "980876332", "price": 0.12538, "amount": 112.0, "side": "sell", "timestamp": 1766028983194}, {"id": "980876333", "price": 0.12539, "amount": 17078.0, "side": "buy", "timestamp": 1766028983240}, {"id": "980876334", "price": 0.1254, "amount": 329.0, "side": "buy", "timestamp": 1766028983287}, {"id": "980876335", "price": 0.1254, "amount": 131.0, "side": "sell", "timestamp": 1766028983325}, {"id": "980876336", "price": 0.12541, "amount": 1.0, "side": "buy", "timestamp": 1766028984126}, {"id": "980876337", "price": 0.12541, "amount": 1.0, "side": "buy", "timestamp": 1766028984844}, {"id": "980876338", "price": 0.1254, "amount": 58.0, "side": "sell", "timestamp": 1766028985342}, {"id": "980876339", "price": 0.12541, "amount": 344.0, "side": "buy", "timestamp": 1766028985458}, {"id": "980876340", "price": 0.1254, "amount": 134.0, "side": "sell", "timestamp": 1766028985459}, {"id": "980876341", "price": 0.1254, "amount": 372.0, "side": "sell", "timestamp": 1766028985695}, {"id": "980876342", "price": 0.12541, "amount": 3.0, "side": "buy", "timestamp": 1766028985877}, {"id": "980876343", "price": 0.1254, "amount": 112.0, "side": "sell", "timestamp": 1766028986035}, {"id": "980876344", "price": 0.1254, "amount": 465.0, "side": "sell", "timestamp": 1766028986509}, {"id": "980876345", "price": 0.1254, "amount": 1770.0, "side": "sell", "timestamp": 1766028986687}, {"id": "980876346", "price": 0.1254, "amount": 3324.0, "side": "buy", "timestamp": 1766028987213}, {"id": "980876347", "price": 0.1254, "amount": 77.0, "side": "sell", "timestamp": 1766028988654}, {"id": "980876348", "price": 0.1254, "amount": 159.0, "side": "sell", "timestamp": 1766028989032}, {"id": "980876349", "price": 0.12541, "amount": 2632.0, "side": "buy", "timestamp": 1766028989821}, {"id": "980876350", "price": 0.12541, "amount": 46303.0, "side": "buy", "timestamp": 1766028991144}, {"id": "980876351", "price": 0.12541, "amount": 667.0, "side": "sell", "timestamp": 1766028991212}, {"id": "980876352", "price": 0.12542, "amount": 40.0, "side": "buy", "timestamp": 1766028991503}, {"id": "980876353", "price": 0.12541, "amount": 112.0, "side": "sell", "timestamp": 1766028992097}, {"id": "980876354", "price": 0.12541, "amount": 336.0, "side": "sell", "timestamp": 1766028992701}, {"id": "980876355", "price": 0.12542, "amount": 672.0, "side": "buy", "timestamp": 1766028993928}, {"id": "980876356", "price": 0.12541, "amount": 121.0, "side": "sell", "timestamp": 1766028994032}, {"id": "980876429", "price": 0.12535, "amount": 95.0, "side": "buy", "timestamp": 1766029017400}, {"id": "980876430", "price": 0.12535, "amount": 2632.0, "side": "buy", "timestamp": 1766029019837}, {"id": "980876431", "price": 0.12534, "amount": 112.0, "side": "sell", "timestamp": 1766029020068}, {"id": "980876432", "price": 0.12535, "amount": 2.0, "side": "buy", "timestamp": 1766029020147}, {"id": "980876433", "price": 0.12534, "amount": 132.0, "side": "sell", "timestamp": 1766029020967}, {"id": "980876434", "price": 0.12534, "amount": 234.0, "side": "sell", "timestamp": 1766029021129}, {"id": "980876435", "price": 0.12535, "amount": 4.0, "side": "buy", "timestamp": 1766029021176}, {"id": "980876436", "price": 0.12534, "amount": 290.0, "side": "sell", "timestamp": 1766029021387}, {"id": "980876437", "price": 0.12534, "amount": 634.0, "side": "sell", "timestamp": 1766029021538}, {"id": "980876438", "price": 0.12535, "amount": 41.0, "side": "buy", "timestamp": 1766029021883}, {"id": "980876439", "price": 0.12534, "amount": 666.0, "side": "sell", "timestamp": 1766029022594}, {"id": "980876440", "price": 0.12535, "amount": 1.0, "side": "buy", "timestamp": 1766029022725}, {"id": "980876441", "price": 0.12534, "amount": 112.0, "side": "sell", "timestamp": 1766029023096}, {"id": "980876442", "price": 0.12535, "amount": 40.0, "side": "buy", "timestamp": 1766029023153}, {"id": "980876443", "price": 0.12534, "amount": 431.0, "side": "sell", "timestamp": 1766029023206}, {"id": "980876444", "price": 0.12535, "amount": 4007.0, "side": "buy", "timestamp": 1766029023274}, {"id": "980876445", "price": 0.12534, "amount": 41.0, "side": "sell", "timestamp": 1766029024589}, {"id": "980876446", "price": 0.12535, "amount": 122.0, "side": "buy", "timestamp": 1766029024643}, {"id": "980876447", "price": 0.12535, "amount": 2.0, "side": "buy", "timestamp": 1766029024972}, {"id": "980876448", "price": 0.12534, "amount": 117.0, "side": "sell", "timestamp": 1766029025182}, {"id": "980876449", "price": 0.12534, "amount": 218.0, "side": "sell", "timestamp": 1766029025498}, {"id": "980876450", "price": 0.12534, "amount": 112.0, "side": "sell", "timestamp": 1766029026178}, {"id": "980876451", "price": 0.12534, "amount": 61.0, "side": "sell", "timestamp": 1766029026983}, {"id": "980876452", "price": 0.12535, "amount": 2.0, "side": "buy", "timestamp": 1766029027812}, {"id": "980876453", "price": 0.12534, "amount": 112.0, "side": "sell", "timestamp": 1766029029199}, {"id": "980876454", "price": 0.12535, "amount": 168505.0, "side": "buy", "timestamp": 1766029029777}, {"id": "980876455", "price": 0.12536, "amount": 2028.0, "side": "buy", "timestamp": 1766029029795}, {"id": "980876456", "price": 0.12537, "amount": 2632.0, "side": "buy", "timestamp": 1766029030096}, {"id": "980876457", "price": 0.12537, "amount": 96.0, "side": "buy", "timestamp": 1766029031663}, {"id": "980876458", "price": 0.12536, "amount": 112.0, "side": "sell", "timestamp": 1766029032058}, {"id": "980876459", "price": 0.12537, "amount": 1.0, "side": "buy", "timestamp": 1766029034264}, {"id": "980876460", "price": 0.12537, "amount": 2.0, "side": "buy", "timestamp": 1766029034569}, {"id": "980876461", "price": 0.12536, "amount": 112.0, "side": "sell", "timestamp": 1766029035109}, {"id": "980876462", "price": 0.12536, "amount": 807.0, "side": "sell", "timestamp": 1766029036061}, {"id": "980876463", "price": 0.12537, "amount": 41.0, "side": "buy", "timestamp": 1766029036900}, {"id": "980876464", "price": 0.12536, "amount": 112.0, "side": "sell", "timestamp": 1766029038182}, {"id": "980876465", "price": 0.12537, "amount": 593.0, "side": "buy", "timestamp": 1766029038401}, {"id": "980876466", "price": 0.12536, "amount": 666.0, "side": "sell", "timestamp": 1766029039468}, {"id": "980876467", "price": 0.12537, "amount": 2632.0, "side": "buy", "timestamp": 1766029039845}, {"id": "980876468", "price": 0.12536, "amount": 15720.0, "side": "sell", "timestamp": 1766029040303}, {"id": "980876469", "price": 0.12535, "amount": 328.0, "side": "sell", "timestamp": 1766029041016}, {"id": "980876470", "price": 0.12535, "amount": 1.0, "side": "buy", "timestamp": 1766029041451}, {"id": "980876471", "price": 0.12535, "amount": 1595.0, "side": "buy", "timestamp": 1766029042126}, {"id": "980876472", "price": 0.12535, "amount": 141.0, "side": "buy", "timestamp": 1766029042288}, {"id": "980876473", "price": 0.12535, "amount": 15886.0, "side": "buy", "timestamp": 1766029042983}, {"id": "980876474", "price": 0.12535, "amount": 207.0, "side": "buy", "timestamp": 1766029043382}, {"id": "980876475", "price": 0.12535, "amount": 2.0, "side": "buy", "timestamp": 1766029043997}, {"id": "980876476", "price": 0.12534, "amount": 112.0, "side": "sell", "timestamp": 1766029044093}, {"id": "980876477", "price": 0.12534, "amount": 3419.0, "side": "sell", "timestamp": 1766029046303}, {"id": "980876478", "price": 0.12535, "amount": 1836.0, "side": "buy", "timestamp": 1766029046393}, {"id": "980876537", "price": 0.12544, "amount": 112.0, "side": "sell", "timestamp": 1766029077068}, {"id": "980876538", "price": 0.12545, "amount": 40.0, "side": "buy", "timestamp": 1766029077633}, {"id": "980876539", "price": 0.12545, "amount": 1.0, "side": "buy", "timestamp": 1766029077760}, {"id": "980876540", "price": 0.12544, "amount": 5000.0, "side": "sell", "timestamp": 1766029078163}, {"id": "980876541", "price": 0.12545, "amount": 2632.0, "side": "buy", "timestamp": 1766029079812}, {"id": "980876542", "price": 0.12545, "amount": 2.0, "side": "buy", "timestamp": 1766029080013}, {"id": "980876543", "price": 0.12544, "amount": 112.0, "side": "sell", "timestamp": 1766029080113}, {"id": "980876544", "price": 0.12544, "amount": 200.0, "side": "sell", "timestamp": 1766029080253}, {"id": "980876545", "price": 0.12544, "amount": 781.0, "side": "sell", "timestamp": 1766029080564}, {"id": "980876546", "price": 0.12544, "amount": 302.0, "side": "sell", "timestamp": 1766029080678}, {"id": "980876547", "price": 0.12544, "amount": 312.0, "side": "sell", "timestamp": 1766029080888}, {"id": "980876548", "price": 0.12544, "amount": 352.0, "side": "sell", "timestamp": 1766029081135}, {"id": "980876549", "price": 0.12544, "amount": 875.0, "side": "sell", "timestamp": 1766029081313}, {"id": "980876550", "price": 0.12543, "amount": 4845.0, "side": "sell", "timestamp": 1766029081423}, {"id": "980876551", "price": 0.12542, "amount": 19536.0, "side": "sell", "timestamp": 1766029081443}, {"id": "980876552", "price": 0.12541, "amount": 13599.0, "side": "sell", "timestamp": 1766029081520}, {"id": "980876553", "price": 0.1254, "amount": 19392.0, "side": "sell", "timestamp": 1766029081564}, {"id": "980876554", "price": 0.12539, "amount": 666.0, "side": "sell", "timestamp": 1766029082743}, {"id": "980876555", "price": 0.12539, "amount": 112.0, "side": "sell", "timestamp": 1766029083021}, {"id": "980876556", "price": 0.12539, "amount": 31286.0, "side": "sell", "timestamp": 1766029083407}, {"id": "980876557", "price": 0.12538, "amount": 947.0, "side": "sell", "timestamp": 1766029083515}, {"id": "980876558", "price": 0.12537, "amount": 1735.0, "side": "sell", "timestamp": 1766029083699}, {"id": "980876559", "price": 0.12537, "amount": 190.0, "side": "buy", "timestamp": 1766029084204}, {"id": "980876560", "price": 0.12536, "amount": 145.0, "side": "sell", "timestamp": 1766029084520}, {"id": "980876561", "price": 0.12536, "amount": 471.0, "side": "sell", "timestamp": 1766029084753}, {"id": "980876562", "price": 0.12536, "amount": 40.0, "side": "sell", "timestamp": 1766029085111}, {"id": "980876563", "price": 0.12537, "amount": 1.0, "side": "buy", "timestamp": 1766029085125}, {"id": "980876564", "price": 0.12537, "amount": 1.0, "side": "buy", "timestamp": 1766029085460}, {"id": "980876565", "price": 0.12536, "amount": 112.0, "side": "sell", "timestamp": 1766029086051}, {"id": "980876566", "price": 0.12537, "amount": 43452.0, "side": "buy", "timestamp": 1766029086179}, {"id": "980876567", "price": 0.12536, "amount": 3809.0, "side": "sell", "timestamp": 1766029086422}, {"id": "980876568", "price": 0.12536, "amount": 2.0, "side": "buy", "timestamp": 1766029086924}, {"id": "980876569", "price": 0.12536, "amount": 12168.0, "side": "buy", "timestamp": 1766029087225}, {"id": "980876570", "price": 0.12535, "amount": 878.0, "side": "sell", "timestamp": 1766029088877}, {"id": "980876571", "price": 0.12536, "amount": 2632.0, "side": "buy", "timestamp": 1766029089813}, {"id": "980876572", "price": 0.12535, "amount": 43.0, "side": "sell", "timestamp": 1766029089866}, {"id": "980876573", "price": 0.12536, "amount": 23995.0, "side": "buy", "timestamp": 1766029089926}, {"id": "980876574", "price": 0.12536, "amount": 112.0, "side": "sell", "timestamp": 1766029090103}, {"id": "980876575", "price": 0.12537, "amount": 177.0, "side": "buy", "timestamp": 1766029091366}, {"id": "980876576", "price": 0.12537, "amount": 1.0, "side": "buy", "timestamp": 1766029092954}, {"id": "980876577", "price": 0.12536, "amount": 112.0, "side": "sell", "timestamp": 1766029093121}, {"id": "980876578", "price": 0.12537, "amount": 2215.0, "side": "buy", "timestamp": 1766029093949}, {"id": "980876579", "price": 0.12537, "amount": 2968.0, "side": "buy", "timestamp": 1766029095584}, {"id": "980876580", "price": 0.12537, "amount": 3723.0, "side": "buy", "timestamp": 1766029095892}, {"id": "980876581", "price": 0.12536, "amount": 112.0, "side": "sell", "timestamp": 1766029096195}, {"id": "980876582", "price": 0.12537, "amount": 250.0, "side": "buy", "timestamp": 1766029097414}, {"id": "980876583", "price": 0.12536, "amount": 4327.0, "side": "sell", "timestamp": 1766029097630}, {"id": "980876584", "price": 0.12536, "amount": 308.0, "side": "buy", "timestamp": 1766029097685}, {"id": "980876585", "price": 0.12535, "amount": 938.0, "side": "sell", "timestamp": 1766029098824}, {"id": "980876586", "price": 0.12536, "amount": 537.0, "side": "buy", "timestamp": 1766029098886}, {"id": "980876637", "price": 0.1254, "amount": 669.0, "side": "sell", "timestamp": 1766029130058}, {"id": "980876638", "price": 0.12541, "amount": 113.0, "side": "buy", "timestamp": 1766029130905}, {"id": "980876639", "price": 0.12541, "amount": 41.0, "side": "buy", "timestamp": 1766029131414}, {"id": "980876640", "price": 0.12541, "amount": 2.0, "side": "buy", "timestamp": 1766029131565}, {"id": "980876641", "price": 0.1254, "amount": 112.0, "side": "sell", "timestamp": 1766029132182}, {"id": "980876642", "price": 0.1254, "amount": 59.0, "side": "sell", "timestamp": 1766029133897}, {"id": "980876643", "price": 0.12541, "amount": 13892.0, "side": "buy", "timestamp": 1766029134204}, {"id": "980876644", "price": 0.12542, "amount": 13148.0, "side": "buy", "timestamp": 1766029134216}, {"id": "980876645", "price": 0.12543, "amount": 34686.0, "side": "buy", "timestamp": 1766029134325}, {"id": "980876646", "price": 0.12543, "amount": 3571.0, "side": "sell", "timestamp": 1766029134362}, {"id": "980876647", "price": 0.12544, "amount": 36122.0, "side": "buy", "timestamp": 1766029134377}, {"id": "980876648", "price": 0.12545, "amount": 7500.0, "side": "buy", "timestamp": 1766029134455}, {"id": "980876649", "price": 0.12545, "amount": 401.0, "side": "buy", "timestamp": 1766029134578}, {"id": "980876650", "price": 0.12546, "amount": 40.0, "side": "buy", "timestamp": 1766029134810}, {"id": "980876651", "price": 0.12545, "amount": 112.0, "side": "sell", "timestamp": 1766029135186}, {"id": "980876652", "price": 0.12545, "amount": 42.0, "side": "sell", "timestamp": 1766029137876}, {"id": "980876653", "price": 0.12545, "amount": 70078.0, "side": "sell", "timestamp": 1766029138041}, {"id": "980876654", "price": 0.12545, "amount": 31306.0, "side": "buy", "timestamp": 1766029138437}, {"id": "980876655", "price": 0.12545, "amount": 96.0, "side": "buy", "timestamp": 1766029139672}, {"id": "980876656", "price": 0.12545, "amount": 2632.0, "side": "buy", "timestamp": 1766029139808}, {"id": "980876657", "price": 0.12544, "amount": 1831.0, "side": "sell", "timestamp": 1766029140717}, {"id": "980876658", "price": 0.12543, "amount": 124.0, "side": "sell", "timestamp": 1766029140753}, {"id": "980876659", "price": 0.12542, "amount": 403.0, "side": "sell", "timestamp": 1766029140832}, {"id": "980876660", "price": 0.12541, "amount": 2896.0, "side": "sell", "timestamp": 1766029140837}, {"id": "980876661", "price": 0.12541, "amount": 161.0, "side": "buy", "timestamp": 1766029140887}, {"id": "980876662", "price": 0.12541, "amount": 112.0, "side": "sell", "timestamp": 1766029141211}, {"id": "980876663", "price": 0.12542, "amount": 5074.0, "side": "buy", "timestamp": 1766029141226}, {"id": "980876664", "price": 0.12542, "amount": 1.0, "side": "buy", "timestamp": 1766029142078}, {"id": "980876665", "price": 0.12542, "amount": 200158.0, "side": "buy", "timestamp": 1766029143640}, {"id": "980876666", "price": 0.12542, "amount": 62.0, "side": "sell", "timestamp": 1766029143680}, {"id": "980876667", "price": 0.12543, "amount": 1.0, "side": "buy", "timestamp": 1766029143685}, {"id": "980876668", "price": 0.12542, "amount": 11948.0, "side": "sell", "timestamp": 1766029143902}, {"id": "980876669", "price": 0.12542, "amount": 112.0, "side": "sell", "timestamp": 1766029144040}, {"id": "980876670", "price": 0.12543, "amount": 44.0, "side": "buy", "timestamp": 1766029144165}, {"id": "980876671", "price": 0.12542, "amount": 92.0, "side": "sell", "timestamp": 1766029144449}, {"id": "980876672", "price": 0.12542, "amount": 166.0, "side": "sell", "timestamp": 1766029144563}, {"id": "980876673", "price": 0.12543, "amount": 2391.0, "side": "buy", "timestamp": 1766029144830}, {"id": "980876674", "price": 0.12542, "amount": 170.0, "side": "sell", "timestamp": 1766029145103}, {"id": "980876675", "price": 0.12543, "amount": 43.0, "side": "buy", "timestamp": 1766029145675}, {"id": "980876676", "price": 0.12542, "amount": 76.0, "side": "sell", "timestamp": 1766029145963}, {"id": "980876677", "price": 0.12542, "amount": 112.0, "side": "sell", "timestamp": 1766029147113}, {"id": "980876678", "price": 0.12543, "amount": 169.0, "side": "buy", "timestamp": 1766029147626}, {"id": "980876679", "price": 0.12543, "amount": 42.0, "side": "buy", "timestamp": 1766029148051}, {"id": "980876680", "price": 0.12542, "amount": 8880.0, "side": "sell", "timestamp": 1766029149513}, {"id": "980876681", "price": 0.12541, "amount": 1502.0, "side": "sell", "timestamp": 1766029149584}, {"id": "980876682", "price": 0.12541, "amount": 5000.0, "side": "buy", "timestamp": 1766029149817}, {"id": "980876683", "price": 0.1254, "amount": 112.0, "side": "sell", "timestamp": 1766029150165}, {"id": "980876684", "price": 0.12541, "amount": 700.0, "side": "buy", "timestamp": 1766029150316}, {"id": "980876685", "price": 0.12541, "amount": 2119.0, "side": "buy", "timestamp": 1766029150892}, {"id": "980876686", "price": 0.12541, "amount": 3986.0, "side": "buy", "timestamp": 1766029151099}, {"id": "980876751", "price": 0.12551, "amount": 40.0, "side": "buy", "timestamp": 1766029183078}, {"id": "980876752", "price": 0.1255, "amount": 112.0, "side": "sell", "timestamp": 1766029183135}, {"id": "980876753", "price": 0.12551, "amount": 49.0, "side": "buy", "timestamp": 1766029183146}, {"id": "980876754", "price": 0.12551, "amount": 2.0, "side": "buy", "timestamp": 1766029183522}, {"id": "980876755", "price": 0.1255, "amount": 669.0, "side": "sell", "timestamp": 1766029185551}, {"id": "980876756", "price": 0.12551, "amount": 782.0, "side": "buy", "timestamp": 1766029185724}, {"id": "980876757", "price": 0.12551, "amount": 2.0, "side": "buy", "timestamp": 1766029185906}, {"id": "980876758", "price": 0.12551, "amount": 1000.0, "side": "buy", "timestamp": 1766029186118}, {"id": "980876759", "price": 0.1255, "amount": 112.0, "side": "sell", "timestamp": 1766029186180}, {"id": "980876760", "price": 0.12551, "amount": 546.0, "side": "buy", "timestamp": 1766029186625}, {"id": "980876761", "price": 0.12551, "amount": 41.0, "side": "buy", "timestamp": 1766029186975}, {"id": "980876762", "price": 0.12551, "amount": 21736.0, "side": "buy", "timestamp": 1766029188266}, {"id": "980876763", "price": 0.12552, "amount": 2.0, "side": "buy", "timestamp": 1766029188622}, {"id": "980876764", "price": 0.12552, "amount": 7500.0, "side": "buy", "timestamp": 1766029188852}, {"id": "980876765", "price": 0.12551, "amount": 112.0, "side": "sell", "timestamp": 1766029189018}, {"id": "980876766", "price": 0.12552, "amount": 7783.0, "side": "buy", "timestamp": 1766029189060}, {"id": "980876767", "price": 0.12553, "amount": 9.0, "side": "buy", "timestamp": 1766029189315}, {"id": "980876768", "price": 0.12553, "amount": 41.0, "side": "buy", "timestamp": 1766029189421}, {"id": "980876769", "price": 0.12553, "amount": 2632.0, "side": "buy", "timestamp": 1766029189801}, {"id": "980876770", "price": 0.12553, "amount": 4764.0, "side": "buy", "timestamp": 1766029190892}, {"id": "980876771", "price": 0.12553, "amount": 34.0, "side": "buy", "timestamp": 1766029191343}, {"id": "980876772", "price": 0.12552, "amount": 112.0, "side": "sell", "timestamp": 1766029192060}, {"id": "980876773", "price": 0.12552, "amount": 17787.0, "side": "sell", "timestamp": 1766029192206}, {"id": "980876774", "price": 0.12551, "amount": 6973.0, "side": "sell", "timestamp": 1766029192210}, {"id": "980876775", "price": 0.12551, "amount": 8282.0, "side": "buy", "timestamp": 1766029192535}, {"id": "980876776", "price": 0.12551, "amount": 426.0, "side": "buy", "timestamp": 1766029192803}, {"id": "980876777", "price": 0.12551, "amount": 519.0, "side": "buy", "timestamp": 1766029193060}, {"id": "980876778", "price": 0.12552, "amount": 3.0, "side": "buy", "timestamp": 1766029193202}, {"id": "980876779", "price": 0.12551, "amount": 112.0, "side": "sell", "timestamp": 1766029195124}, {"id": "980876780", "price": 0.12551, "amount": 417.0, "side": "sell", "timestamp": 1766029195992}, {"id": "980876781", "price": 0.12551, "amount": 112.0, "side": "sell", "timestamp": 1766029198159}, {"id": "980876782", "price": 0.12552, "amount": 2623.0, "side": "buy", "timestamp": 1766029198871}, {"id": "980876783", "price": 0.12552, "amount": 2.0, "side": "buy", "timestamp": 1766029199364}, {"id": "980876784", "price": 0.12552, "amount": 725.0, "side": "buy", "timestamp": 1766029199729}, {"id": "980876785", "price": 0.12551, "amount": 72.0, "side": "sell", "timestamp": 1766029199827}, {"id": "980876786", "price": 0.12552, "amount": 2632.0, "side": "buy", "timestamp": 1766029199829}, {"id": "980876787", "price": 0.12552, "amount": 1967.0, "side": "buy", "timestamp": 1766029200140}, {"id": "980876788", "price": 0.12552, "amount": 497.0, "side": "buy", "timestamp": 1766029200422}, {"id": "980876789", "price": 0.12552, "amount": 1271.0, "side": "buy", "timestamp": 1766029200559}, {"id": "980876790", "price": 0.12552, "amount": 950.0, "side": "buy", "timestamp": 1766029201004}, {"id": "980876791", "price": 0.12551, "amount": 112.0, "side": "sell", "timestamp": 1766029201201}, {"id": "980876792", "price": 0.12552, "amount": 460.0, "side": "buy", "timestamp": 1766029201430}, {"id": "980876793", "price": 0.12552, "amount": 1591.0, "side": "buy", "timestamp": 1766029201549}, {"id": "980876794", "price": 0.12552, "amount": 500.0, "side": "buy", "timestamp": 1766029202713}, {"id": "980876795", "price": 0.12552, "amount": 59.0, "side": "buy", "timestamp": 1766029203088}, {"id": "980876796", "price": 0.12551, "amount": 194.0, "side": "sell", "timestamp": 1766029203202}, {"id": "980876797", "price": 0.12552, "amount": 63736.0, "side": "buy", "timestamp": 1766029203304}, {"id": "980876798", "price": 0.12551, "amount": 54.0, "side": "sell", "timestamp": 1766029203577}, {"id": "980876799", "price": 0.12551, "amount": 1226.0, "side": "sell", "timestamp": 1766029203805}, {"id": "980876800", "price": 0.12552, "amount": 113.0, "side": "buy", "timestamp": 1766029203845}, {"id": "980876874", "price": 0.12553, "amount": 38.0, "side": "buy", "timestamp": 1766029230390}, {"id": "980876875", "price": 0.12552, "amount": 112.0, "side": "sell", "timestamp": 1766029231168}, {"id": "980876876", "price": 0.12552, "amount": 303.0, "side": "sell", "timestamp": 1766029232277}, {"id": "980876877", "price": 0.12553, "amount": 49.0, "side": "buy", "timestamp": 1766029232730}, {"id": "980876878", "price": 0.12553, "amount": 113.0, "side": "buy", "timestamp": 1766029234159}, {"id": "980876879", "price": 0.12552, "amount": 112.0, "side": "sell", "timestamp": 1766029234189}, {"id": "980876880", "price": 0.12553, "amount": 980.0, "side": "buy", "timestamp": 1766029235208}, {"id": "980876881", "price": 0.12553, "amount": 8893.0, "side": "buy", "timestamp": 1766029235893}, {"id": "980876882", "price": 0.12553, "amount": 27.0, "side": "buy", "timestamp": 1766029236047}, {"id": "980876883", "price": 0.12552, "amount": 112.0, "side": "sell", "timestamp": 1766029237009}, {"id": "980876884", "price": 0.12552, "amount": 779.0, "side": "sell", "timestamp": 1766029237771}, {"id": "980876885", "price": 0.12553, "amount": 2632.0, "side": "buy", "timestamp": 1766029239821}, {"id": "980876886", "price": 0.12552, "amount": 112.0, "side": "sell", "timestamp": 1766029240048}, {"id": "980876887", "price": 0.12552, "amount": 2150.0, "side": "sell", "timestamp": 1766029240333}, {"id": "980876888", "price": 0.12551, "amount": 116.0, "side": "sell", "timestamp": 1766029241212}, {"id": "980876889", "price": 0.12552, "amount": 2804.0, "side": "buy", "timestamp": 1766029241302}, {"id": "980876890", "price": 0.12551, "amount": 500.0, "side": "sell", "timestamp": 1766029241445}, {"id": "980876891", "price": 0.12551, "amount": 1590.0, "side": "sell", "timestamp": 1766029241899}, {"id": "980876892", "price": 0.1255, "amount": 133220.0, "side": "sell", "timestamp": 1766029241941}, {"id": "980876893", "price": 0.12549, "amount": 51597.0, "side": "sell", "timestamp": 1766029242092}, {"id": "980876894", "price": 0.12548, "amount": 198.0, "side": "sell", "timestamp": 1766029242152}, {"id": "980876895", "price": 0.12549, "amount": 82.0, "side": "buy", "timestamp": 1766029242655}, {"id": "980876896", "price": 0.12548, "amount": 112.0, "side": "sell", "timestamp": 1766029243110}, {"id": "980876897", "price": 0.12549, "amount": 32.0, "side": "buy", "timestamp": 1766029243534}, {"id": "980876898", "price": 0.12549, "amount": 972.0, "side": "buy", "timestamp": 1766029243827}, {"id": "980876899", "price": 0.12549, "amount": 10041.0, "side": "buy", "timestamp": 1766029243935}, {"id": "980876900", "price": 0.12548, "amount": 48.0, "side": "sell", "timestamp": 1766029244293}, {"id": "980876901", "price": 0.12548, "amount": 156.0, "side": "sell", "timestamp": 1766029245245}, {"id": "980876902", "price": 0.12549, "amount": 17.0, "side": "buy", "timestamp": 1766029245500}, {"id": "980876903", "price": 0.12549, "amount": 56.0, "side": "buy", "timestamp": 1766029245949}, {"id": "980876904", "price": 0.12548, "amount": 112.0, "side": "sell", "timestamp": 1766029246147}, {"id": "980876905", "price": 0.12549, "amount": 24784.0, "side": "buy", "timestamp": 1766029246150}, {"id": "980876906", "price": 0.1255, "amount": 113.0, "side": "buy", "timestamp": 1766029246436}, {"id": "980876907", "price": 0.1255, "amount": 29.0, "side": "buy", "timestamp": 1766029247478}, {"id": "980876908", "price": 0.1255, "amount": 95.0, "side": "buy", "timestamp": 1766029247683}, {"id": "980876909", "price": 0.1255, "amount": 25.0, "side": "buy", "timestamp": 1766029247865}, {"id": "980876910", "price": 0.1255, "amount": 5563.0, "side": "buy", "timestamp": 1766029248141}, {"id": "980876911", "price": 0.12551, "amount": 13499.0, "side": "buy", "timestamp": 1766029248175}, {"id": "980876912", "price": 0.12551, "amount": 112.0, "side": "sell", "timestamp": 1766029249176}, {"id": "980876913", "price": 0.12552, "amount": 2632.0, "side": "buy", "timestamp": 1766029249811}, {"id": "980876914", "price": 0.12552, "amount": 8.0, "side": "buy", "timestamp": 1766029251157}, {"id": "980876915", "price": 0.12551, "amount": 112.0, "side": "sell", "timestamp": 1766029252201}, {"id": "980876916", "price": 0.12552, "amount": 218266.0, "side": "buy", "timestamp": 1766029253745}, {"id": "980876917", "price": 0.12553, "amount": 19150.0, "side": "buy", "timestamp": 1766029253746}, {"id": "980876918", "price": 0.12552, "amount": 112.0, "side": "sell", "timestamp": 1766029255019}, {"id": "980876919", "price": 0.12553, "amount": 7500.0, "side": "buy", "timestamp": 1766029255137}, {"id": "980876920", "price": 0.12553, "amount": 2381.0, "side": "buy", "timestamp": 1766029255287}, {"id": "980876921", "price": 0.12553, "amount": 7835.0, "side": "buy", "timestamp": 1766029255454}, {"id": "980876922", "price": 0.12553, "amount": 1532.0, "side": "buy", "timestamp": 1766029255772}, {"id": "980876923", "price": 0.12553, "amount": 2442.0, "side": "buy", "timestamp": 1766029255892}, {"id": "980877006", "price": 0.12553, "amount": 13864.0, "side": "buy", "timestamp": 1766029290881}, {"id": "980877007", "price": 0.12554, "amount": 2881.0, "side": "buy", "timestamp": 1766029290899}, {"id": "980877008", "price": 0.12554, "amount": 112.0, "side": "sell", "timestamp": 1766029291122}, {"id": "980877009", "price": 0.12554, "amount": 40.0, "side": "sell", "timestamp": 1766029291534}, {"id": "980877010", "price": 0.12555, "amount": 1442.0, "side": "buy", "timestamp": 1766029291539}, {"id": "980877011", "price": 0.12555, "amount": 698.0, "side": "buy", "timestamp": 1766029291701}, {"id": "980877012", "price": 0.12555, "amount": 249.0, "side": "buy", "timestamp": 1766029292211}, {"id": "980877013", "price": 0.12554, "amount": 215.0, "side": "sell", "timestamp": 1766029293710}, {"id": "980877014", "price": 0.12554, "amount": 112.0, "side": "sell", "timestamp": 1766029294182}, {"id": "980877015", "price": 0.12555, "amount": 6.0, "side": "buy", "timestamp": 1766029294596}, {"id": "980877016", "price": 0.12555, "amount": 165.0, "side": "buy", "timestamp": 1766029294805}, {"id": "980877017", "price": 0.12555, "amount": 108.0, "side": "buy", "timestamp": 1766029295537}, {"id": "980877018", "price": 0.12555, "amount": 31.0, "side": "buy", "timestamp": 1766029295753}, {"id": "980877019", "price": 0.12555, "amount": 2552.0, "side": "buy", "timestamp": 1766029296079}, {"id": "980877020", "price": 0.12555, "amount": 1008.0, "side": "buy", "timestamp": 1766029296382}, {"id": "980877021", "price": 0.12555, "amount": 54473.0, "side": "buy", "timestamp": 1766029296770}, {"id": "980877022", "price": 0.12555, "amount": 112.0, "side": "sell", "timestamp": 1766029297206}, {"id": "980877023", "price": 0.12556, "amount": 884.0, "side": "buy", "timestamp": 1766029297312}, {"id": "980877024", "price": 0.12556, "amount": 79643.0, "side": "buy", "timestamp": 1766029298739}, {"id": "980877025", "price": 0.12555, "amount": 112.0, "side": "sell", "timestamp": 1766029300059}, {"id": "980877026", "price": 0.12556, "amount": 16090.0, "side": "buy", "timestamp": 1766029300227}, {"id": "980877027", "price": 0.12557, "amount": 14445.0, "side": "buy", "timestamp": 1766029300495}, {"id": "980877028", "price": 0.12558, "amount": 12604.0, "side": "buy", "timestamp": 1766029300495}, {"id": "980877029", "price": 0.12558, "amount": 315.0, "side": "buy", "timestamp": 1766029300737}, {"id": "980877030", "price": 0.12557, "amount": 40.0, "side": "sell", "timestamp": 1766029300789}, {"id": "980877031", "price": 0.12558, "amount": 10157.0, "side": "buy", "timestamp": 1766029301612}, {"id": "980877032", "price": 0.12557, "amount": 799.0, "side": "sell", "timestamp": 1766029301646}, {"id": "980877033", "price": 0.12558, "amount": 3934.0, "side": "buy", "timestamp": 1766029301721}, {"id": "980877034", "price": 0.12559, "amount": 37253.0, "side": "buy", "timestamp": 1766029301905}, {"id": "980877035", "price": 0.1256, "amount": 49695.0, "side": "buy", "timestamp": 1766029301970}, {"id": "980877036", "price": 0.12561, "amount": 185430.0, "side": "buy", "timestamp": 1766029301970}, {"id": "980877037", "price": 0.1256, "amount": 40.0, "side": "sell", "timestamp": 1766029302465}, {"id": "980877038", "price": 0.12561, "amount": 8.0, "side": "buy", "timestamp": 1766029302786}, {"id": "980877039", "price": 0.1256, "amount": 112.0, "side": "sell", "timestamp": 1766029303091}, {"id": "980877040", "price": 0.12561, "amount": 941.0, "side": "buy", "timestamp": 1766029303294}, {"id": "980877041", "price": 0.12561, "amount": 795.0, "side": "buy", "timestamp": 1766029305279}, {"id": "980877042", "price": 0.1256, "amount": 47887.0, "side": "sell", "timestamp": 1766029305472}, {"id": "980877043", "price": 0.12559, "amount": 174.0, "side": "sell", "timestamp": 1766029305511}, {"id": "980877044", "price": 0.12559, "amount": 23483.0, "side": "buy", "timestamp": 1766029305593}, {"id": "980877045", "price": 0.12559, "amount": 33907.0, "side": "buy", "timestamp": 1766029305964}, {"id": "980877046", "price": 0.1256, "amount": 13228.0, "side": "buy", "timestamp": 1766029305993}, {"id": "980877047", "price": 0.12559, "amount": 157.0, "side": "sell", "timestamp": 1766029306110}, {"id": "980877048", "price": 0.1256, "amount": 225.0, "side": "buy", "timestamp": 1766029306731}, {"id": "980877049", "price": 0.1256, "amount": 55.0, "side": "buy", "timestamp": 1766029306994}, {"id": "980877050", "price": 0.12559, "amount": 53.0, "side": "sell", "timestamp": 1766029307091}, {"id": "980877051", "price": 0.12559, "amount": 198.0, "side": "sell", "timestamp": 1766029307514}, {"id": "980877052", "price": 0.1256, "amount": 18945.0, "side": "buy", "timestamp": 1766029307705}, {"id": "980877053", "price": 0.12559, "amount": 952.0, "side": "sell", "timestamp": 1766029307989}, {"id": "980877054", "price": 0.12559, "amount": 114.0, "side": "buy", "timestamp": 1766029308065}, {"id": "980877055", "price": 0.12559, "amount": 29.0, "side": "buy", "timestamp": 1766029308590}, {"id": "980877119", "price": 0.12556, "amount": 112.0, "side": "sell", "timestamp": 1766029339085}, {"id": "980877120", "price": 0.12557, "amount": 928.0, "side": "buy", "timestamp": 1766029339916}, {"id": "980877121", "price": 0.12557, "amount": 444.0, "side": "buy", "timestamp": 1766029340103}, {"id": "980877122", "price": 0.12557, "amount": 235.0, "side": "buy", "timestamp": 1766029340383}, {"id": "980877123", "price": 0.12557, "amount": 415.0, "side": "buy", "timestamp": 1766029341225}, {"id": "980877124", "price": 0.12557, "amount": 67.0, "side": "buy", "timestamp": 1766029341500}, {"id": "980877125", "price": 0.12557, "amount": 25.0, "side": "buy", "timestamp": 1766029341633}, {"id": "980877126", "price": 0.12556, "amount": 65.0, "side": "sell", "timestamp": 1766029341643}, {"id": "980877127", "price": 0.12556, "amount": 112.0, "side": "sell", "timestamp": 1766029342113}, {"id": "980877128", "price": 0.12556, "amount": 74.0, "side": "sell", "timestamp": 1766029342904}, {"id": "980877129", "price": 0.12557, "amount": 8315.0, "side": "buy", "timestamp": 1766029343739}, {"id": "980877130", "price": 0.12557, "amount": 287.0, "side": "buy", "timestamp": 1766029345072}, {"id": "980877131", "price": 0.12556, "amount": 112.0, "side": "sell", "timestamp": 1766029345208}, {"id": "980877132", "price": 0.12557, "amount": 87.0, "side": "buy", "timestamp": 1766029346766}, {"id": "980877133", "price": 0.12557, "amount": 29.0, "side": "buy", "timestamp": 1766029347196}, {"id": "980877134", "price": 0.12557, "amount": 32.0, "side": "buy", "timestamp": 1766029347826}, {"id": "980877135", "price": 0.12557, "amount": 29.0, "side": "buy", "timestamp": 1766029348018}, {"id": "980877136", "price": 0.12556, "amount": 112.0, "side": "sell", "timestamp": 1766029348060}, {"id": "980877137", "price": 0.12557, "amount": 28848.0, "side": "buy", "timestamp": 1766029348476}, {"id": "980877138", "price": 0.12557, "amount": 14.0, "side": "buy", "timestamp": 1766029348608}, {"id": "980877139", "price": 0.12557, "amount": 3.0, "side": "buy", "timestamp": 1766029349266}, {"id": "980877140", "price": 0.12557, "amount": 9.0, "side": "buy", "timestamp": 1766029350094}, {"id": "980877141", "price": 0.12557, "amount": 653.0, "side": "buy", "timestamp": 1766029350399}, {"id": "980877142", "price": 0.12556, "amount": 112.0, "side": "sell", "timestamp": 1766029351153}, {"id": "980877143", "price": 0.12557, "amount": 51.0, "side": "buy", "timestamp": 1766029351648}, {"id": "980877144", "price": 0.12557, "amount": 1.0, "side": "buy", "timestamp": 1766029351873}, {"id": "980877145", "price": 0.12557, "amount": 36.0, "side": "buy", "timestamp": 1766029352393}, {"id": "980877146", "price": 0.12557, "amount": 502.0, "side": "buy", "timestamp": 1766029353448}, {"id": "980877147", "price": 0.12556, "amount": 112.0, "side": "sell", "timestamp": 1766029354178}, {"id": "980877148", "price": 0.12557, "amount": 114.0, "side": "buy", "timestamp": 1766029354284}, {"id": "980877149", "price": 0.12557, "amount": 95.0, "side": "buy", "timestamp": 1766029355669}, {"id": "980877150", "price": 0.12557, "amount": 41347.0, "side": "buy", "timestamp": 1766029355822}, {"id": "980877151", "price": 0.12558, "amount": 34063.0, "side": "buy", "timestamp": 1766029355833}, {"id": "980877152", "price": 0.12559, "amount": 1655.0, "side": "buy", "timestamp": 1766029355866}, {"id": "980877153", "price": 0.12559, "amount": 57473.0, "side": "buy", "timestamp": 1766029356106}, {"id": "980877154", "price": 0.12559, "amount": 41.0, "side": "sell", "timestamp": 1766029356818}, {"id": "980877155", "price": 0.12559, "amount": 112.0, "side": "sell", "timestamp": 1766029357210}, {"id": "980877156", "price": 0.1256, "amount": 25359.0, "side": "buy", "timestamp": 1766029358079}, {"id": "980877157", "price": 0.1256, "amount": 49.0, "side": "buy", "timestamp": 1766029358196}, {"id": "980877158", "price": 0.1256, "amount": 3921.0, "side": "buy", "timestamp": 1766029358894}, {"id": "980877159", "price": 0.12559, "amount": 58.0, "side": "sell", "timestamp": 1766029358952}, {"id": "980877160", "price": 0.1256, "amount": 95958.0, "side": "buy", "timestamp": 1766029359133}, {"id": "980877161", "price": 0.12561, "amount": 267657.0, "side": "buy", "timestamp": 1766029359133}, {"id": "980877162", "price": 0.12562, "amount": 426497.0, "side": "buy", "timestamp": 1766029359133}, {"id": "980877163", "price": 0.12563, "amount": 160844.0, "side": "buy", "timestamp": 1766029359133}, {"id": "980877164", "price": 0.12562, "amount": 46950.0, "side": "sell", "timestamp": 1766029359142}, {"id": "980877165", "price": 0.12561, "amount": 46352.0, "side": "sell", "timestamp": 1766029359488}, {"id": "980877166", "price": 0.1256, "amount": 55610.0, "side": "sell", "timestamp": 1766029359791}, {"id": "980877167", "price": 0.12559, "amount": 112.0, "side": "sell", "timestamp": 1766029360054}, {"id": "980877168", "price": 0.12559, "amount": 13631.0, "side": "sell", "timestamp": 1766029360904}, {"id": "980877214", "price": 0.12553, "amount": 73.0, "side": "buy", "timestamp": 1766029386241}, {"id": "980877215", "price": 0.12553, "amount": 11.0, "side": "buy", "timestamp": 1766029386551}, {"id": "980877216", "price": 0.12552, "amount": 328.0, "side": "sell", "timestamp": 1766029386731}, {"id": "980877217", "price": 0.12553, "amount": 17.0, "side": "buy", "timestamp": 1766029386920}, {"id": "980877218", "price": 0.12552, "amount": 112.0, "side": "sell", "timestamp": 1766029387049}, {"id": "980877219", "price": 0.12553, "amount": 1154.0, "side": "buy", "timestamp": 1766029387443}, {"id": "980877220", "price": 0.12553, "amount": 150253.0, "side": "buy", "timestamp": 1766029387934}, {"id": "980877221", "price": 0.12553, "amount": 13871.0, "side": "sell", "timestamp": 1766029388334}, {"id": "980877222", "price": 0.12554, "amount": 25.0, "side": "buy", "timestamp": 1766029389018}, {"id": "980877223", "price": 0.12554, "amount": 12796.0, "side": "buy", "timestamp": 1766029389565}, {"id": "980877224", "price": 0.12554, "amount": 112.0, "side": "sell", "timestamp": 1766029390120}, {"id": "980877225", "price": 0.12555, "amount": 96.0, "side": "buy", "timestamp": 1766029391672}, {"id": "980877226", "price": 0.12554, "amount": 150000.0, "side": "sell", "timestamp": 1766029392303}, {"id": "980877227", "price": 0.12554, "amount": 51.0, "side": "sell", "timestamp": 1766029392618}, {"id": "980877228", "price": 0.12554, "amount": 112.0, "side": "sell", "timestamp": 1766029393153}, {"id": "980877229", "price": 0.12555, "amount": 28812.0, "side": "buy", "timestamp": 1766029394099}, {"id": "980877230", "price": 0.12554, "amount": 100.0, "side": "sell", "timestamp": 1766029395373}, {"id": "980877231", "price": 0.12554, "amount": 112.0, "side": "sell", "timestamp": 1766029396184}, {"id": "980877232", "price": 0.12555, "amount": 658.0, "side": "buy", "timestamp": 1766029396428}, {"id": "980877233", "price": 0.12555, "amount": 4990.0, "side": "buy", "timestamp": 1766029397406}, {"id": "980877234", "price": 0.12555, "amount": 3439.0, "side": "buy", "timestamp": 1766029397923}, {"id": "980877235", "price": 0.12555, "amount": 3992.0, "side": "buy", "timestamp": 1766029398621}, {"id": "980877236", "price": 0.12555, "amount": 3992.0, "side": "buy", "timestamp": 1766029399169}, {"id": "980877237", "price": 0.12554, "amount": 112.0, "side": "sell", "timestamp": 1766029399210}, {"id": "980877238", "price": 0.12555, "amount": 40.0, "side": "buy", "timestamp": 1766029399560}, {"id": "980877239", "price": 0.12555, "amount": 6343.0, "side": "buy", "timestamp": 1766029399998}, {"id": "980877240", "price": 0.12556, "amount": 23.0, "side": "buy", "timestamp": 1766029400537}, {"id": "980877241", "price": 0.12556, "amount": 813.0, "side": "buy", "timestamp": 1766029401011}, {"id": "980877242", "price": 0.12555, "amount": 222.0, "side": "sell", "timestamp": 1766029402021}, {"id": "980877243", "price": 0.12555, "amount": 78.0, "side": "sell", "timestamp": 1766029403113}, {"id": "980877244", "price": 0.12556, "amount": 7568.0, "side": "buy", "timestamp": 1766029403115}, {"id": "980877245", "price": 0.12557, "amount": 1180.0, "side": "buy", "timestamp": 1766029403653}, {"id": "980877246", "price": 0.12557, "amount": 157.0, "side": "buy", "timestamp": 1766029403796}, {"id": "980877247", "price": 0.12556, "amount": 112.0, "side": "sell", "timestamp": 1766029405180}, {"id": "980877248", "price": 0.12557, "amount": 22.0, "side": "buy", "timestamp": 1766029405266}, {"id": "980877249", "price": 0.12556, "amount": 5239.0, "side": "sell", "timestamp": 1766029407817}, {"id": "980877250", "price": 0.12555, "amount": 27686.0, "side": "sell", "timestamp": 1766029407832}, {"id": "980877251", "price": 0.12554, "amount": 23526.0, "side": "sell", "timestamp": 1766029407887}, {"id": "980877252", "price": 0.12553, "amount": 112.0, "side": "sell", "timestamp": 1766029408021}, {"id": "980877253", "price": 0.12554, "amount": 29.0, "side": "buy", "timestamp": 1766029408310}, {"id": "980877254", "price": 0.12553, "amount": 66.0, "side": "sell", "timestamp": 1766029408670}, {"id": "980877255", "price": 0.12553, "amount": 68.0, "side": "sell", "timestamp": 1766029409036}, {"id": "980877256", "price": 0.12553, "amount": 40.0, "side": "sell", "timestamp": 1766029409265}, {"id": "980877257", "price": 0.12554, "amount": 25.0, "side": "buy", "timestamp": 1766029410659}, {"id": "980877258", "price": 0.12553, "amount": 112.0, "side": "sell", "timestamp": 1766029411058}, {"id": "980877259", "price": 0.12554, "amount": 8.0, "side": "buy", "timestamp": 1766029411063}, {"id": "980877260", "price": 0.12554, "amount": 1892.0, "side": "buy", "timestamp": 1766029411328}, {"id": "980877261", "price": 0.12554, "amount": 222.0, "side": "buy", "timestamp": 1766029412144}, {"id": "980877262", "price": 0.12554, "amount": 23917.0, "side": "buy", "timestamp": 1766029412460}, {"id": "980877263", "price": 0.12554, "amount": 37.0, "side": "buy", "timestamp": 1766029413524}, {"id": "980877331", "price": 0.1254, "amount": 4048.0, "side": "sell", "timestamp": 1766029444505}, {"id": "980877332", "price": 0.12541, "amount": 28.0, "side": "buy", "timestamp": 1766029444604}, {"id": "980877333", "price": 0.1254, "amount": 70.0, "side": "sell", "timestamp": 1766029445033}, {"id": "980877334", "price": 0.1254, "amount": 106.0, "side": "sell", "timestamp": 1766029445182}, {"id": "980877335", "price": 0.1254, "amount": 48026.0, "side": "sell", "timestamp": 1766029445293}, {"id": "980877336", "price": 0.12541, "amount": 314178.0, "side": "buy", "timestamp": 1766029445332}, {"id": "980877337", "price": 0.12541, "amount": 195.0, "side": "sell", "timestamp": 1766029445595}, {"id": "980877338", "price": 0.12541, "amount": 97.0, "side": "sell", "timestamp": 1766029445820}, {"id": "980877339", "price": 0.12541, "amount": 373.0, "side": "sell", "timestamp": 1766029446097}, {"id": "980877340", "price": 0.12541, "amount": 44.0, "side": "sell", "timestamp": 1766029446216}, {"id": "980877341", "price": 0.12541, "amount": 3139.0, "side": "sell", "timestamp": 1766029447303}, {"id": "980877342", "price": 0.12542, "amount": 463.0, "side": "buy", "timestamp": 1766029448948}, {"id": "980877343", "price": 0.12541, "amount": 11111.0, "side": "sell", "timestamp": 1766029448996}, {"id": "980877344", "price": 0.12541, "amount": 112.0, "side": "sell", "timestamp": 1766029449141}, {"id": "980877345", "price": 0.12542, "amount": 12.0, "side": "buy", "timestamp": 1766029449980}, {"id": "980877346", "price": 0.12541, "amount": 629.0, "side": "sell", "timestamp": 1766029451049}, {"id": "980877347", "price": 0.12541, "amount": 541.0, "side": "sell", "timestamp": 1766029451348}, {"id": "980877348", "price": 0.12542, "amount": 45.0, "side": "buy", "timestamp": 1766029451556}, {"id": "980877349", "price": 0.12541, "amount": 5356.0, "side": "sell", "timestamp": 1766029451738}, {"id": "980877350", "price": 0.1254, "amount": 19.0, "side": "sell", "timestamp": 1766029451929}, {"id": "980877351", "price": 0.1254, "amount": 5496.0, "side": "sell", "timestamp": 1766029452056}, {"id": "980877352", "price": 0.1254, "amount": 808.0, "side": "sell", "timestamp": 1766029452995}, {"id": "980877353", "price": 0.1254, "amount": 316.0, "side": "sell", "timestamp": 1766029453915}, {"id": "980877354", "price": 0.1254, "amount": 28230.0, "side": "sell", "timestamp": 1766029454159}, {"id": "980877355", "price": 0.12539, "amount": 11512.0, "side": "sell", "timestamp": 1766029454713}, {"id": "980877356", "price": 0.1254, "amount": 9839.0, "side": "buy", "timestamp": 1766029455017}, {"id": "980877357", "price": 0.12541, "amount": 334.0, "side": "buy", "timestamp": 1766029455471}, {"id": "980877358", "price": 0.1254, "amount": 345.0, "side": "sell", "timestamp": 1766029455475}, {"id": "980877359", "price": 0.12541, "amount": 6550.0, "side": "buy", "timestamp": 1766029455500}, {"id": "980877360", "price": 0.12541, "amount": 114.0, "side": "buy", "timestamp": 1766029456043}, {"id": "980877361", "price": 0.12541, "amount": 14.0, "side": "buy", "timestamp": 1766029456603}, {"id": "980877362", "price": 0.1254, "amount": 336.0, "side": "sell", "timestamp": 1766029456607}, {"id": "980877363", "price": 0.12541, "amount": 130855.0, "side": "buy", "timestamp": 1766029457559}, {"id": "980877364", "price": 0.12542, "amount": 5117.0, "side": "buy", "timestamp": 1766029457570}, {"id": "980877365", "price": 0.12541, "amount": 369.0, "side": "sell", "timestamp": 1766029457573}, {"id": "980877366", "price": 0.12542, "amount": 6422.0, "side": "buy", "timestamp": 1766029457585}, {"id": "980877367", "price": 0.12541, "amount": 112.0, "side": "sell", "timestamp": 1766029457699}, {"id": "980877368", "price": 0.12541, "amount": 17565.0, "side": "sell", "timestamp": 1766029457849}, {"id": "980877369", "price": 0.12542, "amount": 425.0, "side": "buy", "timestamp": 1766029458652}, {"id": "980877370", "price": 0.12541, "amount": 596.0, "side": "sell", "timestamp": 1766029458656}, {"id": "980877371", "price": 0.12541, "amount": 38791.0, "side": "sell", "timestamp": 1766029459924}, {"id": "980877372", "price": 0.12541, "amount": 112.0, "side": "sell", "timestamp": 1766029460148}, {"id": "980877373", "price": 0.12542, "amount": 11235.0, "side": "buy", "timestamp": 1766029462052}, {"id": "980877374", "price": 0.12541, "amount": 1477.0, "side": "sell", "timestamp": 1766029462057}, {"id": "980877375", "price": 0.12541, "amount": 2849.0, "side": "sell", "timestamp": 1766029462817}, {"id": "980877376", "price": 0.12541, "amount": 917.0, "side": "sell", "timestamp": 1766029463168}, {"id": "980877377", "price": 0.12542, "amount": 150.0, "side": "buy", "timestamp": 1766029463646}, {"id": "980877378", "price": 0.12542, "amount": 216.0, "side": "buy", "timestamp": 1766029463830}, {"id": "980877379", "price": 0.12542, "amount": 351.0, "side": "buy", "timestamp": 1766029464977}, {"id": "980877380", "price": 0.12541, "amount": 837.0, "side": "sell", "timestamp": 1766029464981}, {"id": "980877438", "price": 0.12538, "amount": 3853.0, "side": "sell", "timestamp": 1766029494715}, {"id": "980877439", "price": 0.12538, "amount": 1724.0, "side": "sell", "timestamp": 1766029495140}, {"id": "980877440", "price": 0.12538, "amount": 1984.0, "side": "sell", "timestamp": 1766029496285}, {"id": "980877441", "price": 0.12539, "amount": 119.0, "side": "buy", "timestamp": 1766029496294}, {"id": "980877442", "price": 0.12539, "amount": 46.0, "side": "buy", "timestamp": 1766029496608}, {"id": "980877443", "price": 0.12538, "amount": 2302.0, "side": "sell", "timestamp": 1766029497380}, {"id": "980877444", "price": 0.12538, "amount": 3451.0, "side": "sell", "timestamp": 1766029498364}, {"id": "980877445", "price": 0.12539, "amount": 21.0, "side": "buy", "timestamp": 1766029498722}, {"id": "980877446", "price": 0.12539, "amount": 96.0, "side": "buy", "timestamp": 1766029499667}, {"id": "980877447", "price": 0.12539, "amount": 75401.0, "side": "buy", "timestamp": 1766029499813}, {"id": "980877448", "price": 0.12539, "amount": 4095.0, "side": "sell", "timestamp": 1766029499818}, {"id": "980877449", "price": 0.1254, "amount": 689.0, "side": "buy", "timestamp": 1766029499818}, {"id": "980877450", "price": 0.12541, "amount": 108.0, "side": "buy", "timestamp": 1766029500486}, {"id": "980877451", "price": 0.1254, "amount": 2684.0, "side": "sell", "timestamp": 1766029500491}, {"id": "980877452", "price": 0.12541, "amount": 1036.0, "side": "buy", "timestamp": 1766029500874}, {"id": "980877453", "price": 0.12541, "amount": 4060.0, "side": "buy", "timestamp": 1766029501090}, {"id": "980877454", "price": 0.1254, "amount": 34781.0, "side": "sell", "timestamp": 1766029501753}, {"id": "980877455", "price": 0.12539, "amount": 98691.0, "side": "sell", "timestamp": 1766029501762}, {"id": "980877456", "price": 0.12539, "amount": 1091.0, "side": "buy", "timestamp": 1766029502036}, {"id": "980877457", "price": 0.12539, "amount": 3936.0, "side": "sell", "timestamp": 1766029502041}, {"id": "980877458", "price": 0.1254, "amount": 5407.0, "side": "buy", "timestamp": 1766029503659}, {"id": "980877459", "price": 0.12539, "amount": 7984.0, "side": "sell", "timestamp": 1766029503663}, {"id": "980877460", "price": 0.1254, "amount": 52.0, "side": "buy", "timestamp": 1766029503796}, {"id": "980877461", "price": 0.12539, "amount": 1120.0, "side": "sell", "timestamp": 1766029504400}, {"id": "980877462", "price": 0.12539, "amount": 283.0, "side": "buy", "timestamp": 1766029504518}, {"id": "980877463", "price": 0.12538, "amount": 89490.0, "side": "sell", "timestamp": 1766029504734}, {"id": "980877464", "price": 0.12537, "amount": 69688.0, "side": "sell", "timestamp": 1766029504734}, {"id": "980877465", "price": 0.12538, "amount": 10216.0, "side": "buy", "timestamp": 1766029504857}, {"id": "980877466", "price": 0.12538, "amount": 6.0, "side": "buy", "timestamp": 1766029505022}, {"id": "980877467", "price": 0.12537, "amount": 4551.0, "side": "sell", "timestamp": 1766029505026}, {"id": "980877468", "price": 0.12536, "amount": 142.0, "side": "sell", "timestamp": 1766029505128}, {"id": "980877469", "price": 0.12536, "amount": 4077.0, "side": "sell", "timestamp": 1766029505464}, {"id": "980877470", "price": 0.12537, "amount": 8.0, "side": "buy", "timestamp": 1766029505519}, {"id": "980877471", "price": 0.12536, "amount": 4090.0, "side": "sell", "timestamp": 1766029506141}, {"id": "980877472", "price": 0.12537, "amount": 12148.0, "side": "buy", "timestamp": 1766029506443}, {"id": "980877473", "price": 0.12537, "amount": 349.0, "side": "sell", "timestamp": 1766029506603}, {"id": "980877474", "price": 0.12537, "amount": 67.0, "side": "sell", "timestamp": 1766029506725}, {"id": "980877475", "price": 0.12538, "amount": 18.0, "side": "buy", "timestamp": 1766029507522}, {"id": "980877476", "price": 0.12537, "amount": 3940.0, "side": "sell", "timestamp": 1766029507526}, {"id": "980877477", "price": 0.12537, "amount": 527.0, "side": "sell", "timestamp": 1766029508117}, {"id": "980877478", "price": 0.12537, "amount": 84.0, "side": "sell", "timestamp": 1766029508283}, {"id": "980877479", "price": 0.12538, "amount": 25.0, "side": "buy", "timestamp": 1766029508910}, {"id": "980877480", "price": 0.12537, "amount": 126.0, "side": "sell", "timestamp": 1766029509842}, {"id": "980877481", "price": 0.12538, "amount": 7.0, "side": "buy", "timestamp": 1766029512602}, {"id": "980877482", "price": 0.12538, "amount": 21517.0, "side": "buy", "timestamp": 1766029513688}, {"id": "980877483", "price": 0.12538, "amount": 21807.0, "side": "sell", "timestamp": 1766029513693}, {"id": "980877484", "price": 0.12538, "amount": 69.0, "side": "sell", "timestamp": 1766029515563}, {"id": "980877485", "price": 0.12539, "amount": 30769.0, "side": "buy", "timestamp": 1766029516148}, {"id": "980877486", "price": 0.1254, "amount": 2743.0, "side": "buy", "timestamp": 1766029516186}, {"id": "980877487", "price": 0.1254, "amount": 2870.0, "side": "buy", "timestamp": 1766029516375}, {"id": "980877521", "price": 0.12537, "amount": 46722.0, "side": "sell", "timestamp": 1766029537113}, {"id": "980877522", "price": 0.12538, "amount": 18.0, "side": "buy", "timestamp": 1766029537337}, {"id": "980877523", "price": 0.12538, "amount": 33.0, "side": "buy", "timestamp": 1766029537897}, {"id": "980877524", "price": 0.12537, "amount": 793.0, "side": "sell", "timestamp": 1766029538389}, {"id": "980877525", "price": 0.12538, "amount": 8.0, "side": "buy", "timestamp": 1766029539921}, {"id": "980877526", "price": 0.12538, "amount": 52.0, "side": "buy", "timestamp": 1766029540312}, {"id": "980877527", "price": 0.12537, "amount": 71.0, "side": "sell", "timestamp": 1766029542259}, {"id": "980877528", "price": 0.12538, "amount": 19.0, "side": "buy", "timestamp": 1766029542812}, {"id": "980877529", "price": 0.12538, "amount": 240.0, "side": "buy", "timestamp": 1766029543158}, {"id": "980877530", "price": 0.12538, "amount": 9758.0, "side": "buy", "timestamp": 1766029546499}, {"id": "980877531", "price": 0.12537, "amount": 250.0, "side": "sell", "timestamp": 1766029547601}, {"id": "980877532", "price": 0.12538, "amount": 33.0, "side": "buy", "timestamp": 1766029547928}, {"id": "980877533", "price": 0.12538, "amount": 181.0, "side": "buy", "timestamp": 1766029548190}, {"id": "980877534", "price": 0.12537, "amount": 383.0, "side": "sell", "timestamp": 1766029551727}, {"id": "980877535", "price": 0.12538, "amount": 16.0, "side": "buy", "timestamp": 1766029554018}, {"id": "980877536", "price": 0.12538, "amount": 453.0, "side": "buy", "timestamp": 1766029554315}, {"id": "980877537", "price": 0.12537, "amount": 398.0, "side": "sell", "timestamp": 1766029555455}, {"id": "980877538", "price": 0.12538, "amount": 73.0, "side": "buy", "timestamp": 1766029555804}, {"id": "980877539", "price": 0.12537, "amount": 48664.0, "side": "sell", "timestamp": 1766029556487}, {"id": "980877540", "price": 0.12536, "amount": 9730.0, "side": "sell", "timestamp": 1766029556508}, {"id": "980877541", "price": 0.12535, "amount": 12461.0, "side": "sell", "timestamp": 1766029556527}, {"id": "980877542", "price": 0.12535, "amount": 896.0, "side": "buy", "timestamp": 1766029556860}, {"id": "980877543", "price": 0.12534, "amount": 112.0, "side": "sell", "timestamp": 1766029557083}, {"id": "980877544", "price": 0.12535, "amount": 143.0, "side": "buy", "timestamp": 1766029557095}, {"id": "980877545", "price": 0.12534, "amount": 139.0, "side": "sell", "timestamp": 1766029557679}, {"id": "980877546", "price": 0.12534, "amount": 16254.0, "side": "sell", "timestamp": 1766029559058}, {"id": "980877547", "price": 0.12534, "amount": 46.0, "side": "buy", "timestamp": 1766029559186}, {"id": "980877548", "price": 0.12534, "amount": 14.0, "side": "buy", "timestamp": 1766029559576}, {"id": "980877549", "price": 0.12534, "amount": 302.0, "side": "buy", "timestamp": 1766029559928}, {"id": "980877550", "price": 0.12534, "amount": 251.0, "side": "buy", "timestamp": 1766029560086}, {"id": "980877551", "price": 0.12534, "amount": 214.0, "side": "buy", "timestamp": 1766029560236}, {"id": "980877552", "price": 0.12533, "amount": 31171.0, "side": "sell", "timestamp": 1766029560277}, {"id": "980877553", "price": 0.12533, "amount": 108.0, "side": "buy", "timestamp": 1766029561402}, {"id": "980877554", "price": 0.12532, "amount": 77648.0, "side": "sell", "timestamp": 1766029561406}, {"id": "980877555", "price": 0.12532, "amount": 184.0, "side": "sell", "timestamp": 1766029561786}, {"id": "980877556", "price": 0.12532, "amount": 325.0, "side": "sell", "timestamp": 1766029562188}, {"id": "980877557", "price": 0.12532, "amount": 164.0, "side": "sell", "timestamp": 1766029562316}, {"id": "980877558", "price": 0.12532, "amount": 423.0, "side": "sell", "timestamp": 1766029562645}, {"id": "980877559", "price": 0.12532, "amount": 169.0, "side": "sell", "timestamp": 1766029562791}, {"id": "980877560", "price": 0.12532, "amount": 193.0, "side": "sell", "timestamp": 1766029562954}, {"id": "980877561", "price": 0.12533, "amount": 2.0, "side": "buy", "timestamp": 1766029563179}, {"id": "980877562", "price": 0.12532, "amount": 10619.0, "side": "sell", "timestamp": 1766029563186}, {"id": "980877563", "price": 0.12532, "amount": 166.0, "side": "buy", "timestamp": 1766029563194}, {"id": "980877564", "price": 0.12531, "amount": 11407.0, "side": "sell", "timestamp": 1766029563483}, {"id": "980877565", "price": 0.12531, "amount": 150.0, "side": "buy", "timestamp": 1766029563545}, {"id": "980877566", "price": 0.12531, "amount": 536.0, "side": "buy", "timestamp": 1766029563821}, {"id": "980877567", "price": 0.12531, "amount": 8.0, "side": "buy", "timestamp": 1766029565584}, {"id": "980877568", "price": 0.12531, "amount": 52.0, "side": "buy", "timestamp": 1766029566414}, {"id": "980877569", "price": 0.1253, "amount": 4322.0, "side": "sell", "timestamp": 1766029566503}, {"id": "980877570", "price": 0.1253, "amount": 46.0, "side": "sell", "timestamp": 1766029569144}, {"id": "980877613", "price": 0.12538, "amount": 112.0, "side": "sell", "timestamp": 1766029587086}, {"id": "980877614", "price": 0.12539, "amount": 30.0, "side": "buy", "timestamp": 1766029588000}, {"id": "980877615", "price": 0.12539, "amount": 45.0, "side": "buy", "timestamp": 1766029589350}, {"id": "980877616", "price": 0.12538, "amount": 112.0, "side": "sell", "timestamp": 1766029590113}, {"id": "980877617", "price": 0.12539, "amount": 797.0, "side": "buy", "timestamp": 1766029590168}, {"id": "980877618", "price": 0.12539, "amount": 141.0, "side": "buy", "timestamp": 1766029590666}, {"id": "980877619", "price": 0.12539, "amount": 7.0, "side": "buy", "timestamp": 1766029591457}, {"id": "980877620", "price": 0.12538, "amount": 74.0, "side": "sell", "timestamp": 1766029591544}, {"id": "980877621", "price": 0.12538, "amount": 112.0, "side": "sell", "timestamp": 1766029593132}, {"id": "980877622", "price": 0.12539, "amount": 76668.0, "side": "buy", "timestamp": 1766029593664}, {"id": "980877623", "price": 0.12538, "amount": 2386.0, "side": "sell", "timestamp": 1766029594086}, {"id": "980877624", "price": 0.12539, "amount": 109.0, "side": "buy", "timestamp": 1766029594103}, {"id": "980877625", "price": 0.12539, "amount": 1200.0, "side": "buy", "timestamp": 1766029594411}, {"id": "980877626", "price": 0.12539, "amount": 796.0, "side": "buy", "timestamp": 1766029595211}, {"id": "980877627", "price": 0.12538, "amount": 152.0, "side": "sell", "timestamp": 1766029595462}, {"id": "980877628", "price": 0.12539, "amount": 5196.0, "side": "buy", "timestamp": 1766029595892}, {"id": "980877629", "price": 0.12538, "amount": 112.0, "side": "sell", "timestamp": 1766029596194}, {"id": "980877630", "price": 0.12539, "amount": 500.0, "side": "buy", "timestamp": 1766029598079}, {"id": "980877631", "price": 0.12538, "amount": 112.0, "side": "sell", "timestamp": 1766029599068}, {"id": "980877632", "price": 0.12539, "amount": 1141.0, "side": "buy", "timestamp": 1766029599255}, {"id": "980877633", "price": 0.12539, "amount": 90.0, "side": "buy", "timestamp": 1766029600453}, {"id": "980877634", "price": 0.12538, "amount": 500.0, "side": "sell", "timestamp": 1766029601111}, {"id": "980877635", "price": 0.12538, "amount": 112.0, "side": "sell", "timestamp": 1766029602095}, {"id": "980877636", "price": 0.12539, "amount": 1505.0, "side": "buy", "timestamp": 1766029602446}, {"id": "980877637", "price": 0.12538, "amount": 85.0, "side": "sell", "timestamp": 1766029604112}, {"id": "980877638", "price": 0.12538, "amount": 59203.0, "side": "sell", "timestamp": 1766029604458}, {"id": "980877639", "price": 0.12537, "amount": 2402.0, "side": "sell", "timestamp": 1766029605115}, {"id": "980877640", "price": 0.12536, "amount": 2309.0, "side": "sell", "timestamp": 1766029605200}, {"id": "980877641", "price": 0.12537, "amount": 108.0, "side": "buy", "timestamp": 1766029605506}, {"id": "980877642", "price": 0.12537, "amount": 76.0, "side": "buy", "timestamp": 1766029605854}, {"id": "980877643", "price": 0.12537, "amount": 247.0, "side": "buy", "timestamp": 1766029606369}, {"id": "980877644", "price": 0.12537, "amount": 47.0, "side": "buy", "timestamp": 1766029607493}, {"id": "980877645", "price": 0.12537, "amount": 95.0, "side": "buy", "timestamp": 1766029607662}, {"id": "980877646", "price": 0.12536, "amount": 251.0, "side": "sell", "timestamp": 1766029607723}, {"id": "980877647", "price": 0.12537, "amount": 33954.0, "side": "buy", "timestamp": 1766029609321}, {"id": "980877648", "price": 0.12538, "amount": 38698.0, "side": "buy", "timestamp": 1766029609321}, {"id": "980877649", "price": 0.12537, "amount": 112.0, "side": "sell", "timestamp": 1766029609351}, {"id": "980877650", "price": 0.12537, "amount": 83.0, "side": "sell", "timestamp": 1766029610184}, {"id": "980877651", "price": 0.12538, "amount": 46.0, "side": "buy", "timestamp": 1766029610765}, {"id": "980877652", "price": 0.12537, "amount": 57.0, "side": "sell", "timestamp": 1766029611445}, {"id": "980877653", "price": 0.12538, "amount": 8003.0, "side": "buy", "timestamp": 1766029611669}, {"id": "980877654", "price": 0.12538, "amount": 112.0, "side": "sell", "timestamp": 1766029612163}, {"id": "980877655", "price": 0.12539, "amount": 19150.0, "side": "buy", "timestamp": 1766029613493}, {"id": "980877656", "price": 0.12539, "amount": 112.0, "side": "sell", "timestamp": 1766029615186}, {"id": "980877657", "price": 0.1254, "amount": 52.0, "side": "buy", "timestamp": 1766029617799}, {"id": "980877658", "price": 0.12539, "amount": 112.0, "side": "sell", "timestamp": 1766029618199}, {"id": "980877659", "price": 0.12539, "amount": 112.0, "side": "sell", "timestamp": 1766029621014}, {"id": "980877660", "price": 0.12539, "amount": 75830.0, "side": "sell", "timestamp": 1766029621383}, {"id": "980877661", "price": 0.12538, "amount": 77786.0, "side": "sell", "timestamp": 1766029621649}, {"id": "980877662", "price": 0.12539, "amount": 151.0, "side": "buy", "timestamp": 1766029622018}, {"id": "980877680", "price": 0.12539, "amount": 12.0, "side": "buy", "timestamp": 1766029633565}, {"id": "980877681", "price": 0.12538, "amount": 253.0, "side": "sell", "timestamp": 1766029634188}, {"id": "980877682", "price": 0.12538, "amount": 5344.0, "side": "sell", "timestamp": 1766029634707}, {"id": "980877683", "price": 0.12537, "amount": 15702.0, "side": "sell", "timestamp": 1766029634886}, {"id": "980877684", "price": 0.12537, "amount": 709.0, "side": "buy", "timestamp": 1766029634983}, {"id": "980877685", "price": 0.12537, "amount": 30.0, "side": "buy", "timestamp": 1766029636034}, {"id": "980877686", "price": 0.12536, "amount": 669.0, "side": "sell", "timestamp": 1766029636951}, {"id": "980877687", "price": 0.12537, "amount": 45.0, "side": "buy", "timestamp": 1766029637072}, {"id": "980877688", "price": 0.12536, "amount": 829.0, "side": "sell", "timestamp": 1766029637194}, {"id": "980877689", "price": 0.12537, "amount": 1847.0, "side": "buy", "timestamp": 1766029637198}, {"id": "980877690", "price": 0.12537, "amount": 108.0, "side": "buy", "timestamp": 1766029637970}, {"id": "980877691", "price": 0.12537, "amount": 26514.0, "side": "buy", "timestamp": 1766029639167}, {"id": "980877692", "price": 0.12537, "amount": 114.0, "side": "sell", "timestamp": 1766029639266}, {"id": "980877693", "price": 0.12537, "amount": 2882.0, "side": "sell", "timestamp": 1766029639667}, {"id": "980877694", "price": 0.12537, "amount": 69.0, "side": "sell", "timestamp": 1766029641670}, {"id": "980877695", "price": 0.12537, "amount": 165.0, "side": "sell", "timestamp": 1766029642014}, {"id": "980877696", "price": 0.12538, "amount": 9877.0, "side": "buy", "timestamp": 1766029642979}, {"id": "980877697", "price": 0.12538, "amount": 112.0, "side": "sell", "timestamp": 1766029643081}, {"id": "980877698", "price": 0.12539, "amount": 96.0, "side": "buy", "timestamp": 1766029643679}, {"id": "980877699", "price": 0.12539, "amount": 52.0, "side": "buy", "timestamp": 1766029643900}, {"id": "980877700", "price": 0.12538, "amount": 186.0, "side": "sell", "timestamp": 1766029645836}, {"id": "980877701", "price": 0.12538, "amount": 112.0, "side": "sell", "timestamp": 1766029646120}, {"id": "980877702", "price": 0.12539, "amount": 47.0, "side": "buy", "timestamp": 1766029646167}, {"id": "980877703", "price": 0.12538, "amount": 75.0, "side": "sell", "timestamp": 1766029646615}, {"id": "980877704", "price": 0.12538, "amount": 1914.0, "side": "sell", "timestamp": 1766029647166}, {"id": "980877705", "price": 0.12537, "amount": 183148.0, "side": "sell", "timestamp": 1766029647166}, {"id": "980877706", "price": 0.12536, "amount": 5994.0, "side": "sell", "timestamp": 1766029648966}, {"id": "980877707", "price": 0.12536, "amount": 60.0, "side": "buy", "timestamp": 1766029649099}, {"id": "980877708", "price": 0.12535, "amount": 227.0, "side": "sell", "timestamp": 1766029649832}, {"id": "980877709", "price": 0.12536, "amount": 4715.0, "side": "buy", "timestamp": 1766029650499}, {"id": "980877710", "price": 0.12536, "amount": 109.0, "side": "buy", "timestamp": 1766029650831}, {"id": "980877711", "price": 0.12536, "amount": 91.0, "side": "buy", "timestamp": 1766029652167}, {"id": "980877712", "price": 0.12536, "amount": 14.0, "side": "buy", "timestamp": 1766029652407}, {"id": "980877713", "price": 0.12535, "amount": 48189.0, "side": "sell", "timestamp": 1766029654937}, {"id": "980877714", "price": 0.12535, "amount": 48.0, "side": "buy", "timestamp": 1766029654992}, {"id": "980877715", "price": 0.12534, "amount": 11274.0, "side": "sell", "timestamp": 1766029655103}, {"id": "980877716", "price": 0.12534, "amount": 1856.0, "side": "buy", "timestamp": 1766029656614}, {"id": "980877717", "price": 0.12534, "amount": 20.0, "side": "buy", "timestamp": 1766029658282}, {"id": "980877718", "price": 0.12533, "amount": 102.0, "side": "sell", "timestamp": 1766029661504}, {"id": "980877719", "price": 0.12534, "amount": 46.0, "side": "buy", "timestamp": 1766029662964}, {"id": "980877720", "price": 0.12534, "amount": 31.0, "side": "buy", "timestamp": 1766029663766}, {"id": "980877721", "price": 0.12534, "amount": 797.0, "side": "buy", "timestamp": 1766029664123}, {"id": "980877722", "price": 0.12533, "amount": 737.0, "side": "sell", "timestamp": 1766029665917}, {"id": "980877723", "price": 0.12534, "amount": 108.0, "side": "buy", "timestamp": 1766029666387}, {"id": "980877724", "price": 0.12534, "amount": 48.0, "side": "buy", "timestamp": 1766029668598}, {"id": "980877725", "price": 0.12534, "amount": 52.0, "side": "buy", "timestamp": 1766029669816}, {"id": "980877726", "price": 0.12534, "amount": 97.0, "side": "buy", "timestamp": 1766029670807}, {"id": "980877727", "price": 0.12533, "amount": 791.0, "side": "sell", "timestamp": 1766029671469}, {"id": "980877728", "price": 0.12534, "amount": 311.0, "side": "buy", "timestamp": 1766029672200}, {"id": "980877729", "price": 0.12534, "amount": 9547.0, "side": "buy", "timestamp": 1766029673651}, {"id": "980877754", "price": 0.12536, "amount": 1592.0, "side": "buy", "timestamp": 1766029694036}, {"id": "980877755", "price": 0.12537, "amount": 108.0, "side": "buy", "timestamp": 1766029696350}, {"id": "980877756", "price": 0.12537, "amount": 262041.0, "side": "buy", "timestamp": 1766029696485}, {"id": "980877757", "price": 0.12538, "amount": 60569.0, "side": "buy", "timestamp": 1766029696485}, {"id": "980877758", "price": 0.12537, "amount": 120.0, "side": "buy", "timestamp": 1766029696822}, {"id": "980877759", "price": 0.12538, "amount": 710.0, "side": "buy", "timestamp": 1766029696940}, {"id": "980877760", "price": 0.12538, "amount": 9554.0, "side": "buy", "timestamp": 1766029698432}, {"id": "980877761", "price": 0.12538, "amount": 112.0, "side": "sell", "timestamp": 1766029698626}, {"id": "980877762", "price": 0.12539, "amount": 4611.0, "side": "buy", "timestamp": 1766029698779}, {"id": "980877763", "price": 0.1254, "amount": 13000.0, "side": "buy", "timestamp": 1766029700771}, {"id": "980877764", "price": 0.1254, "amount": 133.0, "side": "buy", "timestamp": 1766029700922}, {"id": "980877765", "price": 0.12539, "amount": 112.0, "side": "sell", "timestamp": 1766029701086}, {"id": "980877766", "price": 0.1254, "amount": 9160.0, "side": "buy", "timestamp": 1766029701454}, {"id": "980877767", "price": 0.12539, "amount": 4244.0, "side": "sell", "timestamp": 1766029702267}, {"id": "980877768", "price": 0.1254, "amount": 9508.0, "side": "buy", "timestamp": 1766029702986}, {"id": "980877769", "price": 0.1254, "amount": 2119.0, "side": "buy", "timestamp": 1766029703383}, {"id": "980877770", "price": 0.12539, "amount": 112.0, "side": "sell", "timestamp": 1766029704127}, {"id": "980877771", "price": 0.1254, "amount": 91.0, "side": "buy", "timestamp": 1766029704370}, {"id": "980877772", "price": 0.1254, "amount": 36.0, "side": "buy", "timestamp": 1766029704603}, {"id": "980877773", "price": 0.1254, "amount": 147.0, "side": "buy", "timestamp": 1766029705801}, {"id": "980877774", "price": 0.1254, "amount": 3669.0, "side": "buy", "timestamp": 1766029706679}, {"id": "980877775", "price": 0.12541, "amount": 47039.0, "side": "buy", "timestamp": 1766029706679}, {"id": "980877776", "price": 0.1254, "amount": 112.0, "side": "sell", "timestamp": 1766029707163}, {"id": "980877777", "price": 0.12541, "amount": 47.0, "side": "buy", "timestamp": 1766029707265}, {"id": "980877778", "price": 0.1254, "amount": 15566.0, "side": "sell", "timestamp": 1766029710010}, {"id": "980877779", "price": 0.1254, "amount": 60.0, "side": "buy", "timestamp": 1766029710224}, {"id": "980877780", "price": 0.1254, "amount": 7412.0, "side": "buy", "timestamp": 1766029710497}, {"id": "980877781", "price": 0.1254, "amount": 108.0, "side": "buy", "timestamp": 1766029711187}, {"id": "980877782", "price": 0.1254, "amount": 204.0, "side": "buy", "timestamp": 1766029711647}, {"id": "980877783", "price": 0.12539, "amount": 112.0, "side": "sell", "timestamp": 1766029713079}, {"id": "980877784", "price": 0.1254, "amount": 14.0, "side": "buy", "timestamp": 1766029713285}, {"id": "980877785", "price": 0.1254, "amount": 15948.0, "side": "buy", "timestamp": 1766029713969}, {"id": "980877786", "price": 0.1254, "amount": 46.0, "side": "buy", "timestamp": 1766029714800}, {"id": "980877787", "price": 0.12539, "amount": 48.0, "side": "sell", "timestamp": 1766029715016}, {"id": "980877788", "price": 0.1254, "amount": 95.0, "side": "buy", "timestamp": 1766029715686}, {"id": "980877789", "price": 0.1254, "amount": 5284.0, "side": "buy", "timestamp": 1766029715892}, {"id": "980877790", "price": 0.12539, "amount": 49.0, "side": "sell", "timestamp": 1766029715967}, {"id": "980877791", "price": 0.12539, "amount": 112.0, "side": "sell", "timestamp": 1766029716138}, {"id": "980877792", "price": 0.1254, "amount": 797.0, "side": "buy", "timestamp": 1766029716534}, {"id": "980877793", "price": 0.1254, "amount": 48.0, "side": "buy", "timestamp": 1766029716930}, {"id": "980877794", "price": 0.1254, "amount": 4205.0, "side": "buy", "timestamp": 1766029718655}, {"id": "980877795", "price": 0.1254, "amount": 112.0, "side": "sell", "timestamp": 1766029719206}, {"id": "980877796", "price": 0.1254, "amount": 389.0, "side": "sell", "timestamp": 1766029720018}, {"id": "980877797", "price": 0.1254, "amount": 157.0, "side": "sell", "timestamp": 1766029721479}, {"id": "980877798", "price": 0.12541, "amount": 52.0, "side": "buy", "timestamp": 1766029721763}, {"id": "980877799", "price": 0.1254, "amount": 112.0, "side": "sell", "timestamp": 1766029722035}, {"id": "980877800", "price": 0.1254, "amount": 66.0, "side": "sell", "timestamp": 1766029722489}, {"id": "980877801", "price": 0.1254, "amount": 2219.0, "side": "sell", "timestamp": 1766029723406}, {"id": "980877802", "price": 0.1254, "amount": 15318.0, "side": "sell", "timestamp": 1766029724161}, {"id": "980877803", "price": 0.12539, "amount": 112.0, "side": "sell", "timestamp": 1766029725066}, {"id": "980877825", "price": 0.12538, "amount": 40.0, "side": "sell", "timestamp": 1766029744539}, {"id": "980877826", "price": 0.12538, "amount": 87.0, "side": "sell", "timestamp": 1766029745283}, {"id": "980877827", "price": 0.12538, "amount": 42.0, "side": "sell", "timestamp": 1766029745975}, {"id": "980877828", "price": 0.12538, "amount": 45.0, "side": "sell", "timestamp": 1766029746883}, {"id": "980877829", "price": 0.12538, "amount": 55.0, "side": "sell", "timestamp": 1766029748001}, {"id": "980877830", "price": 0.12539, "amount": 52.0, "side": "buy", "timestamp": 1766029748013}, {"id": "980877831", "price": 0.12539, "amount": 20905.0, "side": "buy", "timestamp": 1766029748261}, {"id": "980877832", "price": 0.1254, "amount": 3022.0, "side": "buy", "timestamp": 1766029748261}, {"id": "980877833", "price": 0.12539, "amount": 77737.0, "side": "sell", "timestamp": 1766029748266}, {"id": "980877834", "price": 0.12539, "amount": 112.0, "side": "sell", "timestamp": 1766029751107}, {"id": "980877835", "price": 0.1254, "amount": 95.0, "side": "buy", "timestamp": 1766029751671}, {"id": "980877836", "price": 0.12539, "amount": 457.0, "side": "sell", "timestamp": 1766029753033}, {"id": "980877837", "price": 0.12539, "amount": 9.0, "side": "buy", "timestamp": 1766029754556}, {"id": "980877838", "price": 0.12539, "amount": 7975.0, "side": "buy", "timestamp": 1766029755613}, {"id": "980877839", "price": 0.12539, "amount": 90.0, "side": "buy", "timestamp": 1766029755986}, {"id": "980877840", "price": 0.12538, "amount": 5973.0, "side": "sell", "timestamp": 1766029756038}, {"id": "980877841", "price": 0.12538, "amount": 155.0, "side": "sell", "timestamp": 1766029756840}, {"id": "980877842", "price": 0.12538, "amount": 1246.0, "side": "sell", "timestamp": 1766029757773}, {"id": "980877843", "price": 0.12539, "amount": 109.0, "side": "buy", "timestamp": 1766029758225}, {"id": "980877844", "price": 0.12538, "amount": 91.0, "side": "sell", "timestamp": 1766029759745}, {"id": "980877845", "price": 0.12539, "amount": 17585.0, "side": "buy", "timestamp": 1766029759769}, {"id": "980877846", "price": 0.1254, "amount": 1600.0, "side": "buy", "timestamp": 1766029759789}, {"id": "980877847", "price": 0.12539, "amount": 112.0, "side": "sell", "timestamp": 1766029759840}, {"id": "980877848", "price": 0.1254, "amount": 7.0, "side": "buy", "timestamp": 1766029760152}, {"id": "980877849", "price": 0.12539, "amount": 5046.0, "side": "sell", "timestamp": 1766029760996}, {"id": "980877850", "price": 0.1254, "amount": 55.0, "side": "buy", "timestamp": 1766029761760}, {"id": "980877851", "price": 0.12539, "amount": 112.0, "side": "sell", "timestamp": 1766029762072}, {"id": "980877852", "price": 0.1254, "amount": 49.0, "side": "buy", "timestamp": 1766029762823}, {"id": "980877853", "price": 0.12539, "amount": 112.0, "side": "sell", "timestamp": 1766029765086}, {"id": "980877854", "price": 0.1254, "amount": 8680.0, "side": "buy", "timestamp": 1766029765257}, {"id": "980877855", "price": 0.1254, "amount": 2016.0, "side": "buy", "timestamp": 1766029766115}, {"id": "980877856", "price": 0.1254, "amount": 1908.0, "side": "buy", "timestamp": 1766029766502}, {"id": "980877857", "price": 0.1254, "amount": 46.0, "side": "buy", "timestamp": 1766029767004}, {"id": "980877858", "price": 0.1254, "amount": 98.0, "side": "buy", "timestamp": 1766029767371}, {"id": "980877859", "price": 0.12539, "amount": 112.0, "side": "sell", "timestamp": 1766029768150}, {"id": "980877860", "price": 0.1254, "amount": 48.0, "side": "buy", "timestamp": 1766029768157}, {"id": "980877861", "price": 0.1254, "amount": 83.0, "side": "buy", "timestamp": 1766029770471}, {"id": "980877862", "price": 0.12539, "amount": 55.0, "side": "sell", "timestamp": 1766029770566}, {"id": "980877863", "price": 0.1254, "amount": 60.0, "side": "buy", "timestamp": 1766029771141}, {"id": "980877864", "price": 0.12539, "amount": 112.0, "side": "sell", "timestamp": 1766029771172}, {"id": "980877865", "price": 0.1254, "amount": 52.0, "side": "buy", "timestamp": 1766029773886}, {"id": "980877866", "price": 0.1254, "amount": 14.0, "side": "buy", "timestamp": 1766029774194}, {"id": "980877867", "price": 0.12539, "amount": 112.0, "side": "sell", "timestamp": 1766029774199}, {"id": "980877868", "price": 0.1254, "amount": 108.0, "side": "buy", "timestamp": 1766029774540}, {"id": "980877869", "price": 0.1254, "amount": 464.0, "side": "buy", "timestamp": 1766029775384}, {"id": "980877870", "price": 0.12539, "amount": 112.0, "side": "sell", "timestamp": 1766029777015}, {"id": "980877871", "price": 0.12539, "amount": 35931.0, "side": "sell", "timestamp": 1766029777234}, {"id": "980877872", "price": 0.12539, "amount": 50.0, "side": "buy", "timestamp": 1766029777479}, {"id": "980877873", "price": 0.12539, "amount": 16895.0, "side": "buy", "timestamp": 1766029778028}, {"id": "980877874", "price": 0.12538, "amount": 48.0, "side": "sell", "timestamp": 1766029778443}, {"id": "980877930", "price": 0.12532, "amount": 906.0, "side": "buy", "timestamp": 1766029808355}, {"id": "980877931", "price": 0.12532, "amount": 45633.0, "side": "buy", "timestamp": 1766029809106}, {"id": "980877932", "price": 0.12533, "amount": 293.0, "side": "buy", "timestamp": 1766029809109}, {"id": "980877933", "price": 0.12533, "amount": 2258.0, "side": "sell", "timestamp": 1766029809218}, {"id": "980877934", "price": 0.12534, "amount": 46857.0, "side": "buy", "timestamp": 1766029810792}, {"id": "980877935", "price": 0.12535, "amount": 70517.0, "side": "buy", "timestamp": 1766029811002}, {"id": "980877936", "price": 0.12536, "amount": 67228.0, "side": "buy", "timestamp": 1766029811031}, {"id": "980877937", "price": 0.12536, "amount": 112.0, "side": "sell", "timestamp": 1766029812194}, {"id": "980877938", "price": 0.12537, "amount": 8841.0, "side": "buy", "timestamp": 1766029814668}, {"id": "980877939", "price": 0.12537, "amount": 550.0, "side": "sell", "timestamp": 1766029814688}, {"id": "980877940", "price": 0.12537, "amount": 42.0, "side": "sell", "timestamp": 1766029814841}, {"id": "980877941", "price": 0.12537, "amount": 112.0, "side": "sell", "timestamp": 1766029815038}, {"id": "980877942", "price": 0.12537, "amount": 381.0, "side": "sell", "timestamp": 1766029815174}, {"id": "980877943", "price": 0.12537, "amount": 62.0, "side": "sell", "timestamp": 1766029815844}, {"id": "980877944", "price": 0.12538, "amount": 765.0, "side": "buy", "timestamp": 1766029816003}, {"id": "980877945", "price": 0.12538, "amount": 243.0, "side": "buy", "timestamp": 1766029816162}, {"id": "980877946", "price": 0.12537, "amount": 486.0, "side": "sell", "timestamp": 1766029816648}, {"id": "980877947", "price": 0.12537, "amount": 112.0, "side": "sell", "timestamp": 1766029818067}, {"id": "980877948", "price": 0.12538, "amount": 110.0, "side": "buy", "timestamp": 1766029818146}, {"id": "980877949", "price": 0.12537, "amount": 2068.0, "side": "sell", "timestamp": 1766029818917}, {"id": "980877950", "price": 0.12538, "amount": 6410.0, "side": "buy", "timestamp": 1766029819258}, {"id": "980877951", "price": 0.12539, "amount": 5217.0, "side": "buy", "timestamp": 1766029819634}, {"id": "980877952", "price": 0.12538, "amount": 2884.0, "side": "sell", "timestamp": 1766029819850}, {"id": "980877953", "price": 0.12539, "amount": 12027.0, "side": "buy", "timestamp": 1766029820312}, {"id": "980877954", "price": 0.1254, "amount": 145910.0, "side": "buy", "timestamp": 1766029820361}, {"id": "980877955", "price": 0.12541, "amount": 57443.0, "side": "buy", "timestamp": 1766029820366}, {"id": "980877956", "price": 0.12542, "amount": 7500.0, "side": "buy", "timestamp": 1766029820385}, {"id": "980877957", "price": 0.12541, "amount": 112.0, "side": "sell", "timestamp": 1766029821117}, {"id": "980877958", "price": 0.12542, "amount": 1523.0, "side": "buy", "timestamp": 1766029821807}, {"id": "980877959", "price": 0.12543, "amount": 44.0, "side": "buy", "timestamp": 1766029822012}, {"id": "980877960", "price": 0.12542, "amount": 44.0, "side": "sell", "timestamp": 1766029822131}, {"id": "980877961", "price": 0.12543, "amount": 95.0, "side": "buy", "timestamp": 1766029823667}, {"id": "980877962", "price": 0.12542, "amount": 59251.0, "side": "sell", "timestamp": 1766029824137}, {"id": "980877963", "price": 0.12541, "amount": 112.0, "side": "sell", "timestamp": 1766029824155}, {"id": "980877964", "price": 0.12542, "amount": 53915.0, "side": "buy", "timestamp": 1766029825044}, {"id": "980877965", "price": 0.12542, "amount": 42302.0, "side": "sell", "timestamp": 1766029825072}, {"id": "980877966", "price": 0.12542, "amount": 392.0, "side": "sell", "timestamp": 1766029826290}, {"id": "980877967", "price": 0.12543, "amount": 23973.0, "side": "buy", "timestamp": 1766029826847}, {"id": "980877968", "price": 0.12543, "amount": 112.0, "side": "sell", "timestamp": 1766029827035}, {"id": "980877969", "price": 0.12544, "amount": 6877.0, "side": "buy", "timestamp": 1766029827964}, {"id": "980877970", "price": 0.12545, "amount": 71790.0, "side": "buy", "timestamp": 1766029827964}, {"id": "980877971", "price": 0.12545, "amount": 24737.0, "side": "buy", "timestamp": 1766029828318}, {"id": "980877972", "price": 0.12544, "amount": 7708.0, "side": "sell", "timestamp": 1766029829231}, {"id": "980877973", "price": 0.12543, "amount": 1072.0, "side": "sell", "timestamp": 1766029829554}, {"id": "980877974", "price": 0.12543, "amount": 550.0, "side": "sell", "timestamp": 1766029829716}, {"id": "980877975", "price": 0.12542, "amount": 29605.0, "side": "sell", "timestamp": 1766029829821}, {"id": "980877976", "price": 0.12541, "amount": 346.0, "side": "sell", "timestamp": 1766029829977}, {"id": "980877977", "price": 0.12541, "amount": 112.0, "side": "sell", "timestamp": 1766029830176}, {"id": "980877978", "price": 0.12542, "amount": 109.0, "side": "buy", "timestamp": 1766029830747}, {"id": "980877979", "price": 0.12542, "amount": 132.0, "side": "buy", "timestamp": 1766029830916}, {"id": "980878028", "price": 0.12542, "amount": 62053.0, "side": "sell", "timestamp": 1766029855637}, {"id": "980878029", "price": 0.12543, "amount": 4842.0, "side": "buy", "timestamp": 1766029855685}, {"id": "980878030", "price": 0.12542, "amount": 1485.0, "side": "sell", "timestamp": 1766029855721}, {"id": "980878031", "price": 0.12542, "amount": 77761.0, "side": "sell", "timestamp": 1766029857150}, {"id": "980878032", "price": 0.12542, "amount": 835.0, "side": "sell", "timestamp": 1766029858209}, {"id": "980878033", "price": 0.12543, "amount": 1425.0, "side": "buy", "timestamp": 1766029859628}, {"id": "980878034", "price": 0.12542, "amount": 169.0, "side": "sell", "timestamp": 1766029860153}, {"id": "980878035", "price": 0.12543, "amount": 2128.0, "side": "buy", "timestamp": 1766029860307}, {"id": "980878036", "price": 0.12542, "amount": 716.0, "side": "sell", "timestamp": 1766029860549}, {"id": "980878037", "price": 0.12543, "amount": 2492.0, "side": "buy", "timestamp": 1766029860794}, {"id": "980878038", "price": 0.12542, "amount": 178.0, "side": "sell", "timestamp": 1766029861469}, {"id": "980878039", "price": 0.12542, "amount": 133.0, "side": "sell", "timestamp": 1766029861630}, {"id": "980878040", "price": 0.12542, "amount": 51.0, "side": "sell", "timestamp": 1766029861909}, {"id": "980878041", "price": 0.12542, "amount": 10483.0, "side": "sell", "timestamp": 1766029863195}, {"id": "980878042", "price": 0.12542, "amount": 136.0, "side": "sell", "timestamp": 1766029863385}, {"id": "980878043", "price": 0.12543, "amount": 109.0, "side": "buy", "timestamp": 1766029863455}, {"id": "980878044", "price": 0.12542, "amount": 50059.0, "side": "sell", "timestamp": 1766029863552}, {"id": "980878045", "price": 0.12542, "amount": 294.0, "side": "buy", "timestamp": 1766029864098}, {"id": "980878046", "price": 0.12541, "amount": 110.0, "side": "sell", "timestamp": 1766029864357}, {"id": "980878047", "price": 0.12542, "amount": 878.0, "side": "buy", "timestamp": 1766029864381}, {"id": "980878048", "price": 0.12541, "amount": 112.0, "side": "sell", "timestamp": 1766029866118}, {"id": "980878049", "price": 0.12541, "amount": 325.0, "side": "sell", "timestamp": 1766029866833}, {"id": "980878050", "price": 0.12541, "amount": 95092.0, "side": "sell", "timestamp": 1766029867918}, {"id": "980878051", "price": 0.12541, "amount": 270.0, "side": "buy", "timestamp": 1766029868747}, {"id": "980878052", "price": 0.1254, "amount": 112.0, "side": "sell", "timestamp": 1766029869166}, {"id": "980878053", "price": 0.1254, "amount": 4081.0, "side": "sell", "timestamp": 1766029869753}, {"id": "980878054", "price": 0.1254, "amount": 45.0, "side": "sell", "timestamp": 1766029869866}, {"id": "980878055", "price": 0.12541, "amount": 43.0, "side": "buy", "timestamp": 1766029870247}, {"id": "980878056", "price": 0.1254, "amount": 103186.0, "side": "sell", "timestamp": 1766029870725}, {"id": "980878057", "price": 0.12539, "amount": 55951.0, "side": "sell", "timestamp": 1766029870821}, {"id": "980878058", "price": 0.12538, "amount": 10026.0, "side": "sell", "timestamp": 1766029870879}, {"id": "980878059", "price": 0.12538, "amount": 103.0, "side": "buy", "timestamp": 1766029871645}, {"id": "980878060", "price": 0.12537, "amount": 2068.0, "side": "sell", "timestamp": 1766029872376}, {"id": "980878061", "price": 0.12538, "amount": 266.0, "side": "buy", "timestamp": 1766029873061}, {"id": "980878062", "price": 0.12537, "amount": 307.0, "side": "sell", "timestamp": 1766029873601}, {"id": "980878063", "price": 0.12538, "amount": 16406.0, "side": "buy", "timestamp": 1766029874074}, {"id": "980878064", "price": 0.12538, "amount": 3796.0, "side": "sell", "timestamp": 1766029874315}, {"id": "980878065", "price": 0.12538, "amount": 45.0, "side": "sell", "timestamp": 1766029874869}, {"id": "980878066", "price": 0.12538, "amount": 403.0, "side": "sell", "timestamp": 1766029875534}, {"id": "980878067", "price": 0.12538, "amount": 1955.0, "side": "sell", "timestamp": 1766029877209}, {"id": "980878068", "price": 0.12538, "amount": 2356.0, "side": "sell", "timestamp": 1766029877999}, {"id": "980878069", "price": 0.12538, "amount": 1316.0, "side": "sell", "timestamp": 1766029878230}, {"id": "980878070", "price": 0.12539, "amount": 108.0, "side": "buy", "timestamp": 1766029878578}, {"id": "980878071", "price": 0.12538, "amount": 886.0, "side": "sell", "timestamp": 1766029879340}, {"id": "980878072", "price": 0.12538, "amount": 346.0, "side": "sell", "timestamp": 1766029881138}, {"id": "980878073", "price": 0.12538, "amount": 460.0, "side": "sell", "timestamp": 1766029882950}, {"id": "980878074", "price": 0.12539, "amount": 73136.0, "side": "buy", "timestamp": 1766029882953}, {"id": "980878075", "price": 0.12539, "amount": 112.0, "side": "sell", "timestamp": 1766029883112}, {"id": "980878076", "price": 0.1254, "amount": 8515.0, "side": "buy", "timestamp": 1766029883331}, {"id": "980878077", "price": 0.1254, "amount": 265.0, "side": "sell", "timestamp": 1766029883549}, {"id": "980878111", "price": 0.1254, "amount": 911.0, "side": "sell", "timestamp": 1766029900176}, {"id": "980878112", "price": 0.1254, "amount": 87.0, "side": "sell", "timestamp": 1766029900848}, {"id": "980878113", "price": 0.1254, "amount": 112.0, "side": "sell", "timestamp": 1766029901022}, {"id": "980878114", "price": 0.12541, "amount": 500.0, "side": "buy", "timestamp": 1766029901182}, {"id": "980878115", "price": 0.1254, "amount": 2195.0, "side": "sell", "timestamp": 1766029901462}, {"id": "980878116", "price": 0.12541, "amount": 194.0, "side": "buy", "timestamp": 1766029901724}, {"id": "980878117", "price": 0.1254, "amount": 47.0, "side": "sell", "timestamp": 1766029903643}, {"id": "980878118", "price": 0.1254, "amount": 2468.0, "side": "sell", "timestamp": 1766029904064}, {"id": "980878119", "price": 0.1254, "amount": 46.0, "side": "sell", "timestamp": 1766029904431}, {"id": "980878120", "price": 0.1254, "amount": 43.0, "side": "sell", "timestamp": 1766029904983}, {"id": "980878121", "price": 0.1254, "amount": 1380.0, "side": "sell", "timestamp": 1766029905795}, {"id": "980878122", "price": 0.12541, "amount": 123523.0, "side": "buy", "timestamp": 1766029907027}, {"id": "980878123", "price": 0.12541, "amount": 482.0, "side": "sell", "timestamp": 1766029907158}, {"id": "980878124", "price": 0.12541, "amount": 136.0, "side": "sell", "timestamp": 1766029907845}, {"id": "980878125", "price": 0.12541, "amount": 79093.0, "side": "sell", "timestamp": 1766029908402}, {"id": "980878126", "price": 0.12541, "amount": 210.0, "side": "sell", "timestamp": 1766029909071}, {"id": "980878127", "price": 0.12541, "amount": 21024.0, "side": "sell", "timestamp": 1766029909844}, {"id": "980878128", "price": 0.12541, "amount": 109.0, "side": "buy", "timestamp": 1766029909932}, {"id": "980878129", "price": 0.1254, "amount": 112.0, "side": "sell", "timestamp": 1766029910019}, {"id": "980878130", "price": 0.1254, "amount": 4099.0, "side": "sell", "timestamp": 1766029911905}, {"id": "980878131", "price": 0.1254, "amount": 62.0, "side": "sell", "timestamp": 1766029912432}, {"id": "980878132", "price": 0.1254, "amount": 2249.0, "side": "sell", "timestamp": 1766029912928}, {"id": "980878133", "price": 0.1254, "amount": 112.0, "side": "sell", "timestamp": 1766029913107}, {"id": "980878134", "price": 0.1254, "amount": 8989.0, "side": "sell", "timestamp": 1766029916120}, {"id": "980878135", "price": 0.1254, "amount": 57.0, "side": "sell", "timestamp": 1766029916371}, {"id": "980878136", "price": 0.1254, "amount": 29172.0, "side": "sell", "timestamp": 1766029916482}, {"id": "980878137", "price": 0.12539, "amount": 1439.0, "side": "sell", "timestamp": 1766029917340}, {"id": "980878138", "price": 0.1254, "amount": 8637.0, "side": "buy", "timestamp": 1766029918027}, {"id": "980878139", "price": 0.12539, "amount": 486.0, "side": "sell", "timestamp": 1766029918485}, {"id": "980878140", "price": 0.1254, "amount": 20313.0, "side": "buy", "timestamp": 1766029918839}, {"id": "980878141", "price": 0.12539, "amount": 19750.0, "side": "sell", "timestamp": 1766029919986}, {"id": "980878142", "price": 0.12539, "amount": 269.0, "side": "sell", "timestamp": 1766029920102}, {"id": "980878143", "price": 0.1254, "amount": 422.0, "side": "buy", "timestamp": 1766029920261}, {"id": "980878144", "price": 0.12539, "amount": 6191.0, "side": "sell", "timestamp": 1766029920976}, {"id": "980878145", "price": 0.12539, "amount": 109.0, "side": "buy", "timestamp": 1766029922055}, {"id": "980878146", "price": 0.12538, "amount": 42.0, "side": "sell", "timestamp": 1766029922263}, {"id": "980878147", "price": 0.12538, "amount": 203.0, "side": "sell", "timestamp": 1766029922591}, {"id": "980878148", "price": 0.12538, "amount": 136.0, "side": "sell", "timestamp": 1766029922764}, {"id": "980878149", "price": 0.12538, "amount": 178.0, "side": "sell", "timestamp": 1766029923235}, {"id": "980878150", "price": 0.12538, "amount": 2068.0, "side": "sell", "timestamp": 1766029924098}, {"id": "980878151", "price": 0.12538, "amount": 116.0, "side": "sell", "timestamp": 1766029924325}, {"id": "980878152", "price": 0.12539, "amount": 51601.0, "side": "buy", "timestamp": 1766029924363}, {"id": "980878153", "price": 0.12539, "amount": 5954.0, "side": "buy", "timestamp": 1766029925874}, {"id": "980878154", "price": 0.12538, "amount": 105.0, "side": "sell", "timestamp": 1766029926228}, {"id": "980878155", "price": 0.12539, "amount": 356.0, "side": "buy", "timestamp": 1766029928283}, {"id": "980878156", "price": 0.12539, "amount": 55250.0, "side": "buy", "timestamp": 1766029928932}, {"id": "980878157", "price": 0.12539, "amount": 77649.0, "side": "sell", "timestamp": 1766029928936}, {"id": "980878158", "price": 0.1254, "amount": 96.0, "side": "buy", "timestamp": 1766029931670}, {"id": "980878159", "price": 0.12539, "amount": 1870.0, "side": "sell", "timestamp": 1766029933673}, {"id": "980878160", "price": 0.12539, "amount": 1767.0, "side": "sell", "timestamp": 1766029935615}, {"id": "980878177", "price": 0.12539, "amount": 3780.0, "side": "sell", "timestamp": 1766029951828}, {"id": "980878178", "price": 0.12539, "amount": 46.0, "side": "sell", "timestamp": 1766029952573}, {"id": "980878179", "price": 0.12539, "amount": 136.0, "side": "sell", "timestamp": 1766029952706}, {"id": "980878180", "price": 0.1254, "amount": 110411.0, "side": "buy", "timestamp": 1766029953029}, {"id": "980878181", "price": 0.1254, "amount": 112.0, "side": "sell", "timestamp": 1766029953116}, {"id": "980878182", "price": 0.1254, "amount": 34978.0, "side": "sell", "timestamp": 1766029953864}, {"id": "980878183", "price": 0.12539, "amount": 2709.0, "side": "sell", "timestamp": 1766029954171}, {"id": "980878184", "price": 0.1254, "amount": 109.0, "side": "buy", "timestamp": 1766029954451}, {"id": "980878185", "price": 0.12539, "amount": 5504.0, "side": "sell", "timestamp": 1766029954514}, {"id": "980878186", "price": 0.12539, "amount": 2355.0, "side": "sell", "timestamp": 1766029955668}, {"id": "980878187", "price": 0.1254, "amount": 2753.0, "side": "buy", "timestamp": 1766029955892}, {"id": "980878188", "price": 0.12539, "amount": 107074.0, "side": "sell", "timestamp": 1766029956304}, {"id": "980878189", "price": 0.12538, "amount": 28508.0, "side": "sell", "timestamp": 1766029956406}, {"id": "980878190", "price": 0.12537, "amount": 20248.0, "side": "sell", "timestamp": 1766029956408}, {"id": "980878191", "price": 0.12537, "amount": 636.0, "side": "sell", "timestamp": 1766029957381}, {"id": "980878192", "price": 0.12537, "amount": 846.0, "side": "sell", "timestamp": 1766029957922}, {"id": "980878193", "price": 0.12537, "amount": 1403.0, "side": "sell", "timestamp": 1766029958033}, {"id": "980878194", "price": 0.12537, "amount": 196.0, "side": "sell", "timestamp": 1766029962925}, {"id": "980878195", "price": 0.12537, "amount": 1389.0, "side": "sell", "timestamp": 1766029963384}, {"id": "980878196", "price": 0.12538, "amount": 83.0, "side": "buy", "timestamp": 1766029963995}, {"id": "980878197", "price": 0.12537, "amount": 47.0, "side": "sell", "timestamp": 1766029964249}, {"id": "980878198", "price": 0.12537, "amount": 263.0, "side": "sell", "timestamp": 1766029965634}, {"id": "980878199", "price": 0.12538, "amount": 110.0, "side": "buy", "timestamp": 1766029966611}, {"id": "980878200", "price": 0.12538, "amount": 94.0, "side": "buy", "timestamp": 1766029967669}, {"id": "980878201", "price": 0.12537, "amount": 136.0, "side": "sell", "timestamp": 1766029968978}, {"id": "980878202", "price": 0.12537, "amount": 343.0, "side": "sell", "timestamp": 1766029970585}, {"id": "980878203", "price": 0.12537, "amount": 54.0, "side": "sell", "timestamp": 1766029972423}, {"id": "980878204", "price": 0.12537, "amount": 1000.0, "side": "sell", "timestamp": 1766029972697}, {"id": "980878205", "price": 0.12538, "amount": 45289.0, "side": "buy", "timestamp": 1766029973889}, {"id": "980878206", "price": 0.12537, "amount": 2155.0, "side": "sell", "timestamp": 1766029974050}, {"id": "980878207", "price": 0.12537, "amount": 389.0, "side": "sell", "timestamp": 1766029976018}, {"id": "980878208", "price": 0.12537, "amount": 2068.0, "side": "sell", "timestamp": 1766029976277}, {"id": "980878209", "price": 0.12538, "amount": 39370.0, "side": "buy", "timestamp": 1766029978255}, {"id": "980878210", "price": 0.12537, "amount": 1870.0, "side": "sell", "timestamp": 1766029979808}, {"id": "980878211", "price": 0.12537, "amount": 76.0, "side": "sell", "timestamp": 1766029979932}, {"id": "980878212", "price": 0.12537, "amount": 22457.0, "side": "sell", "timestamp": 1766029980184}, {"id": "980878213", "price": 0.12536, "amount": 45912.0, "side": "sell", "timestamp": 1766029980196}, {"id": "980878214", "price": 0.12535, "amount": 3739.0, "side": "sell", "timestamp": 1766029980540}, {"id": "980878215", "price": 0.12536, "amount": 125.0, "side": "buy", "timestamp": 1766029980606}, {"id": "980878216", "price": 0.12535, "amount": 44.0, "side": "sell", "timestamp": 1766029981227}, {"id": "980878217", "price": 0.12535, "amount": 2356.0, "side": "sell", "timestamp": 1766029981789}, {"id": "980878218", "price": 0.12535, "amount": 1603.0, "side": "sell", "timestamp": 1766029982495}, {"id": "980878219", "price": 0.12535, "amount": 9780.0, "side": "sell", "timestamp": 1766029984207}, {"id": "980878220", "price": 0.12534, "amount": 604.0, "side": "sell", "timestamp": 1766029984303}, {"id": "980878221", "price": 0.12534, "amount": 363.0, "side": "sell", "timestamp": 1766029984643}, {"id": "980878222", "price": 0.12535, "amount": 109.0, "side": "buy", "timestamp": 1766029984690}, {"id": "980878223", "price": 0.12534, "amount": 170.0, "side": "sell", "timestamp": 1766029985240}, {"id": "980878224", "price": 0.12534, "amount": 115.0, "side": "sell", "timestamp": 1766029985817}, {"id": "980878225", "price": 0.12534, "amount": 76.0, "side": "sell", "timestamp": 1766029987424}, {"id": "980878226", "price": 0.12534, "amount": 190.0, "side": "sell", "timestamp": 1766029987688}]