[{"symbol": "DOGEUSDT", "bids": [[0.13097, 115865.0], [0.13096, 120081.0], [0.13095, 297034.0], [0.13094, 352361.0], [0.13093, 663751.0], [0.13092, 528365.0], [0.13091, 965693.0], [0.1309, 852409.0], [0.13089, 850858.0], [0.13088, 627407.0], [0.13087, 1375565.0], [0.13086, 388381.0], [0.13085, 934564.0], [0.13084, 728068.0], [0.13083, 932362.0], [0.13082, 433711.0], [0.13081, 690061.0], [0.1308, 820051.0], [0.13079, 1247190.0], [0.13078, 1844546.0]], "asks": [[0.13098, 223296.0], [0.13099, 208375.0], [0.131, 435793.0], [0.13101, 609805.0], [0.13102, 673201.0], [0.13103, 722999.0], [0.13104, 1260932.0], [0.13105, 795194.0], [0.13106, 1629584.0], [0.13107, 788131.0], [0.13108, 534298.0], [0.13109, 697956.0], [0.1311, 316350.0], [0.13111, 593668.0], [0.13112, 554345.0], [0.13113, 838501.0], [0.13114, 1157207.0], [0.13115, 590168.0], [0.13116, 395946.0], [0.13117, 494457.0]], "timestamp": "2025-12-17T06:06:00.517487+00:00"}, {"symbol": "DOGEUSDT", "bids": [[0.13093, 124623.0], [0.13092, 189896.0], [0.13091, 421399.0], [0.1309, 590813.0], [0.13089, 1040302.0], [0.13088, 688555.0], [0.13087, 820878.0], [0.13086, 656609.0], [0.13085, 724125.0], [0.13084, 572904.0], [0.13083, 1481702.0], [0.13082, 422088.0], [0.13081, 670903.0], [0.1308, 800910.0], [0.13079, 543727.0], [0.13078, 704469.0], [0.13077, 823680.0], [0.13076, 633342.0], [0.13075, 776926.0], [0.13074, 704640.0]], "asks": [[0.13094, 131394.0], [0.13095, 237911.0], [0.13096, 304008.0], [0.13097, 488591.0], [0.13098, 623110.0], [0.13099, 748682.0], [0.131, 943683.0], [0.13101, 987750.0], [0.13102, 1388129.0], [0.13103, 636615.0], [0.13104, 597495.0], [0.13105, 562146.0], [0.13106, 387674.0], [0.13107, 493287.0], [0.13108, 607656.0], [0.13109, 1002428.0], [0.1311, 392083.0], [0.13111, 1150937.0], [0.13112, 741675.0], [0.13113, 1039400.0]], "timestamp": "2025-12-17T06:06:54.127715+00:00"}, {"symbol": "DOGEUSDT", "bids": [[0.13093, 463712.0], [0.13092, 305577.0], [0.13091, 374319.0], [0.1309, 700522.0], [0.13089, 943355.0], [0.13088, 683003.0], [0.13087, 787052.0], [0.13086, 514821.0], [0.13085, 917394.0], [0.13084, 1594038.0], [0.13083, 707274.0], [0.13082, 530995.0], [0.13081, 693552.0], [0.1308, 894603.0], [0.13079, 724195.0], [0.13078, 668481.0], [0.13077, 797210.0], [0.13076, 1144446.0], [0.13075, 593206.0], [0.13074, 575037.0]], "asks": [[0.13094, 15716.0], [0.13095, 209131.0], [0.13096, 458664.0], [0.13097, 373473.0], [0.13098, 628874.0], [0.13099, 1074635.0], [0.131, 691917.0], [0.13101, 853760.0], [0.13102, 484708.0], [0.13103, 1455286.0], [0.13104, 614857.0], [0.13105, 571068.0], [0.13106, 381053.0], [0.13107, 472920.0], [0.13108, 612026.0], [0.13109, 931769.0], [0.1311, 370920.0], [0.13111, 1066266.0], [0.13112, 570412.0], [0.13113, 1093176.0]], "timestamp": "2025-12-17T06:07:46.034655+00:00"}, {"symbol": "DOGEUSDT", "bids": [[0.13093, 147580.0], [0.13092, 277892.0], [0.13091, 529382.0], [0.1309, 563024.0], [0.13089, 746541.0], [0.13088, 646289.0], [0.13087, 881097.0], [0.13086, 563762.0], [0.13085, 754246.0], [0.13084, 620822.0], [0.13083, 1645656.0], [0.13082, 538350.0], [0.13081, 836062.0], [0.1308, 767526.0], [0.13079, 385449.0], [0.13078, 775791.0], [0.13077, 544259.0], [0.13076, 1295070.0], [0.13075, 868291.0], [0.13074, 468453.0]], "asks": [[0.13094, 90977.0], [0.13095, 224089.0], [0.13096, 216825.0], [0.13097, 533785.0], [0.13098, 608347.0], [0.13099, 714028.0], [0.131, 966765.0], [0.13101, 922095.0], [0.13102, 1360898.0], [0.13103, 637525.0], [0.13104, 523350.0], [0.13105, 768814.0], [0.13106, 391077.0], [0.13107, 501192.0], [0.13108, 535746.0], [0.13109, 854056.0], [0.1311, 359930.0], [0.13111, 542893.0], [0.13112, 917770.0], [0.13113, 1627178.0]], "timestamp": "2025-12-17T06:08:38.090453+00:00"}, {"symbol": "DOGEUSDT", "bids": [[0.13095, 133633.0], [0.13094, 269170.0], [0.13093, 539809.0], [0.13092, 627999.0], [0.13091, 1075007.0], [0.1309, 956068.0], [0.13089, 763038.0], [0.13088, 613952.0], [0.13087, 640547.0], [0.13086, 1437872.0], [0.13085, 925968.0], [0.13084, 407446.0], [0.13083, 616569.0], [0.13082, 730558.0], [0.13081, 754813.0], [0.1308, 795566.0], [0.13079, 672403.0], [0.13078, 757729.0], [0.13077, 847101.0], [0.13076, 1044483.0]], "asks": [[0.13096, 151260.0], [0.13097, 262974.0], [0.13098, 176016.0], [0.13099, 480638.0], [0.131, 870242.0], [0.13101, 940060.0], [0.13102, 449387.0], [0.13103, 670189.0], [0.13104, 607342.0], [0.13105, 1378240.0], [0.13106, 380696.0], [0.13107, 672834.0], [0.13108, 607905.0], [0.13109, 568160.0], [0.1311, 456810.0], [0.13111, 639667.0], [0.13112, 609574.0], [0.13113, 1283437.0], [0.13114, 754830.0], [0.13115, 730395.0]], "timestamp": "2025-12-17T06:09:29.800192+00:00"}, {"symbol": "DOGEUSDT", "bids": [[0.13117, 12525.0], [0.13116, 107536.0], [0.13115, 521240.0], [0.13114, 537450.0], [0.13113, 1047961.0], [0.13112, 742486.0], [0.13111, 1002512.0], [0.1311, 724250.0], [0.13109, 471145.0], [0.13108, 758137.0], [0.13107, 1297553.0], [0.13106, 520025.0], [0.13105, 509706.0], [0.13104, 725987.0], [0.13103, 790060.0], [0.13102, 682416.0], [0.13101, 444842.0], [0.131, 789768.0], [0.13099, 997545.0], [0.13098, 969159.0]], "asks": [[0.13118, 270052.0], [0.13119, 207039.0], [0.1312, 177949.0], [0.13121, 513400.0], [0.13122, 390482.0], [0.13123, 683317.0], [0.13124, 680771.0], [0.13125, 1696027.0], [0.13126, 540683.0], [0.13127, 563740.0], [0.13128, 629970.0], [0.13129, 643267.0], [0.1313, 500201.0], [0.13131, 542588.0], [0.13132, 1023507.0], [0.13133, 436196.0], [0.13134, 1227911.0], [0.13135, 683763.0], [0.13136, 501023.0], [0.13137, 842813.0]], "timestamp": "2025-12-17T06:10:21.433738+00:00"}, {"symbol": "DOGEUSDT", "bids": [[0.1311, 124821.0], [0.13109, 262594.0], [0.13108, 347583.0], [0.13107, 493398.0], [0.13106, 1503334.0], [0.13105, 688350.0], [0.13104, 710531.0], [0.13103, 604774.0], [0.13102, 877913.0], [0.13101, 1393222.0], [0.131, 782339.0], [0.13099, 725651.0], [0.13098, 775944.0], [0.13097, 606839.0], [0.13096, 676749.0], [0.13095, 1128524.0], [0.13094, 450555.0], [0.13093, 616635.0], [0.13092, 848313.0], [0.13091, 1572157.0]], "asks": [[0.13111, 235721.0], [0.13112, 300066.0], [0.13113, 183593.0], [0.13114, 256737.0], [0.13115, 755113.0], [0.13116, 575287.0], [0.13117, 866963.0], [0.13118, 707095.0], [0.13119, 1467555.0], [0.1312, 924629.0], [0.13121, 492785.0], [0.13122, 534204.0], [0.13123, 562594.0], [0.13124, 1054401.0], [0.13125, 1664526.0], [0.13126, 621764.0], [0.13127, 500233.0], [0.13128, 532325.0], [0.13129, 607996.0], [0.1313, 349305.0]], "timestamp": "2025-12-17T06:11:13.526423+00:00"}, {"symbol": "DOGEUSDT", "bids": [[0.13117, 126645.0], [0.13116, 154341.0], [0.13115, 452041.0], [0.13114, 652459.0], [0.13113, 1097750.0], [0.13112, 1034955.0], [0.13111, 922629.0], [0.1311, 590035.0], [0.13109, 561707.0], [0.13108, 850089.0], [0.13107, 1483803.0], [0.13106, 592737.0], [0.13105, 609964.0], [0.13104, 593820.0], [0.13103, 753608.0], [0.13102, 696974.0], [0.13101, 744005.0], [0.131, 1138692.0], [0.13099, 1526372.0], [0.13098, 804199.0]], "asks": [[0.13118, 223679.0], [0.13119, 231307.0], [0.1312, 299989.0], [0.13121, 510141.0], [0.13122, 312686.0], [0.13123, 750051.0], [0.13124, 836454.0], [0.13125, 1149638.0], [0.13126, 1201214.0], [0.13127, 737557.0], [0.13128, 472337.0], [0.13129, 455381.0], [0.1313, 499428.0], [0.13131, 665051.0], [0.13132, 826114.0], [0.13133, 590841.0], [0.13134, 568699.0], [0.13135, 1469240.0], [0.13136, 413848.0], [0.13137, 588154.0]], "timestamp": "2025-12-17T06:12:05.079905+00:00"}, {"symbol": "DOGEUSDT", "bids": [[0.13114, 166391.0], [0.13113, 249562.0], [0.13112, 244792.0], [0.13111, 640672.0], [0.1311, 1192213.0], [0.13109, 541764.0], [0.13108, 1006441.0], [0.13107, 480712.0], [0.13106, 570309.0], [0.13105, 840623.0], [0.13104, 993057.0], [0.13103, 1612407.0], [0.13102, 625228.0], [0.13101, 504303.0], [0.131, 1059216.0], [0.13099, 597885.0], [0.13098, 982762.0], [0.13097, 402935.0], [0.13096, 458003.0], [0.13095, 1013725.0]], "asks": [[0.13115, 139646.0], [0.13116, 151065.0], [0.13117, 213309.0], [0.13118, 381074.0], [0.13119, 743167.0], [0.1312, 770628.0], [0.13121, 1230881.0], [0.13122, 372344.0], [0.13123, 759300.0], [0.13124, 1491740.0], [0.13125, 898822.0], [0.13126, 361618.0], [0.13127, 870739.0], [0.13128, 700382.0], [0.13129, 560173.0], [0.1313, 665674.0], [0.13131, 541304.0], [0.13132, 972720.0], [0.13133, 679689.0], [0.13134, 1327096.0]], "timestamp": "2025-12-17T06:12:56.447074+00:00"}, {"symbol": "DOGEUSDT", "bids": [[0.1311, 220544.0], [0.13109, 254609.0], [0.13108, 455028.0], [0.13107, 504992.0], [0.13106, 1451599.0], [0.13105, 681400.0], [0.13104, 741225.0], [0.13103, 487450.0], [0.13102, 523383.0], [0.13101, 637045.0], [0.131, 1926729.0], [0.13099, 689572.0], [0.13098, 826364.0], [0.13097, 314932.0], [0.13096, 632393.0], [0.13095, 917737.0], [0.13094, 715985.0], [0.13093, 650258.0], [0.13092, 1379980.0], [0.13091, 862940.0]], "asks": [[0.13111, 131973.0], [0.13112, 186860.0], [0.13113, 292265.0], [0.13114, 397260.0], [0.13115, 923584.0], [0.13116, 719894.0], [0.13117, 754103.0], [0.13118, 585916.0], [0.13119, 1774931.0], [0.1312, 534368.0], [0.13121, 476430.0], [0.13122, 420588.0], [0.13123, 1003142.0], [0.13124, 686820.0], [0.13125, 1131939.0], [0.13126, 275975.0], [0.13127, 739079.0], [0.13128, 1041849.0], [0.13129, 696195.0], [0.1313, 1288993.0]], "timestamp": "2025-12-17T06:13:48.028595+00:00"}, {"symbol": "DOGEUSDT", "bids": [[0.13113, 263859.0], [0.13112, 245083.0], [0.13111, 427527.0], [0.1311, 835075.0], [0.13109, 1134612.0], [0.13108, 823506.0], [0.13107, 547479.0], [0.13106, 701909.0], [0.13105, 475043.0], [0.13104, 679626.0], [0.13103, 1435280.0], [0.13102, 612218.0], [0.13101, 502658.0], [0.131, 818194.0], [0.13099, 722769.0], [0.13098, 905332.0], [0.13097, 545648.0], [0.13096, 618983.0], [0.13095, 910490.0], [0.13094, 593679.0]], "asks": [[0.13114, 87505.0], [0.13115, 137764.0], [0.13116, 338016.0], [0.13117, 441586.0], [0.13118, 422854.0], [0.13119, 946290.0], [0.1312, 766491.0], [0.13121, 732659.0], [0.13122, 1306565.0], [0.13123, 680163.0], [0.13124, 530041.0], [0.13125, 995947.0], [0.13126, 301181.0], [0.13127, 787663.0], [0.13128, 505473.0], [0.13129, 886470.0], [0.1313, 837593.0], [0.13131, 748118.0], [0.13132, 1632047.0], [0.13133, 765865.0]], "timestamp": "2025-12-17T06:14:39.377730+00:00"}, {"symbol": "DOGEUSDT", "bids": [[0.13112, 314118.0], [0.13111, 440961.0], [0.1311, 588749.0], [0.13109, 524814.0], [0.13108, 1116984.0], [0.13107, 828132.0], [0.13106, 603078.0], [0.13105, 547635.0], [0.13104, 603590.0], [0.13103, 526194.0], [0.13102, 1727441.0], [0.13101, 492906.0], [0.131, 916567.0], [0.13099, 627364.0], [0.13098, 905976.0], [0.13097, 449753.0], [0.13096, 504937.0], [0.13095, 860406.0], [0.13094, 699260.0], [0.13093, 1302562.0]], "asks": [[0.13113, 14079.0], [0.13114, 143662.0], [0.13115, 293321.0], [0.13116, 399421.0], [0.13117, 764246.0], [0.13118, 633598.0], [0.13119, 1040847.0], [0.1312, 900421.0], [0.13121, 1629588.0], [0.13122, 527683.0], [0.13123, 667220.0], [0.13124, 797242.0], [0.13125, 814387.0], [0.13126, 270804.0], [0.13127, 688470.0], [0.13128, 555758.0], [0.13129, 822142.0], [0.1313, 907280.0], [0.13131, 780806.0], [0.13132, 1709816.0]], "timestamp": "2025-12-17T06:15:31.809794+00:00"}, {"symbol": "DOGEUSDT", "bids": [[0.13108, 540.0], [0.13107, 53916.0], [0.13106, 168610.0], [0.13105, 414579.0], [0.13104, 1136456.0], [0.13103, 666773.0], [0.13102, 700681.0], [0.13101, 718727.0], [0.131, 946426.0], [0.13099, 566462.0], [0.13098, 1722954.0], [0.13097, 248823.0], [0.13096, 781634.0], [0.13095, 1840438.0], [0.13094, 579966.0], [0.13093, 542898.0], [0.13092, 1298193.0], [0.13091, 1059561.0], [0.1309, 861228.0], [0.13089, 412937.0]], "asks": [[0.13109, 188078.0], [0.1311, 373658.0], [0.13111, 624624.0], [0.13112, 546433.0], [0.13113, 979093.0], [0.13114, 1093962.0], [0.13115, 853610.0], [0.13116, 837683.0], [0.13117, 1697808.0], [0.13118, 545849.0], [0.13119, 646537.0], [0.1312, 621961.0], [0.13121, 556514.0], [0.13122, 252317.0], [0.13123, 722546.0], [0.13124, 663460.0], [0.13125, 744375.0], [0.13126, 781349.0], [0.13127, 615423.0], [0.13128, 599692.0]], "timestamp": "2025-12-17T06:16:23.632347+00:00"}, {"symbol": "DOGEUSDT", "bids": [[0.13108, 491857.0], [0.13107, 549621.0], [0.13106, 331069.0], [0.13105, 518490.0], [0.13104, 580175.0], [0.13103, 1328921.0], [0.13102, 798362.0], [0.13101, 751836.0], [0.131, 871067.0], [0.13099, 832318.0], [0.13098, 1001684.0], [0.13097, 1735424.0], [0.13096, 847000.0], [0.13095, 686834.0], [0.13094, 566292.0], [0.13093, 506360.0], [0.13092, 695795.0], [0.13091, 942777.0], [0.1309, 1072635.0], [0.13089, 482126.0]], "asks": [[0.13109, 79843.0], [0.1311, 310016.0], [0.13111, 327874.0], [0.13112, 549941.0], [0.13113, 903474.0], [0.13114, 842491.0], [0.13115, 660111.0], [0.13116, 514581.0], [0.13117, 1629979.0], [0.13118, 567123.0], [0.13119, 715795.0], [0.1312, 1746802.0], [0.13121, 503350.0], [0.13122, 668957.0], [0.13123, 745757.0], [0.13124, 791706.0], [0.13125, 1411985.0], [0.13126, 1105177.0], [0.13127, 614017.0], [0.13128, 685697.0]], "timestamp": "2025-12-17T06:17:15.050939+00:00"}, {"symbol": "DOGEUSDT", "bids": [[0.13104, 231604.0], [0.13103, 367484.0], [0.13102, 507121.0], [0.13101, 652717.0], [0.131, 809888.0], [0.13099, 685131.0], [0.13098, 897154.0], [0.13097, 869892.0], [0.13096, 472237.0], [0.13095, 763291.0], [0.13094, 1571926.0], [0.13093, 517033.0], [0.13092, 707776.0], [0.13091, 676137.0], [0.1309, 736004.0], [0.13089, 476485.0], [0.13088, 839546.0], [0.13087, 815725.0], [0.13086, 940979.0], [0.13085, 834169.0]], "asks": [[0.13105, 98870.0], [0.13106, 161349.0], [0.13107, 397495.0], [0.13108, 490556.0], [0.13109, 748272.0], [0.1311, 1222480.0], [0.13111, 753149.0], [0.13112, 671794.0], [0.13113, 1425131.0], [0.13114, 384476.0], [0.13115, 505023.0], [0.13116, 476569.0], [0.13117, 741123.0], [0.13118, 593953.0], [0.13119, 840267.0], [0.1312, 1728884.0], [0.13121, 624048.0], [0.13122, 932178.0], [0.13123, 633510.0], [0.13124, 885676.0]], "timestamp": "2025-12-17T06:18:06.457699+00:00"}, {"symbol": "DOGEUSDT", "bids": [[0.13103, 10302.0], [0.13102, 160069.0], [0.13101, 249310.0], [0.131, 345602.0], [0.13099, 965350.0], [0.13098, 880744.0], [0.13097, 875838.0], [0.13096, 503942.0], [0.13095, 653532.0], [0.13094, 654320.0], [0.13093, 1695079.0], [0.13092, 631066.0], [0.13091, 550602.0], [0.1309, 742896.0], [0.13089, 444972.0], [0.13088, 767567.0], [0.13087, 870928.0], [0.13086, 1026425.0], [0.13085, 1405793.0], [0.13084, 1665114.0]], "asks": [[0.13104, 316958.0], [0.13105, 161169.0], [0.13106, 298776.0], [0.13107, 592493.0], [0.13108, 1046791.0], [0.13109, 679887.0], [0.1311, 896871.0], [0.13111, 765241.0], [0.13112, 1441578.0], [0.13113, 553273.0], [0.13114, 425829.0], [0.13115, 479589.0], [0.13116, 453674.0], [0.13117, 684031.0], [0.13118, 845655.0], [0.13119, 840709.0], [0.1312, 1707257.0], [0.13121, 621094.0], [0.13122, 924570.0], [0.13123, 721064.0]], "timestamp": "2025-12-17T06:18:57.866154+00:00"}, {"symbol": "DOGEUSDT", "bids": [[0.13107, 163493.0], [0.13106, 306793.0], [0.13105, 561419.0], [0.13104, 664323.0], [0.13103, 1850124.0], [0.13102, 850297.0], [0.13101, 1017199.0], [0.131, 735483.0], [0.13099, 743663.0], [0.13098, 894991.0], [0.13097, 1796885.0], [0.13096, 400949.0], [0.13095, 502043.0], [0.13094, 589870.0], [0.13093, 715794.0], [0.13092, 574831.0], [0.13091, 753346.0], [0.1309, 778152.0], [0.13089, 551300.0], [0.13088, 1513757.0]], "asks": [[0.13108, 94222.0], [0.13109, 141657.0], [0.1311, 206095.0], [0.13111, 254562.0], [0.13112, 564032.0], [0.13113, 669325.0], [0.13114, 572244.0], [0.13115, 833432.0], [0.13116, 733177.0], [0.13117, 1483195.0], [0.13118, 281556.0], [0.13119, 716721.0], [0.1312, 2012772.0], [0.13121, 579455.0], [0.13122, 550211.0], [0.13123, 800223.0], [0.13124, 727754.0], [0.13125, 1140631.0], [0.13126, 859969.0], [0.13127, 1326696.0]], "timestamp": "2025-12-17T06:19:49.442088+00:00"}, {"symbol": "DOGEUSDT", "bids": [[0.13112, 130316.0], [0.13111, 259087.0], [0.1311, 475078.0], [0.13109, 759406.0], [0.13108, 916338.0], [0.13107, 830295.0], [0.13106, 781945.0], [0.13105, 774973.0], [0.13104, 941450.0], [0.13103, 1244021.0], [0.13102, 1826578.0], [0.13101, 547082.0], [0.131, 616552.0], [0.13099, 937111.0], [0.13098, 880466.0], [0.13097, 658255.0], [0.13096, 533364.0], [0.13095, 706194.0], [0.13094, 917848.0], [0.13093, 1596207.0]], "asks": [[0.13113, 135309.0], [0.13114, 193511.0], [0.13115, 180944.0], [0.13116, 315209.0], [0.13117, 727877.0], [0.13118, 423728.0], [0.13119, 1037036.0], [0.1312, 1917409.0], [0.13121, 670113.0], [0.13122, 1237973.0], [0.13123, 757949.0], [0.13124, 604382.0], [0.13125, 865980.0], [0.13126, 635309.0], [0.13127, 766027.0], [0.13128, 643250.0], [0.13129, 1106058.0], [0.1313, 719858.0], [0.13131, 1299204.0], [0.13132, 1260288.0]], "timestamp": "2025-12-17T06:20:40.875992+00:00"}, {"symbol": "DOGEUSDT", "bids": [[0.131, 96106.0], [0.13099, 222186.0], [0.13098, 456857.0], [0.13097, 521223.0], [0.13096, 756427.0], [0.13095, 862704.0], [0.13094, 696669.0], [0.13093, 757824.0], [0.13092, 863416.0], [0.13091, 1614924.0], [0.1309, 828554.0], [0.13089, 506158.0], [0.13088, 670610.0], [0.13087, 491066.0], [0.13086, 809721.0], [0.13085, 738383.0], [0.13084, 796150.0], [0.13083, 1124803.0], [0.13082, 1659550.0], [0.13081, 2079606.0]], "asks": [[0.13101, 149804.0], [0.13102, 253908.0], [0.13103, 442222.0], [0.13104, 422253.0], [0.13105, 845163.0], [0.13106, 775374.0], [0.13107, 884142.0], [0.13108, 710779.0], [0.13109, 659956.0], [0.1311, 1522205.0], [0.13111, 668954.0], [0.13112, 645317.0], [0.13113, 662550.0], [0.13114, 268868.0], [0.13115, 581490.0], [0.13116, 575717.0], [0.13117, 801653.0], [0.13118, 453579.0], [0.13119, 734731.0], [0.1312, 672016.0]], "timestamp": "2025-12-17T06:21:32.288444+00:00"}, {"symbol": "DOGEUSDT", "bids": [[0.13097, 143935.0], [0.13096, 195882.0], [0.13095, 324155.0], [0.13094, 717827.0], [0.13093, 1027963.0], [0.13092, 1125326.0], [0.13091, 726941.0], [0.1309, 1086999.0], [0.13089, 591415.0], [0.13088, 1021322.0], [0.13087, 1458892.0], [0.13086, 759268.0], [0.13085, 839916.0], [0.13084, 689822.0], [0.13083, 993955.0], [0.13082, 2151014.0], [0.13081, 1000697.0], [0.1308, 1012038.0], [0.13079, 790105.0], [0.13078, 1117527.0]], "asks": [[0.13098, 148741.0], [0.13099, 441182.0], [0.131, 1078850.0], [0.13101, 257684.0], [0.13102, 458277.0], [0.13103, 1004528.0], [0.13104, 775496.0], [0.13105, 830016.0], [0.13106, 681028.0], [0.13107, 1768549.0], [0.13108, 523767.0], [0.13109, 538726.0], [0.1311, 440165.0], [0.13111, 610987.0], [0.13112, 638571.0], [0.13113, 585374.0], [0.13114, 314959.0], [0.13115, 971720.0], [0.13116, 608972.0], [0.13117, 908133.0]], "timestamp": "2025-12-17T06:22:23.648014+00:00"}, {"symbol": "DOGEUSDT", "bids": [[0.13102, 244912.0], [0.13101, 305088.0], [0.131, 338348.0], [0.13099, 625932.0], [0.13098, 603078.0], [0.13097, 963512.0], [0.13096, 544529.0], [0.13095, 710533.0], [0.13094, 332464.0], [0.13093, 794463.0], [0.13092, 1626855.0], [0.13091, 441568.0], [0.1309, 774422.0], [0.13089, 433461.0], [0.13088, 495001.0], [0.13087, 454371.0], [0.13086, 644419.0], [0.13085, 818066.0], [0.13084, 830068.0], [0.13083, 891551.0]], "asks": [[0.13103, 123115.0], [0.13104, 204967.0], [0.13105, 343751.0], [0.13106, 473846.0], [0.13107, 1010027.0], [0.13108, 710932.0], [0.13109, 647816.0], [0.1311, 483828.0], [0.13111, 1213992.0], [0.13112, 505725.0], [0.13113, 493619.0], [0.13114, 658370.0], [0.13115, 744983.0], [0.13116, 456632.0], [0.13117, 882662.0], [0.13118, 1260705.0], [0.13119, 751533.0], [0.1312, 1064235.0], [0.13121, 543161.0], [0.13122, 318544.0]], "timestamp": "2025-12-17T06:23:14.949872+00:00"}, {"symbol": "DOGEUSDT", "bids": [[0.13111, 30291.0], [0.1311, 24746.0], [0.13109, 297118.0], [0.13108, 476212.0], [0.13107, 909648.0], [0.13106, 1194348.0], [0.13105, 777051.0], [0.13104, 711967.0], [0.13103, 715359.0], [0.13102, 617143.0], [0.13101, 640023.0], [0.131, 1366541.0], [0.13099, 486699.0], [0.13098, 532986.0], [0.13097, 783663.0], [0.13096, 788201.0], [0.13095, 887370.0], [0.13094, 853048.0], [0.13093, 838677.0], [0.13092, 852101.0]], "asks": [[0.13112, 353275.0], [0.13113, 204599.0], [0.13114, 280341.0], [0.13115, 478867.0], [0.13116, 437111.0], [0.13117, 778911.0], [0.13118, 751541.0], [0.13119, 1624858.0], [0.1312, 583340.0], [0.13121, 317758.0], [0.13122, 377169.0], [0.13123, 786517.0], [0.13124, 378398.0], [0.13125, 778234.0], [0.13126, 697889.0], [0.13127, 614332.0], [0.13128, 642029.0], [0.13129, 563025.0], [0.1313, 1499305.0], [0.13131, 1520095.0]], "timestamp": "2025-12-17T06:24:06.486358+00:00"}, {"symbol": "DOGEUSDT", "bids": [[0.13115, 40711.0], [0.13114, 236889.0], [0.13113, 523213.0], [0.13112, 578221.0], [0.13111, 978382.0], [0.1311, 800310.0], [0.13109, 887716.0], [0.13108, 582872.0], [0.13107, 529824.0], [0.13106, 596890.0], [0.13105, 1580006.0], [0.13104, 540468.0], [0.13103, 574280.0], [0.13102, 509333.0], [0.13101, 660791.0], [0.131, 598398.0], [0.13099, 808501.0], [0.13098, 753899.0], [0.13097, 1016110.0], [0.13096, 744885.0]], "asks": [[0.13116, 256338.0], [0.13117, 257611.0], [0.13118, 381141.0], [0.13119, 575050.0], [0.1312, 736698.0], [0.13121, 510142.0], [0.13122, 760016.0], [0.13123, 1831124.0], [0.13124, 470652.0], [0.13125, 770723.0], [0.13126, 399259.0], [0.13127, 477798.0], [0.13128, 687128.0], [0.13129, 327788.0], [0.1313, 976742.0], [0.13131, 452700.0], [0.13132, 1033827.0], [0.13133, 603618.0], [0.13134, 655406.0], [0.13135, 591201.0]], "timestamp": "2025-12-17T06:24:58.378653+00:00"}, {"symbol": "DOGEUSDT", "bids": [[0.13115, 99000.0], [0.13114, 216757.0], [0.13113, 416815.0], [0.13112, 414238.0], [0.13111, 830664.0], [0.1311, 710098.0], [0.13109, 846370.0], [0.13108, 1098409.0], [0.13107, 693847.0], [0.13106, 606217.0], [0.13105, 1614459.0], [0.13104, 374881.0], [0.13103, 808555.0], [0.13102, 430426.0], [0.13101, 684875.0], [0.131, 540874.0], [0.13099, 681819.0], [0.13098, 855555.0], [0.13097, 1787682.0], [0.13096, 725825.0]], "asks": [[0.13116, 184296.0], [0.13117, 247528.0], [0.13118, 245363.0], [0.13119, 505059.0], [0.1312, 572753.0], [0.13121, 697372.0], [0.13122, 656208.0], [0.13123, 1575498.0], [0.13124, 398788.0], [0.13125, 761222.0], [0.13126, 431059.0], [0.13127, 477798.0], [0.13128, 685664.0], [0.13129, 327789.0], [0.1313, 710151.0], [0.13131, 476898.0], [0.13132, 1033820.0], [0.13133, 587220.0], [0.13134, 728432.0], [0.13135, 1201596.0]], "timestamp": "2025-12-17T06:25:49.682643+00:00"}, {"symbol": "DOGEUSDT", "bids": [[0.13107, 15764.0], [0.13106, 109881.0], [0.13105, 277900.0], [0.13104, 413351.0], [0.13103, 889722.0], [0.13102, 566103.0], [0.13101, 854561.0], [0.131, 742501.0], [0.13099, 829516.0], [0.13098, 881756.0], [0.13097, 1316342.0], [0.13096, 562057.0], [0.13095, 992002.0], [0.13094, 405825.0], [0.13093, 818406.0], [0.13092, 1126119.0], [0.13091, 2344458.0], [0.1309, 368421.0], [0.13089, 504347.0], [0.13088, 755094.0]], "asks": [[0.13108, 346646.0], [0.13109, 218572.0], [0.1311, 346876.0], [0.13111, 534897.0], [0.13112, 625840.0], [0.13113, 878644.0], [0.13114, 815934.0], [0.13115, 902056.0], [0.13116, 617145.0], [0.13117, 1785251.0], [0.13118, 428278.0], [0.13119, 756092.0], [0.1312, 417598.0], [0.13121, 536016.0], [0.13122, 241584.0], [0.13123, 853959.0], [0.13124, 918918.0], [0.13125, 710526.0], [0.13126, 495336.0], [0.13127, 464032.0]], "timestamp": "2025-12-17T06:26:41.347417+00:00"}, {"symbol": "DOGEUSDT", "bids": [[0.13111, 187850.0], [0.1311, 193576.0], [0.13109, 450305.0], [0.13108, 418824.0], [0.13107, 689602.0], [0.13106, 858978.0], [0.13105, 638939.0], [0.13104, 518730.0], [0.13103, 674481.0], [0.13102, 1382136.0], [0.13101, 569740.0], [0.131, 535882.0], [0.13099, 781187.0], [0.13098, 710889.0], [0.13097, 801128.0], [0.13096, 615710.0], [0.13095, 847365.0], [0.13094, 492045.0], [0.13093, 821101.0], [0.13092, 925646.0]], "asks": [[0.13112, 122586.0], [0.13113, 152889.0], [0.13114, 305138.0], [0.13115, 379404.0], [0.13116, 413264.0], [0.13117, 605929.0], [0.13118, 787554.0], [0.13119, 1046397.0], [0.1312, 1298355.0], [0.13121, 468614.0], [0.13122, 391770.0], [0.13123, 973731.0], [0.13124, 717747.0], [0.13125, 705987.0], [0.13126, 466985.0], [0.13127, 470489.0], [0.13128, 1246791.0], [0.13129, 742711.0], [0.1313, 1053628.0], [0.13131, 815158.0]], "timestamp": "2025-12-17T06:27:32.666755+00:00"}, {"symbol": "DOGEUSDT", "bids": [[0.13114, 462344.0], [0.13113, 361361.0], [0.13112, 693750.0], [0.13111, 848300.0], [0.1311, 873592.0], [0.13109, 776697.0], [0.13108, 790989.0], [0.13107, 692173.0], [0.13106, 702054.0], [0.13105, 903124.0], [0.13104, 1493743.0], [0.13103, 516447.0], [0.13102, 730780.0], [0.13101, 519196.0], [0.131, 561758.0], [0.13099, 852788.0], [0.13098, 576711.0], [0.13097, 593014.0], [0.13096, 1632317.0], [0.13095, 670056.0]], "asks": [[0.13115, 111589.0], [0.13116, 88232.0], [0.13117, 221714.0], [0.13118, 293406.0], [0.13119, 867464.0], [0.1312, 582472.0], [0.13121, 662277.0], [0.13122, 563578.0], [0.13123, 1587042.0], [0.13124, 661452.0], [0.13125, 743073.0], [0.13126, 487234.0], [0.13127, 461277.0], [0.13128, 687530.0], [0.13129, 655668.0], [0.1313, 1183394.0], [0.13131, 937768.0], [0.13132, 1680615.0], [0.13133, 641690.0], [0.13134, 980702.0]], "timestamp": "2025-12-17T06:28:24.033752+00:00"}, {"symbol": "DOGEUSDT", "bids": [[0.13113, 38021.0], [0.13112, 239038.0], [0.13111, 461391.0], [0.1311, 616934.0], [0.13109, 1207357.0], [0.13108, 806673.0], [0.13107, 778764.0], [0.13106, 751761.0], [0.13105, 787826.0], [0.13104, 803509.0], [0.13103, 1612972.0], [0.13102, 676025.0], [0.13101, 889296.0], [0.131, 745142.0], [0.13099, 861020.0], [0.13098, 601391.0], [0.13097, 892398.0], [0.13096, 1482389.0], [0.13095, 1451713.0], [0.13094, 732545.0]], "asks": [[0.13114, 263856.0], [0.13115, 224362.0], [0.13116, 278382.0], [0.13117, 446085.0], [0.13118, 405801.0], [0.13119, 802329.0], [0.1312, 592319.0], [0.13121, 816656.0], [0.13122, 1249320.0], [0.13123, 712234.0], [0.13124, 592711.0], [0.13125, 725098.0], [0.13126, 423991.0], [0.13127, 306941.0], [0.13128, 579044.0], [0.13129, 336029.0], [0.1313, 1454595.0], [0.13131, 746789.0], [0.13132, 794825.0], [0.13133, 598379.0]], "timestamp": "2025-12-17T06:29:15.728979+00:00"}, {"symbol": "DOGEUSDT", "bids": [[0.13108, 176481.0], [0.13107, 265408.0], [0.13106, 322748.0], [0.13105, 550585.0], [0.13104, 930524.0], [0.13103, 575861.0], [0.13102, 798775.0], [0.13101, 806630.0], [0.131, 835445.0], [0.13099, 1084533.0], [0.13098, 1778952.0], [0.13097, 917101.0], [0.13096, 611458.0], [0.13095, 622770.0], [0.13094, 347208.0], [0.13093, 731018.0], [0.13092, 1084619.0], [0.13091, 468414.0], [0.1309, 1359312.0], [0.13089, 798524.0]], "asks": [[0.13109, 87589.0], [0.1311, 192555.0], [0.13111, 468510.0], [0.13112, 582017.0], [0.13113, 1149779.0], [0.13114, 673500.0], [0.13115, 984130.0], [0.13116, 544376.0], [0.13117, 1473993.0], [0.13118, 407387.0], [0.13119, 596788.0], [0.1312, 513411.0], [0.13121, 606176.0], [0.13122, 426511.0], [0.13123, 602820.0], [0.13124, 505378.0], [0.13125, 1176534.0], [0.13126, 1689512.0], [0.13127, 333468.0], [0.13128, 689052.0]], "timestamp": "2025-12-17T06:30:07.094083+00:00"}, {"symbol": "DOGEUSDT", "bids": [[0.13106, 77146.0], [0.13105, 177984.0], [0.13104, 328530.0], [0.13103, 500678.0], [0.13102, 748663.0], [0.13101, 938595.0], [0.131, 760315.0], [0.13099, 1029942.0], [0.13098, 857856.0], [0.13097, 1036314.0], [0.13096, 1670305.0], [0.13095, 597674.0], [0.13094, 628860.0], [0.13093, 673684.0], [0.13092, 876911.0], [0.13091, 790752.0], [0.1309, 750385.0], [0.13089, 776902.0], [0.13088, 1466825.0], [0.13087, 1502967.0]], "asks": [[0.13107, 283107.0], [0.13108, 133349.0], [0.13109, 239976.0], [0.1311, 481430.0], [0.13111, 856569.0], [0.13112, 617297.0], [0.13113, 872869.0], [0.13114, 610323.0], [0.13115, 1522940.0], [0.13116, 388076.0], [0.13117, 526236.0], [0.13118, 439817.0], [0.13119, 680535.0], [0.1312, 390086.0], [0.13121, 589816.0], [0.13122, 439436.0], [0.13123, 719304.0], [0.13124, 662907.0], [0.13125, 1550182.0], [0.13126, 540575.0]], "timestamp": "2025-12-17T06:30:58.867603+00:00"}, {"symbol": "DOGEUSDT", "bids": [[0.13111, 158942.0], [0.1311, 335423.0], [0.13109, 507689.0], [0.13108, 1165552.0], [0.13107, 999065.0], [0.13106, 1080341.0], [0.13105, 459294.0], [0.13104, 676670.0], [0.13103, 651942.0], [0.13102, 642286.0], [0.13101, 1409915.0], [0.131, 605065.0], [0.13099, 622268.0], [0.13098, 615761.0], [0.13097, 901004.0], [0.13096, 639961.0], [0.13095, 697485.0], [0.13094, 673462.0], [0.13093, 1187834.0], [0.13092, 989011.0]], "asks": [[0.13112, 225863.0], [0.13113, 345143.0], [0.13114, 478230.0], [0.13115, 382151.0], [0.13116, 556718.0], [0.13117, 764479.0], [0.13118, 523055.0], [0.13119, 869834.0], [0.1312, 1249450.0], [0.13121, 523964.0], [0.13122, 351539.0], [0.13123, 830045.0], [0.13124, 477253.0], [0.13125, 792726.0], [0.13126, 292565.0], [0.13127, 455470.0], [0.13128, 692332.0], [0.13129, 547377.0], [0.1313, 1287386.0], [0.13131, 451925.0]], "timestamp": "2025-12-17T06:31:50.200014+00:00"}, {"symbol": "DOGEUSDT", "bids": [[0.13113, 4174.0], [0.13112, 123928.0], [0.13111, 330418.0], [0.1311, 708746.0], [0.13109, 459060.0], [0.13108, 685943.0], [0.13107, 667154.0], [0.13106, 580971.0], [0.13105, 445850.0], [0.13104, 813382.0], [0.13103, 1647693.0], [0.13102, 670255.0], [0.13101, 391676.0], [0.131, 674575.0], [0.13099, 725720.0], [0.13098, 749017.0], [0.13097, 1039334.0], [0.13096, 1400292.0], [0.13095, 576513.0], [0.13094, 630223.0]], "asks": [[0.13114, 461600.0], [0.13115, 284990.0], [0.13116, 219658.0], [0.13117, 318654.0], [0.13118, 537000.0], [0.13119, 907210.0], [0.1312, 556342.0], [0.13121, 696064.0], [0.13122, 1095074.0], [0.13123, 682035.0], [0.13124, 395755.0], [0.13125, 903618.0], [0.13126, 360114.0], [0.13127, 467408.0], [0.13128, 647947.0], [0.13129, 495148.0], [0.1313, 984925.0], [0.13131, 492908.0], [0.13132, 1019823.0], [0.13133, 1230762.0]], "timestamp": "2025-12-17T06:32:41.451778+00:00"}, {"symbol": "DOGEUSDT", "bids": [[0.13114, 485334.0], [0.13113, 246670.0], [0.13112, 373426.0], [0.13111, 592298.0], [0.1311, 775058.0], [0.13109, 617251.0], [0.13108, 932813.0], [0.13107, 604744.0], [0.13106, 547598.0], [0.13105, 522918.0], [0.13104, 1635751.0], [0.13103, 482420.0], [0.13102, 732983.0], [0.13101, 352484.0], [0.131, 888942.0], [0.13099, 688370.0], [0.13098, 770890.0], [0.13097, 1038143.0], [0.13096, 514398.0], [0.13095, 606522.0]], "asks": [[0.13115, 61003.0], [0.13116, 198442.0], [0.13117, 341232.0], [0.13118, 436747.0], [0.13119, 795917.0], [0.1312, 682594.0], [0.13121, 446929.0], [0.13122, 529136.0], [0.13123, 1618408.0], [0.13124, 380169.0], [0.13125, 826275.0], [0.13126, 375184.0], [0.13127, 424526.0], [0.13128, 683012.0], [0.13129, 634706.0], [0.1313, 991110.0], [0.13131, 498518.0], [0.13132, 1126743.0], [0.13133, 1851072.0], [0.13134, 797610.0]], "timestamp": "2025-12-17T06:33:32.751480+00:00"}, {"symbol": "DOGEUSDT", "bids": [[0.13111, 190489.0], [0.1311, 283801.0], [0.13109, 306681.0], [0.13108, 712056.0], [0.13107, 684067.0], [0.13106, 937337.0], [0.13105, 658192.0], [0.13104, 699832.0], [0.13103, 579861.0], [0.13102, 881901.0], [0.13101, 1370016.0], [0.131, 504289.0], [0.13099, 684113.0], [0.13098, 785939.0], [0.13097, 726252.0], [0.13096, 703094.0], [0.13095, 700380.0], [0.13094, 480763.0], [0.13093, 1529171.0], [0.13092, 1766298.0]], "asks": [[0.13112, 82644.0], [0.13113, 274933.0], [0.13114, 452531.0], [0.13115, 721417.0], [0.13116, 532301.0], [0.13117, 843851.0], [0.13118, 562721.0], [0.13119, 1578367.0], [0.1312, 425401.0], [0.13121, 687708.0], [0.13122, 449535.0], [0.13123, 692732.0], [0.13124, 435387.0], [0.13125, 830988.0], [0.13126, 522801.0], [0.13127, 475291.0], [0.13128, 599395.0], [0.13129, 621460.0], [0.1313, 1029146.0], [0.13131, 525440.0]], "timestamp": "2025-12-17T06:34:24.295752+00:00"}, {"symbol": "DOGEUSDT", "bids": [[0.13108, 229068.0], [0.13107, 226162.0], [0.13106, 485777.0], [0.13105, 369866.0], [0.13104, 922525.0], [0.13103, 660094.0], [0.13102, 683170.0], [0.13101, 491889.0], [0.131, 769278.0], [0.13099, 1521457.0], [0.13098, 710747.0], [0.13097, 565437.0], [0.13096, 695821.0], [0.13095, 758720.0], [0.13094, 584427.0], [0.13093, 1298560.0], [0.13092, 1807538.0], [0.13091, 680411.0], [0.1309, 876081.0], [0.13089, 475963.0]], "asks": [[0.13109, 95806.0], [0.1311, 250222.0], [0.13111, 309442.0], [0.13112, 449549.0], [0.13113, 1005655.0], [0.13114, 822781.0], [0.13115, 693915.0], [0.13116, 579234.0], [0.13117, 1498022.0], [0.13118, 440091.0], [0.13119, 694026.0], [0.1312, 606220.0], [0.13121, 647487.0], [0.13122, 294468.0], [0.13123, 678938.0], [0.13124, 366308.0], [0.13125, 922908.0], [0.13126, 536366.0], [0.13127, 636696.0], [0.13128, 1400531.0]], "timestamp": "2025-12-17T06:35:16.984420+00:00"}, {"symbol": "DOGEUSDT", "bids": [[0.13106, 258574.0], [0.13105, 255549.0], [0.13104, 338393.0], [0.13103, 499541.0], [0.13102, 784959.0], [0.13101, 781409.0], [0.131, 773187.0], [0.13099, 736109.0], [0.13098, 638588.0], [0.13097, 655708.0], [0.13096, 1420073.0], [0.13095, 777321.0], [0.13094, 490631.0], [0.13093, 555857.0], [0.13092, 1082191.0], [0.13091, 700956.0], [0.1309, 684184.0], [0.13089, 577538.0], [0.13088, 1328632.0], [0.13087, 1589143.0]], "asks": [[0.13107, 87804.0], [0.13108, 164856.0], [0.13109, 263073.0], [0.1311, 581771.0], [0.13111, 1062679.0], [0.13112, 552845.0], [0.13113, 910013.0], [0.13114, 550024.0], [0.13115, 1507649.0], [0.13116, 437969.0], [0.13117, 641325.0], [0.13118, 471060.0], [0.13119, 554656.0], [0.1312, 551165.0], [0.13121, 756750.0], [0.13122, 727557.0], [0.13123, 742563.0], [0.13124, 493621.0], [0.13125, 1270129.0], [0.13126, 583488.0]], "timestamp": "2025-12-17T06:36:08.465035+00:00"}, {"symbol": "DOGEUSDT", "bids": [[0.13108, 152030.0], [0.13107, 191310.0], [0.13106, 404484.0], [0.13105, 457670.0], [0.13104, 737989.0], [0.13103, 628076.0], [0.13102, 790458.0], [0.13101, 599748.0], [0.131, 693496.0], [0.13099, 1410331.0], [0.13098, 765334.0], [0.13097, 454343.0], [0.13096, 640333.0], [0.13095, 890468.0], [0.13094, 591814.0], [0.13093, 1383217.0], [0.13092, 879822.0], [0.13091, 695381.0], [0.1309, 1694051.0], [0.13089, 598388.0]], "asks": [[0.13109, 122542.0], [0.1311, 258260.0], [0.13111, 529273.0], [0.13112, 611699.0], [0.13113, 772804.0], [0.13114, 524975.0], [0.13115, 634470.0], [0.13116, 550149.0], [0.13117, 1628766.0], [0.13118, 364290.0], [0.13119, 640911.0], [0.1312, 447195.0], [0.13121, 715972.0], [0.13122, 381472.0], [0.13123, 762849.0], [0.13124, 388507.0], [0.13125, 838041.0], [0.13126, 566406.0], [0.13127, 488944.0], [0.13128, 958554.0]], "timestamp": "2025-12-17T06:36:59.752165+00:00"}, {"symbol": "DOGEUSDT", "bids": [[0.13109, 380595.0], [0.13108, 222601.0], [0.13107, 470575.0], [0.13106, 660006.0], [0.13105, 768961.0], [0.13104, 717973.0], [0.13103, 662593.0], [0.13102, 1096749.0], [0.13101, 601990.0], [0.131, 832220.0], [0.13099, 1433211.0], [0.13098, 879535.0], [0.13097, 385790.0], [0.13096, 724373.0], [0.13095, 423599.0], [0.13094, 471528.0], [0.13093, 753443.0], [0.13092, 510804.0], [0.13091, 546877.0], [0.1309, 636368.0]], "asks": [[0.1311, 181101.0], [0.13111, 144714.0], [0.13112, 396751.0], [0.13113, 445467.0], [0.13114, 775946.0], [0.13115, 822002.0], [0.13116, 651117.0], [0.13117, 779087.0], [0.13118, 1337775.0], [0.13119, 741927.0], [0.1312, 541703.0], [0.13121, 480904.0], [0.13122, 370489.0], [0.13123, 964172.0], [0.13124, 380877.0], [0.13125, 826659.0], [0.13126, 665066.0], [0.13127, 475161.0], [0.13128, 1063926.0], [0.13129, 1131794.0]], "timestamp": "2025-12-17T06:37:51.483250+00:00"}, {"symbol": "DOGEUSDT", "bids": [[0.13114, 134251.0], [0.13113, 76583.0], [0.13112, 213785.0], [0.13111, 405378.0], [0.1311, 1039545.0], [0.13109, 620559.0], [0.13108, 892597.0], [0.13107, 534501.0], [0.13106, 815866.0], [0.13105, 628569.0], [0.13104, 1486460.0], [0.13103, 405269.0], [0.13102, 741619.0], [0.13101, 478338.0], [0.131, 1063843.0], [0.13099, 763010.0], [0.13098, 848980.0], [0.13097, 751568.0], [0.13096, 1646865.0], [0.13095, 349630.0]], "asks": [[0.13115, 510512.0], [0.13116, 382777.0], [0.13117, 467345.0], [0.13118, 483412.0], [0.13119, 759056.0], [0.1312, 636724.0], [0.13121, 626766.0], [0.13122, 622763.0], [0.13123, 1701965.0], [0.13124, 408713.0], [0.13125, 894127.0], [0.13126, 265719.0], [0.13127, 583741.0], [0.13128, 712707.0], [0.13129, 645342.0], [0.1313, 950571.0], [0.13131, 567576.0], [0.13132, 1196527.0], [0.13133, 1240674.0], [0.13134, 961523.0]], "timestamp": "2025-12-17T06:38:42.814312+00:00"}, {"symbol": "DOGEUSDT", "bids": [[0.13101, 166908.0], [0.131, 149937.0], [0.13099, 311763.0], [0.13098, 646952.0], [0.13097, 736075.0], [0.13096, 780860.0], [0.13095, 1125401.0], [0.13094, 822183.0], [0.13093, 835343.0], [0.13092, 920539.0], [0.13091, 1519878.0], [0.1309, 809169.0], [0.13089, 582637.0], [0.13088, 792293.0], [0.13087, 819787.0], [0.13086, 893346.0], [0.13085, 1533568.0], [0.13084, 632664.0], [0.13083, 862646.0], [0.13082, 715015.0]], "asks": [[0.13102, 179672.0], [0.13103, 233701.0], [0.13104, 634807.0], [0.13105, 785193.0], [0.13106, 973774.0], [0.13107, 905385.0], [0.13108, 740857.0], [0.13109, 708427.0], [0.1311, 1542609.0], [0.13111, 585692.0], [0.13112, 521869.0], [0.13113, 433487.0], [0.13114, 579130.0], [0.13115, 750789.0], [0.13116, 354551.0], [0.13117, 615403.0], [0.13118, 491173.0], [0.13119, 620643.0], [0.1312, 729536.0], [0.13121, 522916.0]], "timestamp": "2025-12-17T06:39:34.365229+00:00"}, {"symbol": "DOGEUSDT", "bids": [[0.13108, 220379.0], [0.13107, 347322.0], [0.13106, 584377.0], [0.13105, 856484.0], [0.13104, 842198.0], [0.13103, 881872.0], [0.13102, 1021324.0], [0.13101, 678971.0], [0.131, 1082579.0], [0.13099, 1976037.0], [0.13098, 825794.0], [0.13097, 463765.0], [0.13096, 846590.0], [0.13095, 537642.0], [0.13094, 531411.0], [0.13093, 515103.0], [0.13092, 767467.0], [0.13091, 370582.0], [0.1309, 720566.0], [0.13089, 661735.0]], "asks": [[0.13109, 158955.0], [0.1311, 48128.0], [0.13111, 200948.0], [0.13112, 318881.0], [0.13113, 417616.0], [0.13114, 712989.0], [0.13115, 466838.0], [0.13116, 509719.0], [0.13117, 735564.0], [0.13118, 1377351.0], [0.13119, 825221.0], [0.1312, 518137.0], [0.13121, 638521.0], [0.13122, 629513.0], [0.13123, 1048066.0], [0.13124, 414316.0], [0.13125, 1643758.0], [0.13126, 797605.0], [0.13127, 658407.0], [0.13128, 727958.0]], "timestamp": "2025-12-17T06:40:26.229389+00:00"}, {"symbol": "DOGEUSDT", "bids": [[0.13093, 96597.0], [0.13092, 89421.0], [0.13091, 162674.0], [0.1309, 605021.0], [0.13089, 932943.0], [0.13088, 774539.0], [0.13087, 754572.0], [0.13086, 1068268.0], [0.13085, 1156194.0], [0.13084, 1685832.0], [0.13083, 481204.0], [0.13082, 779462.0], [0.13081, 788819.0], [0.1308, 871742.0], [0.13079, 864505.0], [0.13078, 1279818.0], [0.13077, 532395.0], [0.13076, 658551.0], [0.13075, 1288913.0], [0.13074, 853397.0]], "asks": [[0.13094, 477779.0], [0.13095, 317048.0], [0.13096, 495110.0], [0.13097, 479095.0], [0.13098, 1174393.0], [0.13099, 1102513.0], [0.131, 1181470.0], [0.13101, 564032.0], [0.13102, 689453.0], [0.13103, 1106626.0], [0.13104, 1830551.0], [0.13105, 266676.0], [0.13106, 449815.0], [0.13107, 668885.0], [0.13108, 541176.0], [0.13109, 333204.0], [0.1311, 597218.0], [0.13111, 634217.0], [0.13112, 678379.0], [0.13113, 358478.0]], "timestamp": "2025-12-17T06:41:17.523071+00:00"}, {"symbol": "DOGEUSDT", "bids": [[0.13092, 484109.0], [0.13091, 399763.0], [0.1309, 293646.0], [0.13089, 226294.0], [0.13088, 713013.0], [0.13087, 622931.0], [0.13086, 812877.0], [0.13085, 980423.0], [0.13084, 672053.0], [0.13083, 677865.0], [0.13082, 1566214.0], [0.13081, 731791.0], [0.1308, 707413.0], [0.13079, 512431.0], [0.13078, 624786.0], [0.13077, 555084.0], [0.13076, 898993.0], [0.13075, 1062675.0], [0.13074, 683260.0], [0.13073, 848639.0]], "asks": [[0.13093, 43471.0], [0.13094, 302628.0], [0.13095, 477867.0], [0.13096, 584273.0], [0.13097, 1299600.0], [0.13098, 1157519.0], [0.13099, 672197.0], [0.131, 856475.0], [0.13101, 495900.0], [0.13102, 1896278.0], [0.13103, 533995.0], [0.13104, 593749.0], [0.13105, 452489.0], [0.13106, 607800.0], [0.13107, 700109.0], [0.13108, 719901.0], [0.13109, 375930.0], [0.1311, 614677.0], [0.13111, 1101261.0], [0.13112, 731330.0]], "timestamp": "2025-12-17T06:42:09.424725+00:00"}, {"symbol": "DOGEUSDT", "bids": [[0.13083, 60301.0], [0.13082, 149801.0], [0.13081, 376001.0], [0.1308, 202820.0], [0.13079, 576908.0], [0.13078, 756620.0], [0.13077, 780180.0], [0.13076, 876393.0], [0.13075, 1065699.0], [0.13074, 664918.0], [0.13073, 812781.0], [0.13072, 1471331.0], [0.13071, 747737.0], [0.1307, 1191595.0], [0.13069, 560720.0], [0.13068, 459366.0], [0.13067, 629617.0], [0.13066, 741179.0], [0.13065, 921892.0], [0.13064, 822027.0]], "asks": [[0.13084, 208415.0], [0.13085, 369970.0], [0.13086, 604870.0], [0.13087, 572634.0], [0.13088, 1334449.0], [0.13089, 1077572.0], [0.1309, 827266.0], [0.13091, 778609.0], [0.13092, 1655811.0], [0.13093, 482640.0], [0.13094, 530024.0], [0.13095, 730388.0], [0.13096, 796272.0], [0.13097, 265110.0], [0.13098, 534107.0], [0.13099, 1064493.0], [0.131, 744012.0], [0.13101, 227967.0], [0.13102, 653765.0], [0.13103, 1093257.0]], "timestamp": "2025-12-17T06:43:00.851520+00:00"}, {"symbol": "DOGEUSDT", "bids": [[0.13092, 99826.0], [0.13091, 185073.0], [0.1309, 369719.0], [0.13089, 549901.0], [0.13088, 803923.0], [0.13087, 917029.0], [0.13086, 928485.0], [0.13085, 552946.0], [0.13084, 608601.0], [0.13083, 657937.0], [0.13082, 872412.0], [0.13081, 1621927.0], [0.1308, 519722.0], [0.13079, 444620.0], [0.13078, 605307.0], [0.13077, 791415.0], [0.13076, 736860.0], [0.13075, 1018658.0], [0.13074, 992723.0], [0.13073, 726160.0]], "asks": [[0.13093, 236194.0], [0.13094, 228553.0], [0.13095, 401957.0], [0.13096, 603456.0], [0.13097, 744589.0], [0.13098, 587555.0], [0.13099, 669008.0], [0.131, 1503072.0], [0.13101, 339975.0], [0.13102, 662810.0], [0.13103, 591627.0], [0.13104, 462943.0], [0.13105, 362460.0], [0.13106, 564879.0], [0.13107, 1137847.0], [0.13108, 502194.0], [0.13109, 609665.0], [0.1311, 1353656.0], [0.13111, 902367.0], [0.13112, 791496.0]], "timestamp": "2025-12-17T06:43:52.434181+00:00"}, {"symbol": "DOGEUSDT", "bids": [[0.13086, 197866.0], [0.13085, 120469.0], [0.13084, 303082.0], [0.13083, 601309.0], [0.13082, 772883.0], [0.13081, 888795.0], [0.1308, 1006582.0], [0.13079, 485968.0], [0.13078, 820168.0], [0.13077, 948901.0], [0.13076, 1406899.0], [0.13075, 679499.0], [0.13074, 631150.0], [0.13073, 694603.0], [0.13072, 651890.0], [0.13071, 611487.0], [0.1307, 698177.0], [0.13069, 1418480.0], [0.13068, 684392.0], [0.13067, 1046331.0]], "asks": [[0.13087, 35444.0], [0.13088, 302511.0], [0.13089, 473647.0], [0.1309, 789807.0], [0.13091, 933214.0], [0.13092, 752134.0], [0.13093, 667392.0], [0.13094, 840811.0], [0.13095, 1547360.0], [0.13096, 460930.0], [0.13097, 452511.0], [0.13098, 665208.0], [0.13099, 514105.0], [0.131, 526357.0], [0.13101, 291898.0], [0.13102, 583405.0], [0.13103, 975792.0], [0.13104, 492823.0], [0.13105, 382922.0], [0.13106, 1209556.0]], "timestamp": "2025-12-17T06:44:44.078468+00:00"}, {"symbol": "DOGEUSDT", "bids": [[0.13083, 74761.0], [0.13082, 134842.0], [0.13081, 350196.0], [0.1308, 392885.0], [0.13079, 639600.0], [0.13078, 1141322.0], [0.13077, 911578.0], [0.13076, 744079.0], [0.13075, 718203.0], [0.13074, 712740.0], [0.13073, 495985.0], [0.13072, 1483898.0], [0.13071, 541334.0], [0.1307, 784368.0], [0.13069, 884907.0], [0.13068, 446425.0], [0.13067, 720803.0], [0.13066, 757674.0], [0.13065, 1708551.0], [0.13064, 521076.0]], "asks": [[0.13084, 279731.0], [0.13085, 310261.0], [0.13086, 379696.0], [0.13087, 495472.0], [0.13088, 630276.0], [0.13089, 643371.0], [0.1309, 767018.0], [0.13091, 1345755.0], [0.13092, 681153.0], [0.13093, 395439.0], [0.13094, 571116.0], [0.13095, 593336.0], [0.13096, 711339.0], [0.13097, 362429.0], [0.13098, 497551.0], [0.13099, 900974.0], [0.131, 483542.0], [0.13101, 270011.0], [0.13102, 558298.0], [0.13103, 1081797.0]], "timestamp": "2025-12-17T06:45:35.668502+00:00"}, {"symbol": "DOGEUSDT", "bids": [[0.13083, 212672.0], [0.13082, 207654.0], [0.13081, 410377.0], [0.1308, 522634.0], [0.13079, 572868.0], [0.13078, 653291.0], [0.13077, 1217240.0], [0.13076, 683225.0], [0.13075, 734429.0], [0.13074, 779754.0], [0.13073, 1520571.0], [0.13072, 459666.0], [0.13071, 521166.0], [0.1307, 517026.0], [0.13069, 641948.0], [0.13068, 313633.0], [0.13067, 632014.0], [0.13066, 576348.0], [0.13065, 1109814.0], [0.13064, 745865.0]], "asks": [[0.13084, 40597.0], [0.13085, 335831.0], [0.13086, 429272.0], [0.13087, 383637.0], [0.13088, 847232.0], [0.13089, 560570.0], [0.1309, 609338.0], [0.13091, 646416.0], [0.13092, 512785.0], [0.13093, 339511.0], [0.13094, 761670.0], [0.13095, 667127.0], [0.13096, 588094.0], [0.13097, 326021.0], [0.13098, 731745.0], [0.13099, 1335480.0], [0.131, 468723.0], [0.13101, 270351.0], [0.13102, 605610.0], [0.13103, 1377042.0]], "timestamp": "2025-12-17T06:46:27.470906+00:00"}, {"symbol": "DOGEUSDT", "bids": [[0.13084, 31505.0], [0.13083, 195733.0], [0.13082, 170084.0], [0.13081, 323924.0], [0.1308, 788778.0], [0.13079, 479859.0], [0.13078, 1013678.0], [0.13077, 686053.0], [0.13076, 758283.0], [0.13075, 763584.0], [0.13074, 703599.0], [0.13073, 1317823.0], [0.13072, 721645.0], [0.13071, 502784.0], [0.1307, 746787.0], [0.13069, 770220.0], [0.13068, 827602.0], [0.13067, 1235719.0], [0.13066, 655510.0], [0.13065, 1070306.0]], "asks": [[0.13085, 277642.0], [0.13086, 620486.0], [0.13087, 729885.0], [0.13088, 934677.0], [0.13089, 781621.0], [0.1309, 673139.0], [0.13091, 648633.0], [0.13092, 1360333.0], [0.13093, 478357.0], [0.13094, 603165.0], [0.13095, 889918.0], [0.13096, 599010.0], [0.13097, 239724.0], [0.13098, 456001.0], [0.13099, 580801.0], [0.131, 528348.0], [0.13101, 291928.0], [0.13102, 668152.0], [0.13103, 1053449.0], [0.13104, 994345.0]], "timestamp": "2025-12-17T06:47:19.044933+00:00"}, {"symbol": "DOGEUSDT", "bids": [[0.13073, 159401.0], [0.13072, 163442.0], [0.13071, 304921.0], [0.1307, 420984.0], [0.13069, 690328.0], [0.13068, 403556.0], [0.13067, 763905.0], [0.13066, 806314.0], [0.13065, 1020308.0], [0.13064, 414455.0], [0.13063, 426594.0], [0.13062, 664336.0], [0.13061, 1239163.0], [0.1306, 638704.0], [0.13059, 481831.0], [0.13058, 632111.0], [0.13057, 631604.0], [0.13056, 685067.0], [0.13055, 1724659.0], [0.13054, 767118.0]], "asks": [[0.13074, 285014.0], [0.13075, 289172.0], [0.13076, 398080.0], [0.13077, 642804.0], [0.13078, 973185.0], [0.13079, 807354.0], [0.1308, 698556.0], [0.13081, 915400.0], [0.13082, 1647051.0], [0.13083, 727248.0], [0.13084, 628288.0], [0.13085, 331183.0], [0.13086, 716171.0], [0.13087, 527743.0], [0.13088, 499487.0], [0.13089, 305277.0], [0.1309, 837694.0], [0.13091, 732180.0], [0.13092, 376684.0], [0.13093, 392903.0]], "timestamp": "2025-12-17T06:48:10.394621+00:00"}, {"symbol": "DOGEUSDT", "bids": [[0.13082, 769355.0], [0.13081, 527814.0], [0.1308, 658566.0], [0.13079, 558588.0], [0.13078, 618298.0], [0.13077, 744121.0], [0.13076, 948943.0], [0.13075, 932254.0], [0.13074, 1094770.0], [0.13073, 680593.0], [0.13072, 1303484.0], [0.13071, 530615.0], [0.1307, 536246.0], [0.13069, 855257.0], [0.13068, 485471.0], [0.13067, 653115.0], [0.13066, 730726.0], [0.13065, 599520.0], [0.13064, 501386.0], [0.13063, 595574.0]], "asks": [[0.13083, 19032.0], [0.13084, 65225.0], [0.13085, 245586.0], [0.13086, 845183.0], [0.13087, 756028.0], [0.13088, 589953.0], [0.13089, 475765.0], [0.1309, 851773.0], [0.13091, 626654.0], [0.13092, 644350.0], [0.13093, 1550201.0], [0.13094, 789838.0], [0.13095, 975005.0], [0.13096, 456030.0], [0.13097, 331834.0], [0.13098, 760501.0], [0.13099, 1742993.0], [0.131, 954679.0], [0.13101, 450120.0], [0.13102, 711947.0]], "timestamp": "2025-12-17T06:49:01.712868+00:00"}, {"symbol": "DOGEUSDT", "bids": [[0.13083, 18644.0], [0.13082, 132217.0], [0.13081, 537734.0], [0.1308, 579193.0], [0.13079, 621593.0], [0.13078, 758016.0], [0.13077, 1074350.0], [0.13076, 847770.0], [0.13075, 571883.0], [0.13074, 451054.0], [0.13073, 892653.0], [0.13072, 1498038.0], [0.13071, 588398.0], [0.1307, 580506.0], [0.13069, 583521.0], [0.13068, 535660.0], [0.13067, 685930.0], [0.13066, 655175.0], [0.13065, 776678.0], [0.13064, 731362.0]], "asks": [[0.13084, 587005.0], [0.13085, 296806.0], [0.13086, 797548.0], [0.13087, 842495.0], [0.13088, 857297.0], [0.13089, 626439.0], [0.1309, 680040.0], [0.13091, 855496.0], [0.13092, 1574890.0], [0.13093, 606587.0], [0.13094, 830582.0], [0.13095, 1123691.0], [0.13096, 585439.0], [0.13097, 406934.0], [0.13098, 640694.0], [0.13099, 811554.0], [0.131, 658665.0], [0.13101, 561419.0], [0.13102, 798961.0], [0.13103, 1320592.0]], "timestamp": "2025-12-17T06:49:53.157563+00:00"}, {"symbol": "DOGEUSDT", "bids": [[0.13083, 409589.0], [0.13082, 306741.0], [0.13081, 420800.0], [0.1308, 623309.0], [0.13079, 685415.0], [0.13078, 642879.0], [0.13077, 1151462.0], [0.13076, 563109.0], [0.13075, 696817.0], [0.13074, 1561853.0], [0.13073, 825274.0], [0.13072, 511946.0], [0.13071, 820260.0], [0.1307, 489209.0], [0.13069, 575823.0], [0.13068, 471329.0], [0.13067, 518398.0], [0.13066, 668133.0], [0.13065, 746608.0], [0.13064, 727260.0]], "asks": [[0.13084, 5628.0], [0.13085, 154765.0], [0.13086, 321372.0], [0.13087, 517975.0], [0.13088, 1064696.0], [0.13089, 631943.0], [0.1309, 730798.0], [0.13091, 668071.0], [0.13092, 730422.0], [0.13093, 1477606.0], [0.13094, 655139.0], [0.13095, 1064904.0], [0.13096, 555335.0], [0.13097, 405201.0], [0.13098, 648855.0], [0.13099, 820128.0], [0.131, 616143.0], [0.13101, 324309.0], [0.13102, 834963.0], [0.13103, 1405813.0]], "timestamp": "2025-12-17T06:50:45.031298+00:00"}, {"symbol": "DOGEUSDT", "bids": [[0.13089, 190116.0], [0.13088, 271540.0], [0.13087, 590293.0], [0.13086, 428959.0], [0.13085, 929966.0], [0.13084, 887239.0], [0.13083, 826406.0], [0.13082, 751823.0], [0.13081, 903361.0], [0.1308, 1074205.0], [0.13079, 1715816.0], [0.13078, 422656.0], [0.13077, 735138.0], [0.13076, 405330.0], [0.13075, 928837.0], [0.13074, 444494.0], [0.13073, 843626.0], [0.13072, 545519.0], [0.13071, 820297.0], [0.1307, 1878224.0]], "asks": [[0.1309, 161061.0], [0.13091, 212872.0], [0.13092, 442216.0], [0.13093, 505606.0], [0.13094, 940256.0], [0.13095, 854135.0], [0.13096, 642358.0], [0.13097, 579050.0], [0.13098, 1630111.0], [0.13099, 653005.0], [0.131, 749349.0], [0.13101, 459281.0], [0.13102, 841902.0], [0.13103, 499930.0], [0.13104, 216648.0], [0.13105, 562911.0], [0.13106, 878958.0], [0.13107, 1151883.0], [0.13108, 808034.0], [0.13109, 1368722.0]], "timestamp": "2025-12-17T06:51:36.861918+00:00"}, {"symbol": "DOGEUSDT", "bids": [[0.13084, 198118.0], [0.13083, 256254.0], [0.13082, 268621.0], [0.13081, 481204.0], [0.1308, 698784.0], [0.13079, 692079.0], [0.13078, 839659.0], [0.13077, 750944.0], [0.13076, 737876.0], [0.13075, 623639.0], [0.13074, 1257123.0], [0.13073, 840734.0], [0.13072, 691728.0], [0.13071, 988579.0], [0.1307, 874363.0], [0.13069, 1295887.0], [0.13068, 307436.0], [0.13067, 754579.0], [0.13066, 636646.0], [0.13065, 657735.0]], "asks": [[0.13085, 154584.0], [0.13086, 455481.0], [0.13087, 665977.0], [0.13088, 569591.0], [0.13089, 838826.0], [0.1309, 1065393.0], [0.13091, 843723.0], [0.13092, 696742.0], [0.13093, 1390278.0], [0.13094, 495683.0], [0.13095, 739306.0], [0.13096, 753642.0], [0.13097, 312862.0], [0.13098, 627618.0], [0.13099, 642241.0], [0.131, 479961.0], [0.13101, 383768.0], [0.13102, 638893.0], [0.13103, 916026.0], [0.13104, 265869.0]], "timestamp": "2025-12-17T06:52:28.090867+00:00"}, {"symbol": "DOGEUSDT", "bids": [[0.13082, 177814.0], [0.13081, 177636.0], [0.1308, 296330.0], [0.13079, 452864.0], [0.13078, 480694.0], [0.13077, 775413.0], [0.13076, 1150261.0], [0.13075, 621657.0], [0.13074, 501619.0], [0.13073, 821327.0], [0.13072, 646943.0], [0.13071, 1466736.0], [0.1307, 764489.0], [0.13069, 723793.0], [0.13068, 514057.0], [0.13067, 649971.0], [0.13066, 640315.0], [0.13065, 742284.0], [0.13064, 935256.0], [0.13063, 1493312.0]], "asks": [[0.13083, 169752.0], [0.13084, 352557.0], [0.13085, 410838.0], [0.13086, 976657.0], [0.13087, 1353378.0], [0.13088, 933040.0], [0.13089, 412517.0], [0.1309, 705766.0], [0.13091, 1653482.0], [0.13092, 454270.0], [0.13093, 479480.0], [0.13094, 600980.0], [0.13095, 739988.0], [0.13096, 579808.0], [0.13097, 358837.0], [0.13098, 953609.0], [0.13099, 647191.0], [0.131, 804191.0], [0.13101, 766797.0], [0.13102, 1189824.0]], "timestamp": "2025-12-17T06:53:19.569270+00:00"}, {"symbol": "DOGEUSDT", "bids": [[0.13082, 220996.0], [0.13081, 163239.0], [0.1308, 365504.0], [0.13079, 442057.0], [0.13078, 467120.0], [0.13077, 760337.0], [0.13076, 1067768.0], [0.13075, 658659.0], [0.13074, 537911.0], [0.13073, 958891.0], [0.13072, 1293050.0], [0.13071, 532496.0], [0.1307, 632266.0], [0.13069, 623237.0], [0.13068, 507170.0], [0.13067, 651386.0], [0.13066, 740479.0], [0.13065, 707869.0], [0.13064, 935711.0], [0.13063, 1462063.0]], "asks": [[0.13083, 150059.0], [0.13084, 178982.0], [0.13085, 379890.0], [0.13086, 785434.0], [0.13087, 1196433.0], [0.13088, 785736.0], [0.13089, 515831.0], [0.1309, 569334.0], [0.13091, 953252.0], [0.13092, 1421389.0], [0.13093, 464504.0], [0.13094, 567255.0], [0.13095, 725589.0], [0.13096, 580285.0], [0.13097, 369985.0], [0.13098, 971138.0], [0.13099, 656048.0], [0.131, 797452.0], [0.13101, 823231.0], [0.13102, 1325573.0]], "timestamp": "2025-12-17T06:54:10.888467+00:00"}, {"symbol": "DOGEUSDT", "bids": [[0.13086, 75607.0], [0.13085, 379379.0], [0.13084, 848619.0], [0.13083, 888767.0], [0.13082, 1024950.0], [0.13081, 653449.0], [0.1308, 605931.0], [0.13079, 532484.0], [0.13078, 443072.0], [0.13077, 810704.0], [0.13076, 1512200.0], [0.13075, 585607.0], [0.13074, 635191.0], [0.13073, 703373.0], [0.13072, 381831.0], [0.13071, 895023.0], [0.1307, 443111.0], [0.13069, 602324.0], [0.13068, 565933.0], [0.13067, 754679.0]], "asks": [[0.13087, 239837.0], [0.13088, 248921.0], [0.13089, 338028.0], [0.1309, 560586.0], [0.13091, 678212.0], [0.13092, 627987.0], [0.13093, 580535.0], [0.13094, 696585.0], [0.13095, 1593592.0], [0.13096, 582555.0], [0.13097, 418689.0], [0.13098, 592878.0], [0.13099, 599225.0], [0.131, 823773.0], [0.13101, 639664.0], [0.13102, 1451519.0], [0.13103, 984655.0], [0.13104, 956363.0], [0.13105, 733071.0], [0.13106, 350135.0]], "timestamp": "2025-12-17T06:55:02.772592+00:00"}, {"symbol": "DOGEUSDT", "bids": [[0.13081, 304198.0], [0.1308, 338118.0], [0.13079, 274435.0], [0.13078, 319207.0], [0.13077, 760330.0], [0.13076, 613089.0], [0.13075, 902239.0], [0.13074, 359548.0], [0.13073, 833628.0], [0.13072, 554573.0], [0.13071, 1506411.0], [0.1307, 463825.0], [0.13069, 662556.0], [0.13068, 359382.0], [0.13067, 714781.0], [0.13066, 845214.0], [0.13065, 845272.0], [0.13064, 708817.0], [0.13063, 602936.0], [0.13062, 818200.0]], "asks": [[0.13082, 175652.0], [0.13083, 325112.0], [0.13084, 685465.0], [0.13085, 694272.0], [0.13086, 1136125.0], [0.13087, 775448.0], [0.13088, 464860.0], [0.13089, 483783.0], [0.1309, 923090.0], [0.13091, 1513481.0], [0.13092, 648537.0], [0.13093, 499933.0], [0.13094, 647995.0], [0.13095, 575495.0], [0.13096, 421248.0], [0.13097, 314187.0], [0.13098, 845944.0], [0.13099, 1245755.0], [0.131, 891339.0], [0.13101, 514861.0]], "timestamp": "2025-12-17T06:55:54.805366+00:00"}, {"symbol": "DOGEUSDT", "bids": [[0.13076, 174247.0], [0.13075, 137603.0], [0.13074, 302681.0], [0.13073, 624347.0], [0.13072, 633931.0], [0.13071, 671886.0], [0.1307, 966611.0], [0.13069, 887854.0], [0.13068, 408955.0], [0.13067, 729887.0], [0.13066, 1474696.0], [0.13065, 870763.0], [0.13064, 729782.0], [0.13063, 731832.0], [0.13062, 721643.0], [0.13061, 287611.0], [0.1306, 1001539.0], [0.13059, 1459324.0], [0.13058, 1076595.0], [0.13057, 396313.0]], "asks": [[0.13077, 127455.0], [0.13078, 266000.0], [0.13079, 577453.0], [0.1308, 917574.0], [0.13081, 779570.0], [0.13082, 739438.0], [0.13083, 842939.0], [0.13084, 724367.0], [0.13085, 1686295.0], [0.13086, 884331.0], [0.13087, 510104.0], [0.13088, 482872.0], [0.13089, 532360.0], [0.1309, 881907.0], [0.13091, 476558.0], [0.13092, 605807.0], [0.13093, 531483.0], [0.13094, 911527.0], [0.13095, 578353.0], [0.13096, 381542.0]], "timestamp": "2025-12-17T06:56:46.132071+00:00"}, {"symbol": "DOGEUSDT", "bids": [[0.13082, 110691.0], [0.13081, 449203.0], [0.1308, 710358.0], [0.13079, 676547.0], [0.13078, 763704.0], [0.13077, 1286104.0], [0.13076, 708651.0], [0.13075, 585920.0], [0.13074, 497360.0], [0.13073, 874822.0], [0.13072, 1506150.0], [0.13071, 807968.0], [0.1307, 687969.0], [0.13069, 638017.0], [0.13068, 538778.0], [0.13067, 665325.0], [0.13066, 620597.0], [0.13065, 615055.0], [0.13064, 431608.0], [0.13063, 790065.0]], "asks": [[0.13083, 101040.0], [0.13084, 301564.0], [0.13085, 388909.0], [0.13086, 928589.0], [0.13087, 702443.0], [0.13088, 616160.0], [0.13089, 416574.0], [0.1309, 790261.0], [0.13091, 1562555.0], [0.13092, 670648.0], [0.13093, 709737.0], [0.13094, 625168.0], [0.13095, 534734.0], [0.13096, 474516.0], [0.13097, 524626.0], [0.13098, 1033934.0], [0.13099, 1298299.0], [0.131, 1014256.0], [0.13101, 419337.0], [0.13102, 701132.0]], "timestamp": "2025-12-17T06:57:37.633274+00:00"}, {"symbol": "DOGEUSDT", "bids": [[0.13083, 215164.0], [0.13082, 187748.0], [0.13081, 414262.0], [0.1308, 753292.0], [0.13079, 784411.0], [0.13078, 988410.0], [0.13077, 1166073.0], [0.13076, 674195.0], [0.13075, 519768.0], [0.13074, 398286.0], [0.13073, 897813.0], [0.13072, 1389212.0], [0.13071, 868616.0], [0.1307, 683796.0], [0.13069, 634711.0], [0.13068, 501396.0], [0.13067, 680372.0], [0.13066, 639863.0], [0.13065, 751044.0], [0.13064, 716478.0]], "asks": [[0.13084, 270152.0], [0.13085, 339822.0], [0.13086, 537407.0], [0.13087, 798575.0], [0.13088, 547600.0], [0.13089, 433424.0], [0.1309, 812860.0], [0.13091, 688466.0], [0.13092, 1339006.0], [0.13093, 515038.0], [0.13094, 594394.0], [0.13095, 686886.0], [0.13096, 537146.0], [0.13097, 558981.0], [0.13098, 947899.0], [0.13099, 695689.0], [0.131, 898802.0], [0.13101, 455589.0], [0.13102, 1220273.0], [0.13103, 884645.0]], "timestamp": "2025-12-17T06:58:28.986739+00:00"}, {"symbol": "DOGEUSDT", "bids": [[0.13084, 342692.0], [0.13083, 518816.0], [0.13082, 545488.0], [0.13081, 951436.0], [0.1308, 850686.0], [0.13079, 805538.0], [0.13078, 479070.0], [0.13077, 1197572.0], [0.13076, 678370.0], [0.13075, 704010.0], [0.13074, 1365806.0], [0.13073, 708328.0], [0.13072, 423342.0], [0.13071, 864833.0], [0.1307, 683839.0], [0.13069, 650920.0], [0.13068, 542975.0], [0.13067, 833787.0], [0.13066, 635425.0], [0.13065, 848982.0]], "asks": [[0.13085, 123572.0], [0.13086, 173041.0], [0.13087, 311534.0], [0.13088, 210557.0], [0.13089, 782673.0], [0.1309, 1012379.0], [0.13091, 456651.0], [0.13092, 559865.0], [0.13093, 1320429.0], [0.13094, 635459.0], [0.13095, 730626.0], [0.13096, 503743.0], [0.13097, 432307.0], [0.13098, 914096.0], [0.13099, 697109.0], [0.131, 799952.0], [0.13101, 411311.0], [0.13102, 1204057.0], [0.13103, 1043510.0], [0.13104, 764989.0]], "timestamp": "2025-12-17T06:59:20.579273+00:00"}, {"symbol": "DOGEUSDT", "bids": [[0.13079, 99713.0], [0.13078, 114092.0], [0.13077, 163940.0], [0.13076, 300722.0], [0.13075, 644781.0], [0.13074, 709956.0], [0.13073, 817637.0], [0.13072, 664289.0], [0.13071, 511784.0], [0.1307, 658346.0], [0.13069, 735187.0], [0.13068, 1464450.0], [0.13067, 702128.0], [0.13066, 657854.0], [0.13065, 1428374.0], [0.13064, 435299.0], [0.13063, 527643.0], [0.13062, 818411.0], [0.13061, 454781.0], [0.1306, 455689.0]], "asks": [[0.1308, 366136.0], [0.13081, 407752.0], [0.13082, 455395.0], [0.13083, 726834.0], [0.13084, 985678.0], [0.13085, 689409.0], [0.13086, 833610.0], [0.13087, 1630191.0], [0.13088, 688037.0], [0.13089, 608111.0], [0.1309, 692682.0], [0.13091, 506532.0], [0.13092, 629391.0], [0.13093, 358741.0], [0.13094, 718250.0], [0.13095, 637329.0], [0.13096, 372525.0], [0.13097, 340111.0], [0.13098, 635191.0], [0.13099, 558438.0]], "timestamp": "2025-12-17T07:00:12.235219+00:00"}, {"symbol": "DOGEUSDT", "bids": [[0.13081, 137278.0], [0.1308, 425912.0], [0.13079, 467633.0], [0.13078, 512391.0], [0.13077, 997924.0], [0.13076, 527402.0], [0.13075, 871639.0], [0.13074, 636879.0], [0.13073, 1121277.0], [0.13072, 840129.0], [0.13071, 1495198.0], [0.1307, 513058.0], [0.13069, 589077.0], [0.13068, 475881.0], [0.13067, 700330.0], [0.13066, 418258.0], [0.13065, 751505.0], [0.13064, 760682.0], [0.13063, 564633.0], [0.13062, 535662.0]], "asks": [[0.13082, 250996.0], [0.13083, 128708.0], [0.13084, 290545.0], [0.13085, 493972.0], [0.13086, 735780.0], [0.13087, 1055540.0], [0.13088, 595030.0], [0.13089, 659363.0], [0.1309, 1647708.0], [0.13091, 597683.0], [0.13092, 515647.0], [0.13093, 531887.0], [0.13094, 536235.0], [0.13095, 641698.0], [0.13096, 1041209.0], [0.13097, 474174.0], [0.13098, 962158.0], [0.13099, 767995.0], [0.131, 986884.0], [0.13101, 602108.0]], "timestamp": "2025-12-17T07:01:03.640265+00:00"}, {"symbol": "DOGEUSDT", "bids": [[0.1308, 14019.0], [0.13079, 301175.0], [0.13078, 298235.0], [0.13077, 560463.0], [0.13076, 600418.0], [0.13075, 977781.0], [0.13074, 649269.0], [0.13073, 740561.0], [0.13072, 438871.0], [0.13071, 767312.0], [0.1307, 1659199.0], [0.13069, 802194.0], [0.13068, 472029.0], [0.13067, 616068.0], [0.13066, 410142.0], [0.13065, 747050.0], [0.13064, 637450.0], [0.13063, 594626.0], [0.13062, 567089.0], [0.13061, 959500.0]], "asks": [[0.13081, 615348.0], [0.13082, 402396.0], [0.13083, 639753.0], [0.13084, 557176.0], [0.13085, 770990.0], [0.13086, 896364.0], [0.13087, 778099.0], [0.13088, 692111.0], [0.13089, 1154445.0], [0.1309, 619504.0], [0.13091, 530642.0], [0.13092, 550928.0], [0.13093, 396464.0], [0.13094, 475123.0], [0.13095, 590463.0], [0.13096, 507165.0], [0.13097, 491191.0], [0.13098, 755748.0], [0.13099, 742037.0], [0.131, 838576.0]], "timestamp": "2025-12-17T07:01:55.426685+00:00"}, {"symbol": "DOGEUSDT", "bids": [[0.13079, 190693.0], [0.13078, 370237.0], [0.13077, 596432.0], [0.13076, 407886.0], [0.13075, 587713.0], [0.13074, 617021.0], [0.13073, 924323.0], [0.13072, 625400.0], [0.13071, 503964.0], [0.1307, 766655.0], [0.13069, 1712444.0], [0.13068, 299775.0], [0.13067, 502627.0], [0.13066, 518035.0], [0.13065, 944137.0], [0.13064, 785506.0], [0.13063, 617544.0], [0.13062, 371475.0], [0.13061, 700096.0], [0.1306, 579027.0]], "asks": [[0.1308, 179471.0], [0.13081, 351759.0], [0.13082, 648522.0], [0.13083, 637312.0], [0.13084, 1043940.0], [0.13085, 769336.0], [0.13086, 594904.0], [0.13087, 734532.0], [0.13088, 1415224.0], [0.13089, 377417.0], [0.1309, 842092.0], [0.13091, 549817.0], [0.13092, 463627.0], [0.13093, 397069.0], [0.13094, 735967.0], [0.13095, 542772.0], [0.13096, 519533.0], [0.13097, 795478.0], [0.13098, 1191380.0], [0.13099, 1263990.0]], "timestamp": "2025-12-17T07:02:46.903598+00:00"}, {"symbol": "DOGEUSDT", "bids": [[0.1308, 351542.0], [0.13079, 602443.0], [0.13078, 446041.0], [0.13077, 773663.0], [0.13076, 711405.0], [0.13075, 996055.0], [0.13074, 640250.0], [0.13073, 647937.0], [0.13072, 529042.0], [0.13071, 1409124.0], [0.1307, 462555.0], [0.13069, 655684.0], [0.13068, 424850.0], [0.13067, 666103.0], [0.13066, 637957.0], [0.13065, 743740.0], [0.13064, 641412.0], [0.13063, 734211.0], [0.13062, 474636.0], [0.13061, 696757.0]], "asks": [[0.13081, 102861.0], [0.13082, 133995.0], [0.13083, 346937.0], [0.13084, 491411.0], [0.13085, 1051319.0], [0.13086, 558415.0], [0.13087, 693689.0], [0.13088, 495015.0], [0.13089, 492891.0], [0.1309, 1515792.0], [0.13091, 658810.0], [0.13092, 424747.0], [0.13093, 311907.0], [0.13094, 503956.0], [0.13095, 530309.0], [0.13096, 598002.0], [0.13097, 960855.0], [0.13098, 1205718.0], [0.13099, 1267677.0], [0.131, 541739.0]], "timestamp": "2025-12-17T07:03:38.355213+00:00"}, {"symbol": "DOGEUSDT", "bids": [[0.13082, 78116.0], [0.13081, 261706.0], [0.1308, 395215.0], [0.13079, 782201.0], [0.13078, 1298024.0], [0.13077, 1808251.0], [0.13076, 883382.0], [0.13075, 583984.0], [0.13074, 354986.0], [0.13073, 759635.0], [0.13072, 1421306.0], [0.13071, 518270.0], [0.1307, 726333.0], [0.13069, 621952.0], [0.13068, 457782.0], [0.13067, 918872.0], [0.13066, 418284.0], [0.13065, 742718.0], [0.13064, 844739.0], [0.13063, 968714.0]], "asks": [[0.13083, 210868.0], [0.13084, 229100.0], [0.13085, 340154.0], [0.13086, 286213.0], [0.13087, 864628.0], [0.13088, 554250.0], [0.13089, 504840.0], [0.1309, 1343231.0], [0.13091, 654733.0], [0.13092, 591459.0], [0.13093, 329986.0], [0.13094, 635765.0], [0.13095, 657964.0], [0.13096, 681944.0], [0.13097, 814650.0], [0.13098, 804400.0], [0.13099, 671999.0], [0.131, 737560.0], [0.13101, 605442.0], [0.13102, 1482345.0]], "timestamp": "2025-12-17T07:04:30.164920+00:00"}, {"symbol": "DOGEUSDT", "bids": [[0.1308, 285400.0], [0.13079, 501380.0], [0.13078, 517210.0], [0.13077, 653574.0], [0.13076, 727764.0], [0.13075, 671731.0], [0.13074, 568923.0], [0.13073, 720694.0], [0.13072, 681089.0], [0.13071, 1452416.0], [0.1307, 508763.0], [0.13069, 664493.0], [0.13068, 579402.0], [0.13067, 514537.0], [0.13066, 435885.0], [0.13065, 786999.0], [0.13064, 813339.0], [0.13063, 863401.0], [0.13062, 568906.0], [0.13061, 1210037.0]], "asks": [[0.13081, 31617.0], [0.13082, 170123.0], [0.13083, 338130.0], [0.13084, 554046.0], [0.13085, 776455.0], [0.13086, 869827.0], [0.13087, 533311.0], [0.13088, 544670.0], [0.13089, 530414.0], [0.1309, 1407119.0], [0.13091, 562708.0], [0.13092, 614216.0], [0.13093, 600549.0], [0.13094, 781366.0], [0.13095, 629463.0], [0.13096, 593555.0], [0.13097, 695432.0], [0.13098, 1192682.0], [0.13099, 1076725.0], [0.131, 1225429.0]], "timestamp": "2025-12-17T07:05:21.502634+00:00"}, {"symbol": "DOGEUSDT", "bids": [[0.13082, 177080.0], [0.13081, 242647.0], [0.1308, 272118.0], [0.13079, 725979.0], [0.13078, 861410.0], [0.13077, 904826.0], [0.13076, 722576.0], [0.13075, 736350.0], [0.13074, 541971.0], [0.13073, 845904.0], [0.13072, 1426077.0], [0.13071, 737972.0], [0.1307, 672171.0], [0.13069, 577054.0], [0.13068, 626000.0], [0.13067, 896657.0], [0.13066, 311683.0], [0.13065, 675103.0], [0.13064, 678697.0], [0.13063, 1020423.0]], "asks": [[0.13083, 194366.0], [0.13084, 219222.0], [0.13085, 304596.0], [0.13086, 308565.0], [0.13087, 691608.0], [0.13088, 670500.0], [0.13089, 369451.0], [0.1309, 779010.0], [0.13091, 1433110.0], [0.13092, 428812.0], [0.13093, 452385.0], [0.13094, 647514.0], [0.13095, 791622.0], [0.13096, 524201.0], [0.13097, 528087.0], [0.13098, 980729.0], [0.13099, 732224.0], [0.131, 734953.0], [0.13101, 496928.0], [0.13102, 883185.0]], "timestamp": "2025-12-17T07:06:13.092108+00:00"}, {"symbol": "DOGEUSDT", "bids": [[0.13081, 256884.0], [0.1308, 186173.0], [0.13079, 275326.0], [0.13078, 501687.0], [0.13077, 826364.0], [0.13076, 608581.0], [0.13075, 522825.0], [0.13074, 592023.0], [0.13073, 783845.0], [0.13072, 469769.0], [0.13071, 1459936.0], [0.1307, 525255.0], [0.13069, 624107.0], [0.13068, 790430.0], [0.13067, 771793.0], [0.13066, 657415.0], [0.13065, 520388.0], [0.13064, 598796.0], [0.13063, 822654.0], [0.13062, 1532133.0]], "asks": [[0.13082, 277353.0], [0.13083, 524615.0], [0.13084, 440126.0], [0.13085, 814915.0], [0.13086, 1184307.0], [0.13087, 839140.0], [0.13088, 878722.0], [0.13089, 590802.0], [0.1309, 657858.0], [0.13091, 1929989.0], [0.13092, 352569.0], [0.13093, 545540.0], [0.13094, 362342.0], [0.13095, 900874.0], [0.13096, 346075.0], [0.13097, 489453.0], [0.13098, 218202.0], [0.13099, 817448.0], [0.131, 555258.0], [0.13101, 213237.0]], "timestamp": "2025-12-17T07:07:04.632148+00:00"}, {"symbol": "DOGEUSDT", "bids": [[0.13072, 202522.0], [0.13071, 644978.0], [0.1307, 350871.0], [0.13069, 232935.0], [0.13068, 627380.0], [0.13067, 623667.0], [0.13066, 648205.0], [0.13065, 803140.0], [0.13064, 792410.0], [0.13063, 480060.0], [0.13062, 833784.0], [0.13061, 1099680.0], [0.1306, 601682.0], [0.13059, 496080.0], [0.13058, 352029.0], [0.13057, 499687.0], [0.13056, 973471.0], [0.13055, 728181.0], [0.13054, 1290404.0], [0.13053, 837245.0]], "asks": [[0.13073, 196548.0], [0.13074, 268676.0], [0.13075, 616081.0], [0.13076, 638596.0], [0.13077, 733017.0], [0.13078, 882859.0], [0.13079, 1156677.0], [0.1308, 1322750.0], [0.13081, 576168.0], [0.13082, 568652.0], [0.13083, 671341.0], [0.13084, 267947.0], [0.13085, 837025.0], [0.13086, 195839.0], [0.13087, 708499.0], [0.13088, 524140.0], [0.13089, 331142.0], [0.1309, 448863.0], [0.13091, 747283.0], [0.13092, 1142957.0]], "timestamp": "2025-12-17T07:07:55.899699+00:00"}, {"symbol": "DOGEUSDT", "bids": [[0.13077, 159892.0], [0.13076, 293713.0], [0.13075, 342698.0], [0.13074, 562297.0], [0.13073, 912388.0], [0.13072, 1150503.0], [0.13071, 607543.0], [0.1307, 948221.0], [0.13069, 413888.0], [0.13068, 592515.0], [0.13067, 527995.0], [0.13066, 1463128.0], [0.13065, 558492.0], [0.13064, 530101.0], [0.13063, 334491.0], [0.13062, 1007024.0], [0.13061, 454571.0], [0.1306, 766312.0], [0.13059, 888528.0], [0.13058, 1714076.0]], "asks": [[0.13078, 101548.0], [0.13079, 216041.0], [0.1308, 397515.0], [0.13081, 355160.0], [0.13082, 800324.0], [0.13083, 726037.0], [0.13084, 417067.0], [0.13085, 799049.0], [0.13086, 1078089.0], [0.13087, 601528.0], [0.13088, 568153.0], [0.13089, 368364.0], [0.1309, 467305.0], [0.13091, 835030.0], [0.13092, 980163.0], [0.13093, 797858.0], [0.13094, 443113.0], [0.13095, 1213322.0], [0.13096, 736962.0], [0.13097, 1357931.0]], "timestamp": "2025-12-17T07:08:48.619087+00:00"}, {"symbol": "DOGEUSDT", "bids": [[0.1307, 87970.0], [0.13069, 125744.0], [0.13068, 183655.0], [0.13067, 379104.0], [0.13066, 628868.0], [0.13065, 723948.0], [0.13064, 688580.0], [0.13063, 520611.0], [0.13062, 661315.0], [0.13061, 591863.0], [0.1306, 863709.0], [0.13059, 1573698.0], [0.13058, 1287386.0], [0.13057, 408978.0], [0.13056, 685850.0], [0.13055, 687129.0], [0.13054, 1382502.0], [0.13053, 945253.0], [0.13052, 823135.0], [0.13051, 403621.0]], "asks": [[0.13071, 262762.0], [0.13072, 351625.0], [0.13073, 617367.0], [0.13074, 588557.0], [0.13075, 1215304.0], [0.13076, 952027.0], [0.13077, 625704.0], [0.13078, 707247.0], [0.13079, 1458398.0], [0.1308, 461471.0], [0.13081, 598629.0], [0.13082, 635011.0], [0.13083, 627471.0], [0.13084, 220565.0], [0.13085, 611657.0], [0.13086, 202238.0], [0.13087, 722179.0], [0.13088, 594502.0], [0.13089, 407368.0], [0.1309, 394543.0]], "timestamp": "2025-12-17T07:09:40.350366+00:00"}, {"symbol": "DOGEUSDT", "bids": [[0.13056, 166908.0], [0.13055, 181722.0], [0.13054, 434515.0], [0.13053, 640627.0], [0.13052, 604806.0], [0.13051, 787850.0], [0.1305, 1021488.0], [0.13049, 747332.0], [0.13048, 722796.0], [0.13047, 481004.0], [0.13046, 819564.0], [0.13045, 1590928.0], [0.13044, 711383.0], [0.13043, 516393.0], [0.13042, 594156.0], [0.13041, 815884.0], [0.1304, 1014463.0], [0.13039, 1086929.0], [0.13038, 918503.0], [0.13037, 1022261.0]], "asks": [[0.13057, 118258.0], [0.13058, 382076.0], [0.13059, 670462.0], [0.1306, 763582.0], [0.13061, 852493.0], [0.13062, 1007920.0], [0.13063, 1163311.0], [0.13064, 802147.0], [0.13065, 1485782.0], [0.13066, 529392.0], [0.13067, 360197.0], [0.13068, 572533.0], [0.13069, 308725.0], [0.1307, 1007336.0], [0.13071, 664700.0], [0.13072, 445836.0], [0.13073, 215008.0], [0.13074, 586284.0], [0.13075, 320533.0], [0.13076, 1047488.0]], "timestamp": "2025-12-17T07:10:32.168221+00:00"}, {"symbol": "DOGEUSDT", "bids": [[0.13063, 119238.0], [0.13062, 238493.0], [0.13061, 749541.0], [0.1306, 594349.0], [0.13059, 806315.0], [0.13058, 763801.0], [0.13057, 939996.0], [0.13056, 855119.0], [0.13055, 676438.0], [0.13054, 602571.0], [0.13053, 614504.0], [0.13052, 1337880.0], [0.13051, 524136.0], [0.1305, 338527.0], [0.13049, 616478.0], [0.13048, 659813.0], [0.13047, 598735.0], [0.13046, 623599.0], [0.13045, 826934.0], [0.13044, 845521.0]], "asks": [[0.13064, 196362.0], [0.13065, 183304.0], [0.13066, 229120.0], [0.13067, 330561.0], [0.13068, 698104.0], [0.13069, 402481.0], [0.1307, 981549.0], [0.13071, 551349.0], [0.13072, 1278805.0], [0.13073, 415622.0], [0.13074, 679380.0], [0.13075, 384892.0], [0.13076, 970884.0], [0.13077, 527103.0], [0.13078, 760951.0], [0.13079, 387535.0], [0.1308, 882236.0], [0.13081, 429944.0], [0.13082, 659954.0], [0.13083, 583690.0]], "timestamp": "2025-12-17T07:11:23.644387+00:00"}, {"symbol": "DOGEUSDT", "bids": [[0.13064, 190737.0], [0.13063, 238375.0], [0.13062, 408510.0], [0.13061, 495070.0], [0.1306, 566306.0], [0.13059, 756384.0], [0.13058, 540972.0], [0.13057, 927579.0], [0.13056, 611807.0], [0.13055, 760869.0], [0.13054, 1486653.0], [0.13053, 632153.0], [0.13052, 491375.0], [0.13051, 707547.0], [0.1305, 647291.0], [0.13049, 797514.0], [0.13048, 1425529.0], [0.13047, 531041.0], [0.13046, 735969.0], [0.13045, 764005.0]], "asks": [[0.13065, 163599.0], [0.13066, 499128.0], [0.13067, 634092.0], [0.13068, 503968.0], [0.13069, 1256838.0], [0.1307, 987054.0], [0.13071, 426771.0], [0.13072, 697673.0], [0.13073, 1296423.0], [0.13074, 520914.0], [0.13075, 447145.0], [0.13076, 475700.0], [0.13077, 315259.0], [0.13078, 970788.0], [0.13079, 310759.0], [0.1308, 893207.0], [0.13081, 281305.0], [0.13082, 717333.0], [0.13083, 508776.0], [0.13084, 688998.0]], "timestamp": "2025-12-17T07:12:15.098397+00:00"}, {"symbol": "DOGEUSDT", "bids": [[0.13063, 154997.0], [0.13062, 194521.0], [0.13061, 288707.0], [0.1306, 483078.0], [0.13059, 802789.0], [0.13058, 601813.0], [0.13057, 640960.0], [0.13056, 583997.0], [0.13055, 816309.0], [0.13054, 1010450.0], [0.13053, 1814238.0], [0.13052, 1249055.0], [0.13051, 695235.0], [0.1305, 577087.0], [0.13049, 446172.0], [0.13048, 796231.0], [0.13047, 692665.0], [0.13046, 685557.0], [0.13045, 771498.0], [0.13044, 776975.0]], "asks": [[0.13064, 167068.0], [0.13065, 234860.0], [0.13066, 508486.0], [0.13067, 752767.0], [0.13068, 1487755.0], [0.13069, 1103453.0], [0.1307, 1052939.0], [0.13071, 880999.0], [0.13072, 736914.0], [0.13073, 1260771.0], [0.13074, 577617.0], [0.13075, 458786.0], [0.13076, 368292.0], [0.13077, 337800.0], [0.13078, 654893.0], [0.13079, 642937.0], [0.1308, 545064.0], [0.13081, 495628.0], [0.13082, 612263.0], [0.13083, 1166196.0]], "timestamp": "2025-12-17T07:13:06.716347+00:00"}, {"symbol": "DOGEUSDT", "bids": [[0.13057, 342418.0], [0.13056, 176205.0], [0.13055, 335727.0], [0.13054, 334363.0], [0.13053, 698841.0], [0.13052, 863444.0], [0.13051, 822721.0], [0.1305, 687312.0], [0.13049, 503857.0], [0.13048, 528960.0], [0.13047, 1336612.0], [0.13046, 789653.0], [0.13045, 718555.0], [0.13044, 847107.0], [0.13043, 606349.0], [0.13042, 541269.0], [0.13041, 1331041.0], [0.1304, 788010.0], [0.13039, 499720.0], [0.13038, 565730.0]], "asks": [[0.13058, 83875.0], [0.13059, 451582.0], [0.1306, 592437.0], [0.13061, 629527.0], [0.13062, 1101553.0], [0.13063, 846883.0], [0.13064, 864315.0], [0.13065, 513746.0], [0.13066, 975090.0], [0.13067, 1297148.0], [0.13068, 583728.0], [0.13069, 604491.0], [0.1307, 649864.0], [0.13071, 492850.0], [0.13072, 462815.0], [0.13073, 561715.0], [0.13074, 733871.0], [0.13075, 421613.0], [0.13076, 699338.0], [0.13077, 1129770.0]], "timestamp": "2025-12-17T07:13:58.038064+00:00"}, {"symbol": "DOGEUSDT", "bids": [[0.13053, 145170.0], [0.13052, 76562.0], [0.13051, 218490.0], [0.1305, 317618.0], [0.13049, 617712.0], [0.13048, 681431.0], [0.13047, 1014638.0], [0.13046, 618019.0], [0.13045, 900850.0], [0.13044, 495817.0], [0.13043, 701026.0], [0.13042, 1323408.0], [0.13041, 704865.0], [0.1304, 865474.0], [0.13039, 616232.0], [0.13038, 729783.0], [0.13037, 1544666.0], [0.13036, 678801.0], [0.13035, 940932.0], [0.13034, 531268.0]], "asks": [[0.13054, 242460.0], [0.13055, 331040.0], [0.13056, 413012.0], [0.13057, 665270.0], [0.13058, 1035521.0], [0.13059, 512897.0], [0.1306, 917652.0], [0.13061, 1867895.0], [0.13062, 910161.0], [0.13063, 731592.0], [0.13064, 520617.0], [0.13065, 626982.0], [0.13066, 552970.0], [0.13067, 494337.0], [0.13068, 546466.0], [0.13069, 691647.0], [0.1307, 866620.0], [0.13071, 356132.0], [0.13072, 659622.0], [0.13073, 1149118.0]], "timestamp": "2025-12-17T07:14:49.949982+00:00"}, {"symbol": "DOGEUSDT", "bids": [[0.13048, 343725.0], [0.13047, 274292.0], [0.13046, 437239.0], [0.13045, 478805.0], [0.13044, 583708.0], [0.13043, 566263.0], [0.13042, 587309.0], [0.13041, 681193.0], [0.1304, 727043.0], [0.13039, 534447.0], [0.13038, 1346008.0], [0.13037, 648216.0], [0.13036, 258137.0], [0.13035, 527433.0], [0.13034, 630644.0], [0.13033, 668174.0], [0.13032, 1036976.0], [0.13031, 518094.0], [0.1303, 1120717.0], [0.13029, 654205.0]], "asks": [[0.13049, 180454.0], [0.1305, 185603.0], [0.13051, 412723.0], [0.13052, 491260.0], [0.13053, 838388.0], [0.13054, 801370.0], [0.13055, 458344.0], [0.13056, 510473.0], [0.13057, 722045.0], [0.13058, 1346341.0], [0.13059, 453540.0], [0.1306, 498626.0], [0.13061, 441320.0], [0.13062, 767393.0], [0.13063, 632434.0], [0.13064, 574659.0], [0.13065, 782179.0], [0.13066, 725726.0], [0.13067, 715063.0], [0.13068, 1322099.0]], "timestamp": "2025-12-17T07:15:41.520165+00:00"}, {"symbol": "DOGEUSDT", "bids": [[0.13056, 228216.0], [0.13055, 258917.0], [0.13054, 406645.0], [0.13053, 891183.0], [0.13052, 963787.0], [0.13051, 861020.0], [0.1305, 790675.0], [0.13049, 785862.0], [0.13048, 461312.0], [0.13047, 666670.0], [0.13046, 1572531.0], [0.13045, 903633.0], [0.13044, 629296.0], [0.13043, 558367.0], [0.13042, 484954.0], [0.13041, 810987.0], [0.1304, 683446.0], [0.13039, 549154.0], [0.13038, 749268.0], [0.13037, 850539.0]], "asks": [[0.13057, 140405.0], [0.13058, 412412.0], [0.13059, 389573.0], [0.1306, 470812.0], [0.13061, 819815.0], [0.13062, 867766.0], [0.13063, 626775.0], [0.13064, 510606.0], [0.13065, 669784.0], [0.13066, 1434555.0], [0.13067, 299786.0], [0.13068, 544685.0], [0.13069, 473901.0], [0.1307, 696406.0], [0.13071, 439366.0], [0.13072, 499339.0], [0.13073, 564222.0], [0.13074, 785628.0], [0.13075, 475900.0], [0.13076, 778069.0]], "timestamp": "2025-12-17T07:16:32.890475+00:00"}, {"symbol": "DOGEUSDT", "bids": [[0.13048, 2335.0], [0.13047, 44961.0], [0.13046, 257752.0], [0.13045, 441865.0], [0.13044, 664234.0], [0.13043, 635255.0], [0.13042, 804703.0], [0.13041, 807007.0], [0.1304, 537360.0], [0.13039, 663796.0], [0.13038, 569055.0], [0.13037, 1434726.0], [0.13036, 535758.0], [0.13035, 842051.0], [0.13034, 633205.0], [0.13033, 715291.0], [0.13032, 1531700.0], [0.13031, 503968.0], [0.1303, 911090.0], [0.13029, 613605.0]], "asks": [[0.13049, 454925.0], [0.1305, 711354.0], [0.13051, 562368.0], [0.13052, 737345.0], [0.13053, 1138468.0], [0.13054, 922116.0], [0.13055, 808465.0], [0.13056, 1126101.0], [0.13057, 451623.0], [0.13058, 1479442.0], [0.13059, 228330.0], [0.1306, 821236.0], [0.13061, 499407.0], [0.13062, 519353.0], [0.13063, 616826.0], [0.13064, 553378.0], [0.13065, 584490.0], [0.13066, 719283.0], [0.13067, 428634.0], [0.13068, 889885.0]], "timestamp": "2025-12-17T07:17:24.581254+00:00"}, {"symbol": "DOGEUSDT", "bids": [[0.13044, 238071.0], [0.13043, 87415.0], [0.13042, 285781.0], [0.13041, 521438.0], [0.1304, 666590.0], [0.13039, 658550.0], [0.13038, 1053225.0], [0.13037, 838277.0], [0.13036, 462637.0], [0.13035, 626001.0], [0.13034, 732852.0], [0.13033, 1386684.0], [0.13032, 596459.0], [0.13031, 604276.0], [0.1303, 966491.0], [0.13029, 640818.0], [0.13028, 934328.0], [0.13027, 1687301.0], [0.13026, 672048.0], [0.13025, 504403.0]], "asks": [[0.13045, 248649.0], [0.13046, 315937.0], [0.13047, 372344.0], [0.13048, 825060.0], [0.13049, 720181.0], [0.1305, 888224.0], [0.13051, 611049.0], [0.13052, 729153.0], [0.13053, 861026.0], [0.13054, 1621838.0], [0.13055, 419951.0], [0.13056, 658512.0], [0.13057, 298140.0], [0.13058, 360560.0], [0.13059, 418567.0], [0.1306, 701237.0], [0.13061, 707497.0], [0.13062, 823822.0], [0.13063, 379738.0], [0.13064, 600095.0]], "timestamp": "2025-12-17T07:18:16.098005+00:00"}, {"symbol": "DOGEUSDT", "bids": [[0.13039, 44014.0], [0.13038, 63300.0], [0.13037, 296834.0], [0.13036, 457752.0], [0.13035, 619054.0], [0.13034, 589435.0], [0.13033, 892176.0], [0.13032, 1039955.0], [0.13031, 693561.0], [0.1303, 869447.0], [0.13029, 527995.0], [0.13028, 1702429.0], [0.13027, 451452.0], [0.13026, 703498.0], [0.13025, 541831.0], [0.13024, 923636.0], [0.13023, 1894758.0], [0.13022, 731587.0], [0.13021, 607168.0], [0.1302, 923562.0]], "asks": [[0.1304, 320296.0], [0.13041, 388285.0], [0.13042, 624188.0], [0.13043, 481344.0], [0.13044, 795036.0], [0.13045, 719669.0], [0.13046, 749614.0], [0.13047, 728630.0], [0.13048, 691495.0], [0.13049, 1549593.0], [0.1305, 599261.0], [0.13051, 402871.0], [0.13052, 677115.0], [0.13053, 398039.0], [0.13054, 629112.0], [0.13055, 572634.0], [0.13056, 641712.0], [0.13057, 618641.0], [0.13058, 350404.0], [0.13059, 291383.0]], "timestamp": "2025-12-17T07:19:07.596999+00:00"}, {"symbol": "DOGEUSDT", "bids": [[0.1304, 167801.0], [0.13039, 255100.0], [0.13038, 589323.0], [0.13037, 459730.0], [0.13036, 895696.0], [0.13035, 1191778.0], [0.13034, 550181.0], [0.13033, 620781.0], [0.13032, 780195.0], [0.13031, 704873.0], [0.1303, 1727811.0], [0.13029, 338154.0], [0.13028, 678348.0], [0.13027, 781320.0], [0.13026, 905243.0], [0.13025, 465184.0], [0.13024, 730999.0], [0.13023, 660519.0], [0.13022, 708912.0], [0.13021, 1606418.0]], "asks": [[0.13041, 180373.0], [0.13042, 188195.0], [0.13043, 380852.0], [0.13044, 479912.0], [0.13045, 504391.0], [0.13046, 839747.0], [0.13047, 680052.0], [0.13048, 637365.0], [0.13049, 662229.0], [0.1305, 1622292.0], [0.13051, 504565.0], [0.13052, 653604.0], [0.13053, 497326.0], [0.13054, 647384.0], [0.13055, 549368.0], [0.13056, 625257.0], [0.13057, 745257.0], [0.13058, 1021926.0], [0.13059, 306248.0], [0.1306, 649066.0]], "timestamp": "2025-12-17T07:19:59.311601+00:00"}, {"symbol": "DOGEUSDT", "bids": [[0.13052, 115898.0], [0.13051, 293526.0], [0.1305, 440521.0], [0.13049, 608918.0], [0.13048, 1457208.0], [0.13047, 834647.0], [0.13046, 977010.0], [0.13045, 829127.0], [0.13044, 639472.0], [0.13043, 437881.0], [0.13042, 531587.0], [0.13041, 546614.0], [0.1304, 1653017.0], [0.13039, 523005.0], [0.13038, 605115.0], [0.13037, 612561.0], [0.13036, 774978.0], [0.13035, 1012983.0], [0.13034, 1400928.0], [0.13033, 402114.0]], "asks": [[0.13053, 554274.0], [0.13054, 375996.0], [0.13055, 336341.0], [0.13056, 364806.0], [0.13057, 845209.0], [0.13058, 830798.0], [0.13059, 763291.0], [0.1306, 691248.0], [0.13061, 527619.0], [0.13062, 1525307.0], [0.13063, 424141.0], [0.13064, 624163.0], [0.13065, 558068.0], [0.13066, 603982.0], [0.13067, 1032431.0], [0.13068, 256967.0], [0.13069, 708258.0], [0.1307, 854642.0], [0.13071, 395905.0], [0.13072, 543852.0]], "timestamp": "2025-12-17T07:20:50.820392+00:00"}, {"symbol": "DOGEUSDT", "bids": [[0.13066, 259043.0], [0.13065, 529775.0], [0.13064, 675956.0], [0.13063, 665646.0], [0.13062, 919374.0], [0.13061, 935833.0], [0.1306, 1109910.0], [0.13059, 841978.0], [0.13058, 663549.0], [0.13057, 878314.0], [0.13056, 1905589.0], [0.13055, 398795.0], [0.13054, 422637.0], [0.13053, 439985.0], [0.13052, 749141.0], [0.13051, 545103.0], [0.1305, 689045.0], [0.13049, 490827.0], [0.13048, 948418.0], [0.13047, 638208.0]], "asks": [[0.13067, 301087.0], [0.13068, 243403.0], [0.13069, 205800.0], [0.1307, 400466.0], [0.13071, 572980.0], [0.13072, 481813.0], [0.13073, 589867.0], [0.13074, 1017345.0], [0.13075, 1542829.0], [0.13076, 731251.0], [0.13077, 420100.0], [0.13078, 909562.0], [0.13079, 437978.0], [0.1308, 427379.0], [0.13081, 386841.0], [0.13082, 1170214.0], [0.13083, 959934.0], [0.13084, 454785.0], [0.13085, 654809.0], [0.13086, 528298.0]], "timestamp": "2025-12-17T07:21:42.532316+00:00"}, {"symbol": "DOGEUSDT", "bids": [[0.13068, 256478.0], [0.13067, 382401.0], [0.13066, 597290.0], [0.13065, 744886.0], [0.13064, 1018320.0], [0.13063, 1371816.0], [0.13062, 1378637.0], [0.13061, 1229730.0], [0.1306, 841991.0], [0.13059, 587096.0], [0.13058, 764092.0], [0.13057, 1512888.0], [0.13056, 680882.0], [0.13055, 518079.0], [0.13054, 491206.0], [0.13053, 770693.0], [0.13052, 740671.0], [0.13051, 507507.0], [0.1305, 697738.0], [0.13049, 730902.0]], "asks": [[0.13069, 189135.0], [0.1307, 159276.0], [0.13071, 292211.0], [0.13072, 510821.0], [0.13073, 833804.0], [0.13074, 627456.0], [0.13075, 801737.0], [0.13076, 603351.0], [0.13077, 514896.0], [0.13078, 1585514.0], [0.13079, 501894.0], [0.1308, 601782.0], [0.13081, 474830.0], [0.13082, 1096445.0], [0.13083, 997753.0], [0.13084, 716678.0], [0.13085, 498810.0], [0.13086, 693382.0], [0.13087, 747656.0], [0.13088, 604064.0]], "timestamp": "2025-12-17T07:22:34.264709+00:00"}, {"symbol": "DOGEUSDT", "bids": [[0.13076, 148487.0], [0.13075, 92781.0], [0.13074, 312013.0], [0.13073, 683756.0], [0.13072, 755374.0], [0.13071, 1022126.0], [0.1307, 824488.0], [0.13069, 794502.0], [0.13068, 572312.0], [0.13067, 821460.0], [0.13066, 1538087.0], [0.13065, 509403.0], [0.13064, 274303.0], [0.13063, 609092.0], [0.13062, 538298.0], [0.13061, 819839.0], [0.1306, 479986.0], [0.13059, 641238.0], [0.13058, 841257.0], [0.13057, 1719887.0]], "asks": [[0.13077, 404858.0], [0.13078, 242665.0], [0.13079, 274001.0], [0.1308, 495718.0], [0.13081, 573421.0], [0.13082, 1010651.0], [0.13083, 693362.0], [0.13084, 744261.0], [0.13085, 601260.0], [0.13086, 1294546.0], [0.13087, 606097.0], [0.13088, 453279.0], [0.13089, 584996.0], [0.1309, 397443.0], [0.13091, 894252.0], [0.13092, 1230734.0], [0.13093, 359581.0], [0.13094, 618076.0], [0.13095, 1198790.0], [0.13096, 870941.0]], "timestamp": "2025-12-17T07:23:25.631451+00:00"}, {"symbol": "DOGEUSDT", "bids": [[0.1307, 126429.0], [0.13069, 335203.0], [0.13068, 294056.0], [0.13067, 436813.0], [0.13066, 548018.0], [0.13065, 893080.0], [0.13064, 506750.0], [0.13063, 585559.0], [0.13062, 691160.0], [0.13061, 566256.0], [0.1306, 1052235.0], [0.13059, 2072865.0], [0.13058, 653586.0], [0.13057, 383054.0], [0.13056, 833512.0], [0.13055, 1264453.0], [0.13054, 606916.0], [0.13053, 855907.0], [0.13052, 501338.0], [0.13051, 374001.0]], "asks": [[0.13071, 221594.0], [0.13072, 514275.0], [0.13073, 588073.0], [0.13074, 754513.0], [0.13075, 879856.0], [0.13076, 878948.0], [0.13077, 570045.0], [0.13078, 803237.0], [0.13079, 1519380.0], [0.1308, 639840.0], [0.13081, 322485.0], [0.13082, 634063.0], [0.13083, 917980.0], [0.13084, 850707.0], [0.13085, 360166.0], [0.13086, 473062.0], [0.13087, 525217.0], [0.13088, 898093.0], [0.13089, 1252894.0], [0.1309, 369940.0]], "timestamp": "2025-12-17T07:24:17.534246+00:00"}, {"symbol": "DOGEUSDT", "bids": [[0.1307, 900632.0], [0.13069, 114893.0], [0.13068, 261768.0], [0.13067, 341582.0], [0.13066, 820756.0], [0.13065, 673312.0], [0.13064, 457768.0], [0.13063, 968124.0], [0.13062, 690220.0], [0.13061, 537559.0], [0.1306, 840816.0], [0.13059, 2251952.0], [0.13058, 553728.0], [0.13057, 524669.0], [0.13056, 712971.0], [0.13055, 476833.0], [0.13054, 606916.0], [0.13053, 716949.0], [0.13052, 673864.0], [0.13051, 1148604.0]], "asks": [[0.13071, 500095.0], [0.13072, 376893.0], [0.13073, 493727.0], [0.13074, 572475.0], [0.13075, 1037183.0], [0.13076, 753097.0], [0.13077, 406306.0], [0.13078, 694006.0], [0.13079, 1532611.0], [0.1308, 718322.0], [0.13081, 366576.0], [0.13082, 705531.0], [0.13083, 644012.0], [0.13084, 510150.0], [0.13085, 354236.0], [0.13086, 516088.0], [0.13087, 684831.0], [0.13088, 802101.0], [0.13089, 1302900.0], [0.1309, 992392.0]], "timestamp": "2025-12-17T07:25:08.946973+00:00"}, {"symbol": "DOGEUSDT", "bids": [[0.13073, 148007.0], [0.13072, 209635.0], [0.13071, 685882.0], [0.1307, 820300.0], [0.13069, 1015284.0], [0.13068, 562630.0], [0.13067, 737002.0], [0.13066, 818669.0], [0.13065, 643825.0], [0.13064, 556605.0], [0.13063, 1825836.0], [0.13062, 712473.0], [0.13061, 730637.0], [0.1306, 748915.0], [0.13059, 1222350.0], [0.13058, 434744.0], [0.13057, 591119.0], [0.13056, 581293.0], [0.13055, 576695.0], [0.13054, 1308033.0]], "asks": [[0.13074, 265472.0], [0.13075, 351831.0], [0.13076, 515576.0], [0.13077, 576012.0], [0.13078, 879014.0], [0.13079, 475975.0], [0.1308, 680789.0], [0.13081, 520344.0], [0.13082, 1391208.0], [0.13083, 595600.0], [0.13084, 447403.0], [0.13085, 552126.0], [0.13086, 545723.0], [0.13087, 542543.0], [0.13088, 493870.0], [0.13089, 762027.0], [0.1309, 918060.0], [0.13091, 866799.0], [0.13092, 636208.0], [0.13093, 521585.0]], "timestamp": "2025-12-17T07:26:00.322086+00:00"}, {"symbol": "DOGEUSDT", "bids": [[0.13075, 275115.0], [0.13074, 263031.0], [0.13073, 382357.0], [0.13072, 459868.0], [0.13071, 841334.0], [0.1307, 1116805.0], [0.13069, 1006738.0], [0.13068, 641350.0], [0.13067, 595532.0], [0.13066, 795378.0], [0.13065, 1511269.0], [0.13064, 300755.0], [0.13063, 724461.0], [0.13062, 780192.0], [0.13061, 827593.0], [0.1306, 894468.0], [0.13059, 1218525.0], [0.13058, 434882.0], [0.13057, 716107.0], [0.13056, 506825.0]], "asks": [[0.13076, 172076.0], [0.13077, 424520.0], [0.13078, 551452.0], [0.13079, 372337.0], [0.1308, 920464.0], [0.13081, 430674.0], [0.13082, 533531.0], [0.13083, 639682.0], [0.13084, 1399586.0], [0.13085, 477942.0], [0.13086, 650624.0], [0.13087, 539604.0], [0.13088, 418824.0], [0.13089, 494533.0], [0.1309, 391329.0], [0.13091, 965621.0], [0.13092, 1106439.0], [0.13093, 506937.0], [0.13094, 1107629.0], [0.13095, 785740.0]], "timestamp": "2025-12-17T07:26:52.186299+00:00"}, {"symbol": "DOGEUSDT", "bids": [[0.13077, 318447.0], [0.13076, 333878.0], [0.13075, 428475.0], [0.13074, 459189.0], [0.13073, 786406.0], [0.13072, 520043.0], [0.13071, 870905.0], [0.1307, 713432.0], [0.13069, 799021.0], [0.13068, 1272245.0], [0.13067, 551914.0], [0.13066, 788891.0], [0.13065, 519715.0], [0.13064, 540712.0], [0.13063, 787998.0], [0.13062, 623420.0], [0.13061, 948341.0], [0.1306, 760264.0], [0.13059, 1174362.0], [0.13058, 1463856.0]], "asks": [[0.13078, 74297.0], [0.13079, 180461.0], [0.1308, 326136.0], [0.13081, 580778.0], [0.13082, 599507.0], [0.13083, 1126087.0], [0.13084, 494948.0], [0.13085, 777011.0], [0.13086, 1203163.0], [0.13087, 577966.0], [0.13088, 625875.0], [0.13089, 547521.0], [0.1309, 618210.0], [0.13091, 909585.0], [0.13092, 596080.0], [0.13093, 544179.0], [0.13094, 834986.0], [0.13095, 1305199.0], [0.13096, 875093.0], [0.13097, 519751.0]], "timestamp": "2025-12-17T07:27:43.607759+00:00"}, {"symbol": "DOGEUSDT", "bids": [[0.13073, 355014.0], [0.13072, 209893.0], [0.13071, 485593.0], [0.1307, 503485.0], [0.13069, 945053.0], [0.13068, 286219.0], [0.13067, 648213.0], [0.13066, 809825.0], [0.13065, 677340.0], [0.13064, 1231613.0], [0.13063, 576473.0], [0.13062, 690647.0], [0.13061, 484078.0], [0.1306, 828701.0], [0.13059, 1303546.0], [0.13058, 434519.0], [0.13057, 597583.0], [0.13056, 838296.0], [0.13055, 1291710.0], [0.13054, 697766.0]], "asks": [[0.13074, 262911.0], [0.13075, 399645.0], [0.13076, 482460.0], [0.13077, 944123.0], [0.13078, 1274235.0], [0.13079, 637044.0], [0.1308, 783711.0], [0.13081, 480335.0], [0.13082, 612934.0], [0.13083, 1358999.0], [0.13084, 478436.0], [0.13085, 731890.0], [0.13086, 337337.0], [0.13087, 655655.0], [0.13088, 621513.0], [0.13089, 510588.0], [0.1309, 563132.0], [0.13091, 1180206.0], [0.13092, 214969.0], [0.13093, 556198.0]], "timestamp": "2025-12-17T07:28:35.321534+00:00"}, {"symbol": "DOGEUSDT", "bids": [[0.13073, 320351.0], [0.13072, 231918.0], [0.13071, 437819.0], [0.1307, 568588.0], [0.13069, 709995.0], [0.13068, 347250.0], [0.13067, 938234.0], [0.13066, 694272.0], [0.13065, 693831.0], [0.13064, 1220185.0], [0.13063, 467597.0], [0.13062, 627092.0], [0.13061, 480236.0], [0.1306, 902002.0], [0.13059, 1199653.0], [0.13058, 435712.0], [0.13057, 657778.0], [0.13056, 667363.0], [0.13055, 674092.0], [0.13054, 1666568.0]], "asks": [[0.13074, 131268.0], [0.13075, 288553.0], [0.13076, 393470.0], [0.13077, 638826.0], [0.13078, 989598.0], [0.13079, 785678.0], [0.1308, 730793.0], [0.13081, 407995.0], [0.13082, 704424.0], [0.13083, 1437525.0], [0.13084, 453577.0], [0.13085, 739121.0], [0.13086, 298137.0], [0.13087, 795543.0], [0.13088, 654554.0], [0.13089, 596964.0], [0.1309, 556849.0], [0.13091, 1039924.0], [0.13092, 327818.0], [0.13093, 1115024.0]], "timestamp": "2025-12-17T07:29:27.004090+00:00"}, {"symbol": "DOGEUSDT", "bids": [[0.13064, 385982.0], [0.13063, 358703.0], [0.13062, 359010.0], [0.13061, 304214.0], [0.1306, 702449.0], [0.13059, 1353674.0], [0.13058, 898605.0], [0.13057, 473293.0], [0.13056, 751918.0], [0.13055, 1427043.0], [0.13054, 703900.0], [0.13053, 618321.0], [0.13052, 1593468.0], [0.13051, 426861.0], [0.1305, 610152.0], [0.13049, 855916.0], [0.13048, 561652.0], [0.13047, 865236.0], [0.13046, 772050.0], [0.13045, 738923.0]], "asks": [[0.13065, 28454.0], [0.13066, 276094.0], [0.13067, 405829.0], [0.13068, 514160.0], [0.13069, 1378468.0], [0.1307, 965071.0], [0.13071, 460969.0], [0.13072, 464541.0], [0.13073, 740715.0], [0.13074, 1031572.0], [0.13075, 1457999.0], [0.13076, 674896.0], [0.13077, 210769.0], [0.13078, 485360.0], [0.13079, 690955.0], [0.1308, 792719.0], [0.13081, 229787.0], [0.13082, 618053.0], [0.13083, 750589.0], [0.13084, 418081.0]], "timestamp": "2025-12-17T07:30:18.356157+00:00"}, {"symbol": "DOGEUSDT", "bids": [[0.1308, 94379.0], [0.13079, 275529.0], [0.13078, 675628.0], [0.13077, 720670.0], [0.13076, 955535.0], [0.13075, 1106885.0], [0.13074, 1229997.0], [0.13073, 923174.0], [0.13072, 893804.0], [0.13071, 587632.0], [0.1307, 689042.0], [0.13069, 1393935.0], [0.13068, 504478.0], [0.13067, 478066.0], [0.13066, 804369.0], [0.13065, 1015316.0], [0.13064, 299982.0], [0.13063, 563632.0], [0.13062, 643811.0], [0.13061, 758705.0]], "asks": [[0.13081, 224132.0], [0.13082, 240784.0], [0.13083, 413380.0], [0.13084, 512899.0], [0.13085, 698602.0], [0.13086, 509704.0], [0.13087, 888839.0], [0.13088, 711492.0], [0.13089, 512532.0], [0.1309, 1255846.0], [0.13091, 633627.0], [0.13092, 421963.0], [0.13093, 503572.0], [0.13094, 671805.0], [0.13095, 687236.0], [0.13096, 863088.0], [0.13097, 1420062.0], [0.13098, 395312.0], [0.13099, 749374.0], [0.131, 986691.0]], "timestamp": "2025-12-17T07:31:10.384332+00:00"}, {"symbol": "DOGEUSDT", "bids": [[0.13084, 801700.0], [0.13083, 697137.0], [0.13082, 517126.0], [0.13081, 451405.0], [0.1308, 713979.0], [0.13079, 818491.0], [0.13078, 836982.0], [0.13077, 771283.0], [0.13076, 1112707.0], [0.13075, 923671.0], [0.13074, 1477877.0], [0.13073, 357356.0], [0.13072, 477237.0], [0.13071, 367424.0], [0.1307, 804500.0], [0.13069, 963303.0], [0.13068, 402074.0], [0.13067, 314299.0], [0.13066, 764722.0], [0.13065, 807023.0]], "asks": [[0.13085, 111860.0], [0.13086, 90836.0], [0.13087, 231277.0], [0.13088, 336538.0], [0.13089, 733641.0], [0.1309, 844382.0], [0.13091, 671910.0], [0.13092, 619325.0], [0.13093, 425103.0], [0.13094, 654747.0], [0.13095, 667460.0], [0.13096, 623176.0], [0.13097, 407093.0], [0.13098, 361118.0], [0.13099, 813883.0], [0.131, 756749.0], [0.13101, 1161742.0], [0.13102, 1063814.0], [0.13103, 805154.0], [0.13104, 1591994.0]], "timestamp": "2025-12-17T07:32:02.897809+00:00"}, {"symbol": "DOGEUSDT", "bids": [[0.13074, 629750.0], [0.13073, 279427.0], [0.13072, 484214.0], [0.13071, 401343.0], [0.1307, 780432.0], [0.13069, 718922.0], [0.13068, 764080.0], [0.13067, 387522.0], [0.13066, 1551086.0], [0.13065, 432171.0], [0.13064, 371581.0], [0.13063, 507363.0], [0.13062, 650052.0], [0.13061, 418233.0], [0.1306, 862589.0], [0.13059, 1271624.0], [0.13058, 1325110.0], [0.13057, 766018.0], [0.13056, 1576648.0], [0.13055, 848046.0]], "asks": [[0.13075, 20733.0], [0.13076, 74837.0], [0.13077, 284690.0], [0.13078, 547815.0], [0.13079, 901859.0], [0.1308, 995370.0], [0.13081, 929644.0], [0.13082, 647613.0], [0.13083, 616056.0], [0.13084, 1264692.0], [0.13085, 562307.0], [0.13086, 513935.0], [0.13087, 474907.0], [0.13088, 252850.0], [0.13089, 406301.0], [0.1309, 588392.0], [0.13091, 963432.0], [0.13092, 700223.0], [0.13093, 574326.0], [0.13094, 1399747.0]], "timestamp": "2025-12-17T07:32:55.002648+00:00"}, {"symbol": "DOGEUSDT", "bids": [[0.13084, 612862.0], [0.13083, 323191.0], [0.13082, 538964.0], [0.13081, 724006.0], [0.1308, 731749.0], [0.13079, 946431.0], [0.13078, 1217396.0], [0.13077, 687869.0], [0.13076, 874405.0], [0.13075, 1853564.0], [0.13074, 752794.0], [0.13073, 491351.0], [0.13072, 551369.0], [0.13071, 353670.0], [0.1307, 672162.0], [0.13069, 746723.0], [0.13068, 780508.0], [0.13067, 387420.0], [0.13066, 756100.0], [0.13065, 677454.0]], "asks": [[0.13085, 96181.0], [0.13086, 86883.0], [0.13087, 150723.0], [0.13088, 355616.0], [0.13089, 899270.0], [0.1309, 749921.0], [0.13091, 521836.0], [0.13092, 676169.0], [0.13093, 1256725.0], [0.13094, 416592.0], [0.13095, 680111.0], [0.13096, 738415.0], [0.13097, 1233143.0], [0.13098, 513384.0], [0.13099, 661154.0], [0.131, 736816.0], [0.13101, 412724.0], [0.13102, 1006173.0], [0.13103, 1163955.0], [0.13104, 1114664.0]], "timestamp": "2025-12-17T07:33:46.586863+00:00"}, {"symbol": "DOGEUSDT", "bids": [[0.13095, 12535.0], [0.13094, 240438.0], [0.13093, 395179.0], [0.13092, 423147.0], [0.13091, 1232975.0], [0.1309, 1086292.0], [0.13089, 1092101.0], [0.13088, 546276.0], [0.13087, 547857.0], [0.13086, 724708.0], [0.13085, 1536583.0], [0.13084, 566891.0], [0.13083, 839077.0], [0.13082, 633731.0], [0.13081, 522721.0], [0.1308, 466097.0], [0.13079, 706724.0], [0.13078, 1195258.0], [0.13077, 1024198.0], [0.13076, 579632.0]], "asks": [[0.13096, 411220.0], [0.13097, 510846.0], [0.13098, 409307.0], [0.13099, 335325.0], [0.131, 587806.0], [0.13101, 696409.0], [0.13102, 807709.0], [0.13103, 1215050.0], [0.13104, 544968.0], [0.13105, 525920.0], [0.13106, 584500.0], [0.13107, 520273.0], [0.13108, 665076.0], [0.13109, 472666.0], [0.1311, 682828.0], [0.13111, 693635.0], [0.13112, 598619.0], [0.13113, 789402.0], [0.13114, 623169.0], [0.13115, 992528.0]], "timestamp": "2025-12-17T07:34:38.068671+00:00"}, {"symbol": "DOGEUSDT", "bids": [[0.13121, 1096677.0], [0.1312, 80903.0], [0.13119, 106956.0], [0.13118, 279590.0], [0.13117, 898864.0], [0.13116, 617511.0], [0.13115, 893581.0], [0.13114, 503154.0], [0.13113, 449089.0], [0.13112, 629142.0], [0.13111, 445953.0], [0.1311, 1567346.0], [0.13109, 612505.0], [0.13108, 280297.0], [0.13107, 532700.0], [0.13106, 768689.0], [0.13105, 898423.0], [0.13104, 633311.0], [0.13103, 604583.0], [0.13102, 1544913.0]], "asks": [[0.13122, 539567.0], [0.13123, 797804.0], [0.13124, 307963.0], [0.13125, 496188.0], [0.13126, 894829.0], [0.13127, 618212.0], [0.13128, 710196.0], [0.13129, 553633.0], [0.1313, 1551627.0], [0.13131, 404516.0], [0.13132, 286340.0], [0.13133, 533779.0], [0.13134, 324126.0], [0.13135, 355777.0], [0.13136, 694155.0], [0.13137, 320496.0], [0.13138, 731294.0], [0.13139, 778351.0], [0.1314, 857460.0], [0.13141, 680457.0]], "timestamp": "2025-12-17T07:35:29.461184+00:00"}, {"symbol": "DOGEUSDT", "bids": [[0.13105, 238001.0], [0.13104, 175159.0], [0.13103, 272392.0], [0.13102, 384408.0], [0.13101, 675526.0], [0.131, 548178.0], [0.13099, 778050.0], [0.13098, 749430.0], [0.13097, 901582.0], [0.13096, 623431.0], [0.13095, 1439491.0], [0.13094, 640311.0], [0.13093, 405779.0], [0.13092, 546924.0], [0.13091, 483028.0], [0.1309, 666018.0], [0.13089, 439812.0], [0.13088, 888933.0], [0.13087, 777035.0], [0.13086, 561523.0]], "asks": [[0.13106, 50751.0], [0.13107, 116214.0], [0.13108, 379894.0], [0.13109, 598408.0], [0.1311, 683890.0], [0.13111, 1014552.0], [0.13112, 895527.0], [0.13113, 1188616.0], [0.13114, 1569504.0], [0.13115, 523655.0], [0.13116, 374706.0], [0.13117, 551470.0], [0.13118, 443411.0], [0.13119, 456468.0], [0.1312, 217987.0], [0.13121, 790131.0], [0.13122, 608349.0], [0.13123, 382410.0], [0.13124, 1327581.0], [0.13125, 656568.0]], "timestamp": "2025-12-17T07:36:21.008010+00:00"}, {"symbol": "DOGEUSDT", "bids": [[0.13108, 160637.0], [0.13107, 312735.0], [0.13106, 887927.0], [0.13105, 961538.0], [0.13104, 1024049.0], [0.13103, 733501.0], [0.13102, 549609.0], [0.13101, 761452.0], [0.131, 536556.0], [0.13099, 706331.0], [0.13098, 1529368.0], [0.13097, 700892.0], [0.13096, 601138.0], [0.13095, 455805.0], [0.13094, 656993.0], [0.13093, 378768.0], [0.13092, 732090.0], [0.13091, 427403.0], [0.1309, 686476.0], [0.13089, 579868.0]], "asks": [[0.13109, 154234.0], [0.1311, 156189.0], [0.13111, 222556.0], [0.13112, 384596.0], [0.13113, 555177.0], [0.13114, 443374.0], [0.13115, 915271.0], [0.13116, 1506126.0], [0.13117, 531762.0], [0.13118, 411432.0], [0.13119, 597456.0], [0.1312, 290358.0], [0.13121, 543254.0], [0.13122, 799279.0], [0.13123, 496852.0], [0.13124, 1208735.0], [0.13125, 1023844.0], [0.13126, 1057163.0], [0.13127, 511199.0], [0.13128, 928689.0]], "timestamp": "2025-12-17T07:37:12.937859+00:00"}