[{"id": "980840920", "price": 0.12611, "amount": 587.0, "side": "sell", "timestamp": 1766014889914}, {"id": "980840921", "price": 0.12611, "amount": 1407.0, "side": "sell", "timestamp": 1766014890065}, {"id": "980840922", "price": 0.12611, "amount": 320.0, "side": "sell", "timestamp": 1766014890199}, {"id": "980840923", "price": 0.12612, "amount": 24883.0, "side": "buy", "timestamp": 1766014890522}, {"id": "980840924", "price": 0.12611, "amount": 100.0, "side": "sell", "timestamp": 1766014890526}, {"id": "980840925", "price": 0.12612, "amount": 13603.0, "side": "buy", "timestamp": 1766014890527}, {"id": "980840926", "price": 0.12612, "amount": 134.0, "side": "sell", "timestamp": 1766014890555}, {"id": "980840927", "price": 0.12612, "amount": 1750.0, "side": "sell", "timestamp": 1766014890890}, {"id": "980840928", "price": 0.12611, "amount": 4373.0, "side": "sell", "timestamp": 1766014890897}, {"id": "980840929", "price": 0.1261, "amount": 1419.0, "side": "sell", "timestamp": 1766014891028}, {"id": "980840930", "price": 0.1261, "amount": 1852.0, "side": "sell", "timestamp": 1766014891139}, {"id": "980840931", "price": 0.1261, "amount": 115.0, "side": "sell", "timestamp": 1766014891264}, {"id": "980840932", "price": 0.12611, "amount": 529.0, "side": "buy", "timestamp": 1766014891301}, {"id": "980840933", "price": 0.1261, "amount": 96.0, "side": "sell", "timestamp": 1766014891702}, {"id": "980840934", "price": 0.12611, "amount": 203.0, "side": "buy", "timestamp": 1766014891771}, {"id": "980840935", "price": 0.1261, "amount": 2676.0, "side": "sell", "timestamp": 1766014891927}, {"id": "980840936", "price": 0.1261, "amount": 1536.0, "side": "sell", "timestamp": 1766014892035}, {"id": "980840937", "price": 0.12611, "amount": 792.0, "side": "buy", "timestamp": 1766014892061}, {"id": "980840938", "price": 0.1261, "amount": 11687.0, "side": "sell", "timestamp": 1766014892105}, {"id": "980840939", "price": 0.1261, "amount": 1734.0, "side": "sell", "timestamp": 1766014892242}, {"id": "980840940", "price": 0.1261, "amount": 1235.0, "side": "sell", "timestamp": 1766014892349}, {"id": "980840941", "price": 0.1261, "amount": 818.0, "side": "sell", "timestamp": 1766014892489}, {"id": "980840942", "price": 0.1261, "amount": 2595.0, "side": "sell", "timestamp": 1766014892766}, {"id": "980840943", "price": 0.1261, "amount": 1411.0, "side": "sell", "timestamp": 1766014892991}, {"id": "980840944", "price": 0.12611, "amount": 3236.0, "side": "buy", "timestamp": 1766014893102}, {"id": "980840945", "price": 0.12611, "amount": 57.0, "side": "buy", "timestamp": 1766014893869}, {"id": "980840946", "price": 0.1261, "amount": 1132.0, "side": "sell", "timestamp": 1766014893874}, {"id": "980840947", "price": 0.1261, "amount": 4692.0, "side": "sell", "timestamp": 1766014894152}, {"id": "980840948", "price": 0.12611, "amount": 435.0, "side": "buy", "timestamp": 1766014894206}, {"id": "980840949", "price": 0.1261, "amount": 1462.0, "side": "sell", "timestamp": 1766014894319}, {"id": "980840950", "price": 0.1261, "amount": 10704.0, "side": "sell", "timestamp": 1766014894587}, {"id": "980840951", "price": 0.1261, "amount": 1220.0, "side": "sell", "timestamp": 1766014894816}, {"id": "980840952", "price": 0.1261, "amount": 2652.0, "side": "sell", "timestamp": 1766014894941}, {"id": "980840953", "price": 0.1261, "amount": 26088.0, "side": "sell", "timestamp": 1766014895055}, {"id": "980840954", "price": 0.1261, "amount": 454.0, "side": "sell", "timestamp": 1766014895177}, {"id": "980840955", "price": 0.12609, "amount": 793.0, "side": "sell", "timestamp": 1766014895189}, {"id": "980840956", "price": 0.1261, "amount": 231.0, "side": "buy", "timestamp": 1766014895215}, {"id": "980840957", "price": 0.12609, "amount": 100142.0, "side": "sell", "timestamp": 1766014895236}, {"id": "980840958", "price": 0.12609, "amount": 1307.0, "side": "sell", "timestamp": 1766014895480}, {"id": "980840959", "price": 0.1261, "amount": 33530.0, "side": "buy", "timestamp": 1766014895524}, {"id": "980840960", "price": 0.1261, "amount": 1172.0, "side": "sell", "timestamp": 1766014895554}, {"id": "980840961", "price": 0.1261, "amount": 30855.0, "side": "sell", "timestamp": 1766014895669}, {"id": "980840962", "price": 0.12609, "amount": 974.0, "side": "sell", "timestamp": 1766014895712}, {"id": "980840963", "price": 0.12609, "amount": 1648.0, "side": "buy", "timestamp": 1766014895793}, {"id": "980840964", "price": 0.12608, "amount": 39702.0, "side": "sell", "timestamp": 1766014895967}, {"id": "980840965", "price": 0.12608, "amount": 705.0, "side": "sell", "timestamp": 1766014896293}, {"id": "980840966", "price": 0.12608, "amount": 7748.0, "side": "sell", "timestamp": 1766014896443}, {"id": "980840967", "price": 0.12608, "amount": 4636.0, "side": "sell", "timestamp": 1766014896672}, {"id": "980840968", "price": 0.12608, "amount": 1841.0, "side": "sell", "timestamp": 1766014896919}, {"id": "980840969", "price": 0.12608, "amount": 39703.0, "side": "sell", "timestamp": 1766014897106}, {"id": "980841044", "price": 0.12609, "amount": 254.0, "side": "sell", "timestamp": 1766014929183}, {"id": "980841045", "price": 0.12609, "amount": 640.0, "side": "sell", "timestamp": 1766014929387}, {"id": "980841046", "price": 0.12609, "amount": 103495.0, "side": "buy", "timestamp": 1766014929502}, {"id": "980841047", "price": 0.1261, "amount": 87179.0, "side": "buy", "timestamp": 1766014930606}, {"id": "980841048", "price": 0.1261, "amount": 111.0, "side": "sell", "timestamp": 1766014931021}, {"id": "980841049", "price": 0.12611, "amount": 4799.0, "side": "buy", "timestamp": 1766014931631}, {"id": "980841050", "price": 0.12612, "amount": 56.0, "side": "buy", "timestamp": 1766014933320}, {"id": "980841051", "price": 0.12611, "amount": 423.0, "side": "sell", "timestamp": 1766014933588}, {"id": "980841052", "price": 0.12611, "amount": 111.0, "side": "sell", "timestamp": 1766014934082}, {"id": "980841053", "price": 0.12611, "amount": 50.0, "side": "sell", "timestamp": 1766014934769}, {"id": "980841054", "price": 0.12611, "amount": 94.0, "side": "sell", "timestamp": 1766014934893}, {"id": "980841055", "price": 0.12611, "amount": 54.0, "side": "sell", "timestamp": 1766014935078}, {"id": "980841056", "price": 0.12612, "amount": 618.0, "side": "buy", "timestamp": 1766014935990}, {"id": "980841057", "price": 0.12612, "amount": 46413.0, "side": "buy", "timestamp": 1766014936759}, {"id": "980841058", "price": 0.12611, "amount": 29147.0, "side": "sell", "timestamp": 1766014937108}, {"id": "980841059", "price": 0.12611, "amount": 399.0, "side": "buy", "timestamp": 1766014937335}, {"id": "980841060", "price": 0.1261, "amount": 489.0, "side": "sell", "timestamp": 1766014937839}, {"id": "980841061", "price": 0.12611, "amount": 47.0, "side": "buy", "timestamp": 1766014938158}, {"id": "980841062", "price": 0.1261, "amount": 74.0, "side": "sell", "timestamp": 1766014938501}, {"id": "980841063", "price": 0.12611, "amount": 57.0, "side": "buy", "timestamp": 1766014938774}, {"id": "980841064", "price": 0.1261, "amount": 111.0, "side": "sell", "timestamp": 1766014940125}, {"id": "980841065", "price": 0.12611, "amount": 97146.0, "side": "buy", "timestamp": 1766014940358}, {"id": "980841066", "price": 0.12612, "amount": 160.0, "side": "buy", "timestamp": 1766014941268}, {"id": "980841067", "price": 0.12611, "amount": 47.0, "side": "sell", "timestamp": 1766014941276}, {"id": "980841068", "price": 0.12611, "amount": 93.0, "side": "sell", "timestamp": 1766014941432}, {"id": "980841069", "price": 0.12612, "amount": 96.0, "side": "buy", "timestamp": 1766014941804}, {"id": "980841070", "price": 0.12611, "amount": 56.0, "side": "sell", "timestamp": 1766014941902}, {"id": "980841071", "price": 0.12612, "amount": 53.0, "side": "buy", "timestamp": 1766014942042}, {"id": "980841072", "price": 0.12611, "amount": 107.0, "side": "sell", "timestamp": 1766014942700}, {"id": "980841073", "price": 0.12611, "amount": 111.0, "side": "sell", "timestamp": 1766014943158}, {"id": "980841074", "price": 0.12611, "amount": 5783.0, "side": "sell", "timestamp": 1766014944609}, {"id": "980841075", "price": 0.12612, "amount": 11954.0, "side": "buy", "timestamp": 1766014945563}, {"id": "980841076", "price": 0.12612, "amount": 143.0, "side": "sell", "timestamp": 1766014945975}, {"id": "980841077", "price": 0.12612, "amount": 111.0, "side": "sell", "timestamp": 1766014946200}, {"id": "980841078", "price": 0.12613, "amount": 3494.0, "side": "buy", "timestamp": 1766014947458}, {"id": "980841079", "price": 0.12612, "amount": 81.0, "side": "sell", "timestamp": 1766014947917}, {"id": "980841080", "price": 0.12613, "amount": 1925.0, "side": "buy", "timestamp": 1766014948018}, {"id": "980841081", "price": 0.12613, "amount": 234.0, "side": "buy", "timestamp": 1766014948161}, {"id": "980841082", "price": 0.12613, "amount": 396.0, "side": "buy", "timestamp": 1766014948854}, {"id": "980841083", "price": 0.12612, "amount": 111.0, "side": "sell", "timestamp": 1766014949053}, {"id": "980841084", "price": 0.12612, "amount": 54.0, "side": "sell", "timestamp": 1766014951156}, {"id": "980841085", "price": 0.12613, "amount": 476.0, "side": "buy", "timestamp": 1766014951382}, {"id": "980841086", "price": 0.12612, "amount": 500.0, "side": "sell", "timestamp": 1766014951953}, {"id": "980841087", "price": 0.12612, "amount": 111.0, "side": "sell", "timestamp": 1766014952074}, {"id": "980841088", "price": 0.12612, "amount": 155.0, "side": "sell", "timestamp": 1766014953335}, {"id": "980841089", "price": 0.12613, "amount": 61.0, "side": "buy", "timestamp": 1766014953374}, {"id": "980841090", "price": 0.12613, "amount": 58.0, "side": "buy", "timestamp": 1766014954341}, {"id": "980841091", "price": 0.12613, "amount": 2596.0, "side": "buy", "timestamp": 1766014954594}, {"id": "980841092", "price": 0.12612, "amount": 111.0, "side": "sell", "timestamp": 1766014955143}, {"id": "980841093", "price": 0.12613, "amount": 95.0, "side": "buy", "timestamp": 1766014955650}, {"id": "980841124", "price": 0.12612, "amount": 65.0, "side": "sell", "timestamp": 1766014981049}, {"id": "980841125", "price": 0.12612, "amount": 261.0, "side": "sell", "timestamp": 1766014981516}, {"id": "980841126", "price": 0.12612, "amount": 111.0, "side": "sell", "timestamp": 1766014982082}, {"id": "980841127", "price": 0.12613, "amount": 48.0, "side": "buy", "timestamp": 1766014984799}, {"id": "980841128", "price": 0.12613, "amount": 281.0, "side": "buy", "timestamp": 1766014984922}, {"id": "980841129", "price": 0.12613, "amount": 299.0, "side": "buy", "timestamp": 1766014985025}, {"id": "980841130", "price": 0.12613, "amount": 57.0, "side": "buy", "timestamp": 1766014985134}, {"id": "980841131", "price": 0.12612, "amount": 111.0, "side": "sell", "timestamp": 1766014985140}, {"id": "980841132", "price": 0.12613, "amount": 169.0, "side": "buy", "timestamp": 1766014985366}, {"id": "980841133", "price": 0.12613, "amount": 77.0, "side": "buy", "timestamp": 1766014985468}, {"id": "980841134", "price": 0.12613, "amount": 84.0, "side": "buy", "timestamp": 1766014985838}, {"id": "980841135", "price": 0.12612, "amount": 79.0, "side": "sell", "timestamp": 1766014986763}, {"id": "980841136", "price": 0.12613, "amount": 142.0, "side": "buy", "timestamp": 1766014986993}, {"id": "980841137", "price": 0.12612, "amount": 95.0, "side": "sell", "timestamp": 1766014987538}, {"id": "980841138", "price": 0.12612, "amount": 111.0, "side": "sell", "timestamp": 1766014988023}, {"id": "980841139", "price": 0.12612, "amount": 11214.0, "side": "sell", "timestamp": 1766014989170}, {"id": "980841140", "price": 0.12613, "amount": 44.0, "side": "buy", "timestamp": 1766014989518}, {"id": "980841141", "price": 0.12613, "amount": 76.0, "side": "buy", "timestamp": 1766014990221}, {"id": "980841142", "price": 0.12612, "amount": 111.0, "side": "sell", "timestamp": 1766014991090}, {"id": "980841143", "price": 0.12613, "amount": 95.0, "side": "buy", "timestamp": 1766014991639}, {"id": "980841144", "price": 0.12612, "amount": 66.0, "side": "sell", "timestamp": 1766014992141}, {"id": "980841145", "price": 0.12612, "amount": 134544.0, "side": "sell", "timestamp": 1766014993198}, {"id": "980841146", "price": 0.12611, "amount": 51.0, "side": "sell", "timestamp": 1766014993662}, {"id": "980841147", "price": 0.12611, "amount": 158.0, "side": "sell", "timestamp": 1766014994050}, {"id": "980841148", "price": 0.12612, "amount": 48.0, "side": "buy", "timestamp": 1766014994700}, {"id": "980841149", "price": 0.12612, "amount": 40.0, "side": "buy", "timestamp": 1766014995422}, {"id": "980841150", "price": 0.12611, "amount": 48.0, "side": "sell", "timestamp": 1766014996827}, {"id": "980841151", "price": 0.12611, "amount": 111.0, "side": "sell", "timestamp": 1766014997153}, {"id": "980841152", "price": 0.12612, "amount": 7500.0, "side": "buy", "timestamp": 1766014998515}, {"id": "980841153", "price": 0.12611, "amount": 115.0, "side": "sell", "timestamp": 1766014999585}, {"id": "980841154", "price": 0.12611, "amount": 67.0, "side": "sell", "timestamp": 1766014999904}, {"id": "980841155", "price": 0.12612, "amount": 58.0, "side": "buy", "timestamp": 1766015000144}, {"id": "980841156", "price": 0.12611, "amount": 111.0, "side": "sell", "timestamp": 1766015000193}, {"id": "980841157", "price": 0.12611, "amount": 62.0, "side": "sell", "timestamp": 1766015002718}, {"id": "980841158", "price": 0.12611, "amount": 111.0, "side": "sell", "timestamp": 1766015003006}, {"id": "980841159", "price": 0.12612, "amount": 24053.0, "side": "buy", "timestamp": 1766015003133}, {"id": "980841160", "price": 0.12612, "amount": 66.0, "side": "sell", "timestamp": 1766015003192}, {"id": "980841161", "price": 0.12612, "amount": 54.0, "side": "sell", "timestamp": 1766015003424}, {"id": "980841162", "price": 0.12613, "amount": 20662.0, "side": "buy", "timestamp": 1766015004370}, {"id": "980841163", "price": 0.12614, "amount": 9448.0, "side": "buy", "timestamp": 1766015004580}, {"id": "980841164", "price": 0.12615, "amount": 2784.0, "side": "buy", "timestamp": 1766015004715}, {"id": "980841165", "price": 0.12616, "amount": 150.0, "side": "buy", "timestamp": 1766015005840}, {"id": "980841166", "price": 0.12615, "amount": 111.0, "side": "sell", "timestamp": 1766015006036}, {"id": "980841167", "price": 0.12615, "amount": 40.0, "side": "sell", "timestamp": 1766015006620}, {"id": "980841168", "price": 0.12615, "amount": 111.0, "side": "sell", "timestamp": 1766015009066}, {"id": "980841169", "price": 0.12615, "amount": 45.0, "side": "sell", "timestamp": 1766015009616}, {"id": "980841170", "price": 0.12615, "amount": 215.0, "side": "sell", "timestamp": 1766015011077}, {"id": "980841171", "price": 0.12615, "amount": 111.0, "side": "sell", "timestamp": 1766015012096}, {"id": "980841172", "price": 0.12616, "amount": 42009.0, "side": "buy", "timestamp": 1766015012173}, {"id": "980841173", "price": 0.12617, "amount": 57.0, "side": "buy", "timestamp": 1766015012211}, {"id": "980841216", "price": 0.12612, "amount": 988.0, "side": "buy", "timestamp": 1766015041821}, {"id": "980841217", "price": 0.12611, "amount": 111.0, "side": "sell", "timestamp": 1766015042026}, {"id": "980841218", "price": 0.12612, "amount": 67.0, "side": "buy", "timestamp": 1766015042070}, {"id": "980841219", "price": 0.12612, "amount": 109.0, "side": "buy", "timestamp": 1766015042229}, {"id": "980841220", "price": 0.12612, "amount": 53.0, "side": "buy", "timestamp": 1766015042449}, {"id": "980841221", "price": 0.12612, "amount": 57.0, "side": "buy", "timestamp": 1766015043048}, {"id": "980841222", "price": 0.12612, "amount": 72.0, "side": "buy", "timestamp": 1766015043163}, {"id": "980841223", "price": 0.12612, "amount": 60.0, "side": "buy", "timestamp": 1766015044187}, {"id": "980841224", "price": 0.12612, "amount": 202.0, "side": "buy", "timestamp": 1766015044565}, {"id": "980841225", "price": 0.12612, "amount": 178.0, "side": "buy", "timestamp": 1766015045040}, {"id": "980841226", "price": 0.12611, "amount": 111.0, "side": "sell", "timestamp": 1766015045068}, {"id": "980841227", "price": 0.12612, "amount": 244.0, "side": "buy", "timestamp": 1766015045071}, {"id": "980841228", "price": 0.12611, "amount": 51.0, "side": "sell", "timestamp": 1766015045170}, {"id": "980841229", "price": 0.12612, "amount": 167.0, "side": "buy", "timestamp": 1766015045402}, {"id": "980841230", "price": 0.12612, "amount": 84527.0, "side": "buy", "timestamp": 1766015046650}, {"id": "980841231", "price": 0.12613, "amount": 153341.0, "side": "buy", "timestamp": 1766015046651}, {"id": "980841232", "price": 0.12613, "amount": 176.0, "side": "buy", "timestamp": 1766015047135}, {"id": "980841233", "price": 0.12612, "amount": 49.0, "side": "sell", "timestamp": 1766015047227}, {"id": "980841234", "price": 0.12612, "amount": 1204.0, "side": "sell", "timestamp": 1766015047750}, {"id": "980841235", "price": 0.12611, "amount": 111.0, "side": "sell", "timestamp": 1766015048085}, {"id": "980841236", "price": 0.12611, "amount": 1186.0, "side": "sell", "timestamp": 1766015050797}, {"id": "980841237", "price": 0.12611, "amount": 111.0, "side": "sell", "timestamp": 1766015051119}, {"id": "980841238", "price": 0.12612, "amount": 116.0, "side": "buy", "timestamp": 1766015052113}, {"id": "980841239", "price": 0.12611, "amount": 111.0, "side": "sell", "timestamp": 1766015054148}, {"id": "980841240", "price": 0.12612, "amount": 399.0, "side": "buy", "timestamp": 1766015055936}, {"id": "980841241", "price": 0.12611, "amount": 128372.0, "side": "sell", "timestamp": 1766015056018}, {"id": "980841242", "price": 0.1261, "amount": 130971.0, "side": "sell", "timestamp": 1766015056018}, {"id": "980841243", "price": 0.12609, "amount": 32446.0, "side": "sell", "timestamp": 1766015056018}, {"id": "980841244", "price": 0.12611, "amount": 1165.0, "side": "buy", "timestamp": 1766015056043}, {"id": "980841245", "price": 0.1261, "amount": 2164.0, "side": "sell", "timestamp": 1766015056078}, {"id": "980841246", "price": 0.1261, "amount": 20900.0, "side": "sell", "timestamp": 1766015056212}, {"id": "980841247", "price": 0.1261, "amount": 6520.0, "side": "sell", "timestamp": 1766015056353}, {"id": "980841248", "price": 0.12609, "amount": 16888.0, "side": "sell", "timestamp": 1766015056353}, {"id": "980841249", "price": 0.12609, "amount": 111.0, "side": "sell", "timestamp": 1766015057173}, {"id": "980841250", "price": 0.1261, "amount": 479.0, "side": "buy", "timestamp": 1766015059331}, {"id": "980841251", "price": 0.12609, "amount": 111.0, "side": "sell", "timestamp": 1766015060191}, {"id": "980841252", "price": 0.12609, "amount": 40.0, "side": "sell", "timestamp": 1766015060782}, {"id": "980841253", "price": 0.12609, "amount": 49.0, "side": "sell", "timestamp": 1766015061476}, {"id": "980841254", "price": 0.12609, "amount": 111.0, "side": "sell", "timestamp": 1766015063025}, {"id": "980841255", "price": 0.1261, "amount": 96.0, "side": "buy", "timestamp": 1766015063646}, {"id": "980841256", "price": 0.12609, "amount": 51.0, "side": "sell", "timestamp": 1766015063788}, {"id": "980841257", "price": 0.1261, "amount": 164.0, "side": "buy", "timestamp": 1766015064166}, {"id": "980841258", "price": 0.12609, "amount": 18635.0, "side": "sell", "timestamp": 1766015064409}, {"id": "980841259", "price": 0.1261, "amount": 6852.0, "side": "buy", "timestamp": 1766015064461}, {"id": "980841260", "price": 0.12609, "amount": 6353.0, "side": "sell", "timestamp": 1766015064651}, {"id": "980841261", "price": 0.1261, "amount": 692.0, "side": "buy", "timestamp": 1766015065022}, {"id": "980841262", "price": 0.12609, "amount": 60.0, "side": "sell", "timestamp": 1766015065180}, {"id": "980841263", "price": 0.12609, "amount": 111.0, "side": "sell", "timestamp": 1766015066065}, {"id": "980841264", "price": 0.1261, "amount": 237.0, "side": "buy", "timestamp": 1766015066629}, {"id": "980841265", "price": 0.12609, "amount": 111.0, "side": "sell", "timestamp": 1766015069120}, {"id": "980841309", "price": 0.1261, "amount": 1136.0, "side": "sell", "timestamp": 1766015101328}, {"id": "980841310", "price": 0.1261, "amount": 118.0, "side": "sell", "timestamp": 1766015101644}, {"id": "980841311", "price": 0.1261, "amount": 2117.0, "side": "sell", "timestamp": 1766015101844}, {"id": "980841312", "price": 0.1261, "amount": 296.0, "side": "sell", "timestamp": 1766015101985}, {"id": "980841313", "price": 0.12611, "amount": 95.0, "side": "buy", "timestamp": 1766015102079}, {"id": "980841314", "price": 0.1261, "amount": 61.0, "side": "sell", "timestamp": 1766015102169}, {"id": "980841315", "price": 0.12611, "amount": 70.0, "side": "buy", "timestamp": 1766015102238}, {"id": "980841316", "price": 0.12611, "amount": 41.0, "side": "buy", "timestamp": 1766015102832}, {"id": "980841317", "price": 0.1261, "amount": 238.0, "side": "sell", "timestamp": 1766015103244}, {"id": "980841318", "price": 0.1261, "amount": 128.0, "side": "sell", "timestamp": 1766015103450}, {"id": "980841319", "price": 0.12611, "amount": 7929.0, "side": "buy", "timestamp": 1766015103738}, {"id": "980841320", "price": 0.12611, "amount": 23602.0, "side": "buy", "timestamp": 1766015104385}, {"id": "980841321", "price": 0.12612, "amount": 63.0, "side": "buy", "timestamp": 1766015104403}, {"id": "980841322", "price": 0.12612, "amount": 70.0, "side": "buy", "timestamp": 1766015104882}, {"id": "980841323", "price": 0.12612, "amount": 122.0, "side": "buy", "timestamp": 1766015105032}, {"id": "980841324", "price": 0.12612, "amount": 89.0, "side": "buy", "timestamp": 1766015105474}, {"id": "980841325", "price": 0.12612, "amount": 62598.0, "side": "buy", "timestamp": 1766015105781}, {"id": "980841326", "price": 0.12613, "amount": 248101.0, "side": "buy", "timestamp": 1766015105781}, {"id": "980841327", "price": 0.12614, "amount": 85748.0, "side": "buy", "timestamp": 1766015105781}, {"id": "980841328", "price": 0.12613, "amount": 41.0, "side": "sell", "timestamp": 1766015105833}, {"id": "980841329", "price": 0.12614, "amount": 70.0, "side": "buy", "timestamp": 1766015105919}, {"id": "980841330", "price": 0.12614, "amount": 276.0, "side": "buy", "timestamp": 1766015106093}, {"id": "980841331", "price": 0.12614, "amount": 40.0, "side": "buy", "timestamp": 1766015106197}, {"id": "980841332", "price": 0.12614, "amount": 7500.0, "side": "buy", "timestamp": 1766015106681}, {"id": "980841333", "price": 0.12613, "amount": 69.0, "side": "sell", "timestamp": 1766015106928}, {"id": "980841334", "price": 0.12614, "amount": 90.0, "side": "buy", "timestamp": 1766015107413}, {"id": "980841335", "price": 0.12613, "amount": 14447.0, "side": "sell", "timestamp": 1766015110853}, {"id": "980841336", "price": 0.12613, "amount": 2102.0, "side": "buy", "timestamp": 1766015111158}, {"id": "980841337", "price": 0.12612, "amount": 876.0, "side": "sell", "timestamp": 1766015111871}, {"id": "980841338", "price": 0.12611, "amount": 708.0, "side": "sell", "timestamp": 1766015113872}, {"id": "980841339", "price": 0.12612, "amount": 196.0, "side": "buy", "timestamp": 1766015115603}, {"id": "980841340", "price": 0.12611, "amount": 41.0, "side": "sell", "timestamp": 1766015117684}, {"id": "980841341", "price": 0.12612, "amount": 706.0, "side": "buy", "timestamp": 1766015117893}, {"id": "980841342", "price": 0.12611, "amount": 633.0, "side": "sell", "timestamp": 1766015118091}, {"id": "980841343", "price": 0.12611, "amount": 43.0, "side": "sell", "timestamp": 1766015118815}, {"id": "980841344", "price": 0.12612, "amount": 59.0, "side": "buy", "timestamp": 1766015119022}, {"id": "980841345", "price": 0.12611, "amount": 97.0, "side": "sell", "timestamp": 1766015119603}, {"id": "980841346", "price": 0.12611, "amount": 241.0, "side": "sell", "timestamp": 1766015120509}, {"id": "980841347", "price": 0.12611, "amount": 65.0, "side": "sell", "timestamp": 1766015122174}, {"id": "980841348", "price": 0.12612, "amount": 150.0, "side": "buy", "timestamp": 1766015123150}, {"id": "980841349", "price": 0.12611, "amount": 43.0, "side": "sell", "timestamp": 1766015123317}, {"id": "980841350", "price": 0.12611, "amount": 111.0, "side": "sell", "timestamp": 1766015125110}, {"id": "980841351", "price": 0.12611, "amount": 571.0, "side": "sell", "timestamp": 1766015125398}, {"id": "980841352", "price": 0.12612, "amount": 64403.0, "side": "buy", "timestamp": 1766015125656}, {"id": "980841353", "price": 0.12613, "amount": 165133.0, "side": "buy", "timestamp": 1766015125745}, {"id": "980841354", "price": 0.12614, "amount": 167089.0, "side": "buy", "timestamp": 1766015125745}, {"id": "980841355", "price": 0.12614, "amount": 1999.0, "side": "buy", "timestamp": 1766015125976}, {"id": "980841356", "price": 0.12614, "amount": 399.0, "side": "buy", "timestamp": 1766015126080}, {"id": "980841357", "price": 0.12613, "amount": 40.0, "side": "sell", "timestamp": 1766015126556}, {"id": "980841358", "price": 0.12613, "amount": 174.0, "side": "sell", "timestamp": 1766015128074}, {"id": "980841408", "price": 0.12618, "amount": 111.0, "side": "sell", "timestamp": 1766015155161}, {"id": "980841409", "price": 0.12618, "amount": 118772.0, "side": "sell", "timestamp": 1766015155519}, {"id": "980841410", "price": 0.12617, "amount": 63240.0, "side": "sell", "timestamp": 1766015155550}, {"id": "980841411", "price": 0.12616, "amount": 1266.0, "side": "sell", "timestamp": 1766015155558}, {"id": "980841412", "price": 0.12616, "amount": 41.0, "side": "buy", "timestamp": 1766015155803}, {"id": "980841413", "price": 0.12616, "amount": 699.0, "side": "buy", "timestamp": 1766015156427}, {"id": "980841414", "price": 0.12615, "amount": 503.0, "side": "sell", "timestamp": 1766015157349}, {"id": "980841415", "price": 0.12615, "amount": 111.0, "side": "sell", "timestamp": 1766015158208}, {"id": "980841416", "price": 0.12615, "amount": 654.0, "side": "sell", "timestamp": 1766015158457}, {"id": "980841417", "price": 0.12615, "amount": 61.0, "side": "sell", "timestamp": 1766015158890}, {"id": "980841418", "price": 0.12615, "amount": 607.0, "side": "sell", "timestamp": 1766015159051}, {"id": "980841419", "price": 0.12616, "amount": 607.0, "side": "buy", "timestamp": 1766015159201}, {"id": "980841420", "price": 0.12616, "amount": 29046.0, "side": "buy", "timestamp": 1766015160455}, {"id": "980841421", "price": 0.12615, "amount": 6967.0, "side": "sell", "timestamp": 1766015160893}, {"id": "980841422", "price": 0.12614, "amount": 27215.0, "side": "sell", "timestamp": 1766015160919}, {"id": "980841423", "price": 0.12613, "amount": 204.0, "side": "sell", "timestamp": 1766015161186}, {"id": "980841424", "price": 0.12614, "amount": 1695.0, "side": "buy", "timestamp": 1766015162104}, {"id": "980841425", "price": 0.12615, "amount": 151.0, "side": "buy", "timestamp": 1766015162110}, {"id": "980841426", "price": 0.12615, "amount": 120.0, "side": "sell", "timestamp": 1766015162250}, {"id": "980841427", "price": 0.12615, "amount": 530.0, "side": "buy", "timestamp": 1766015162553}, {"id": "980841428", "price": 0.12615, "amount": 317.0, "side": "buy", "timestamp": 1766015162718}, {"id": "980841429", "price": 0.12614, "amount": 1806.0, "side": "sell", "timestamp": 1766015163402}, {"id": "980841430", "price": 0.12613, "amount": 111.0, "side": "sell", "timestamp": 1766015164052}, {"id": "980841431", "price": 0.12614, "amount": 100.0, "side": "buy", "timestamp": 1766015164485}, {"id": "980841432", "price": 0.12614, "amount": 66.0, "side": "buy", "timestamp": 1766015164589}, {"id": "980841433", "price": 0.12614, "amount": 241.0, "side": "buy", "timestamp": 1766015164972}, {"id": "980841434", "price": 0.12614, "amount": 606.0, "side": "buy", "timestamp": 1766015165093}, {"id": "980841435", "price": 0.12614, "amount": 69.0, "side": "buy", "timestamp": 1766015165405}, {"id": "980841436", "price": 0.12613, "amount": 28404.0, "side": "sell", "timestamp": 1766015165919}, {"id": "980841437", "price": 0.12612, "amount": 123.0, "side": "sell", "timestamp": 1766015165982}, {"id": "980841438", "price": 0.12612, "amount": 69.0, "side": "sell", "timestamp": 1766015166133}, {"id": "980841439", "price": 0.12612, "amount": 139.0, "side": "sell", "timestamp": 1766015166746}, {"id": "980841440", "price": 0.12612, "amount": 111.0, "side": "sell", "timestamp": 1766015167082}, {"id": "980841441", "price": 0.12612, "amount": 2401.0, "side": "sell", "timestamp": 1766015167633}, {"id": "980841442", "price": 0.12612, "amount": 111.0, "side": "sell", "timestamp": 1766015170128}, {"id": "980841443", "price": 0.12613, "amount": 95.0, "side": "buy", "timestamp": 1766015171639}, {"id": "980841444", "price": 0.12613, "amount": 1768.0, "side": "buy", "timestamp": 1766015172322}, {"id": "980841445", "price": 0.12612, "amount": 111.0, "side": "sell", "timestamp": 1766015173192}, {"id": "980841446", "price": 0.12613, "amount": 4012.0, "side": "buy", "timestamp": 1766015173228}, {"id": "980841447", "price": 0.12612, "amount": 5000.0, "side": "sell", "timestamp": 1766015174083}, {"id": "980841448", "price": 0.12612, "amount": 112475.0, "side": "sell", "timestamp": 1766015175328}, {"id": "980841449", "price": 0.12611, "amount": 10056.0, "side": "sell", "timestamp": 1766015175333}, {"id": "980841450", "price": 0.1261, "amount": 111.0, "side": "sell", "timestamp": 1766015176018}, {"id": "980841451", "price": 0.12611, "amount": 1039.0, "side": "buy", "timestamp": 1766015176819}, {"id": "980841452", "price": 0.1261, "amount": 302.0, "side": "sell", "timestamp": 1766015177649}, {"id": "980841453", "price": 0.12611, "amount": 200.0, "side": "buy", "timestamp": 1766015177650}, {"id": "980841454", "price": 0.1261, "amount": 446.0, "side": "sell", "timestamp": 1766015177965}, {"id": "980841455", "price": 0.1261, "amount": 176.0, "side": "sell", "timestamp": 1766015179044}, {"id": "980841456", "price": 0.12611, "amount": 59.0, "side": "buy", "timestamp": 1766015179790}, {"id": "980841457", "price": 0.1261, "amount": 111.0, "side": "sell", "timestamp": 1766015182063}, {"id": "980841504", "price": 0.12617, "amount": 111.0, "side": "sell", "timestamp": 1766015209079}, {"id": "980841505", "price": 0.12618, "amount": 79.0, "side": "buy", "timestamp": 1766015209485}, {"id": "980841506", "price": 0.12618, "amount": 67.0, "side": "buy", "timestamp": 1766015209817}, {"id": "980841507", "price": 0.12618, "amount": 5128.0, "side": "buy", "timestamp": 1766015210349}, {"id": "980841508", "price": 0.12618, "amount": 4196.0, "side": "buy", "timestamp": 1766015210690}, {"id": "980841509", "price": 0.12618, "amount": 111.0, "side": "sell", "timestamp": 1766015212097}, {"id": "980841510", "price": 0.12618, "amount": 111.0, "side": "sell", "timestamp": 1766015215127}, {"id": "980841511", "price": 0.12619, "amount": 2334.0, "side": "buy", "timestamp": 1766015215891}, {"id": "980841512", "price": 0.12619, "amount": 45.0, "side": "buy", "timestamp": 1766015217197}, {"id": "980841513", "price": 0.12618, "amount": 111.0, "side": "sell", "timestamp": 1766015218160}, {"id": "980841514", "price": 0.12619, "amount": 48.0, "side": "buy", "timestamp": 1766015218654}, {"id": "980841515", "price": 0.12619, "amount": 44.0, "side": "buy", "timestamp": 1766015218963}, {"id": "980841516", "price": 0.12618, "amount": 260.0, "side": "sell", "timestamp": 1766015219509}, {"id": "980841517", "price": 0.12619, "amount": 295.0, "side": "buy", "timestamp": 1766015219513}, {"id": "980841518", "price": 0.12618, "amount": 57.0, "side": "sell", "timestamp": 1766015220055}, {"id": "980841519", "price": 0.12619, "amount": 94.0, "side": "buy", "timestamp": 1766015221089}, {"id": "980841520", "price": 0.12618, "amount": 380.0, "side": "sell", "timestamp": 1766015221103}, {"id": "980841521", "price": 0.12618, "amount": 111.0, "side": "sell", "timestamp": 1766015221211}, {"id": "980841522", "price": 0.12619, "amount": 66.0, "side": "buy", "timestamp": 1766015221268}, {"id": "980841523", "price": 0.12618, "amount": 111.0, "side": "sell", "timestamp": 1766015224074}, {"id": "980841524", "price": 0.12619, "amount": 1582.0, "side": "buy", "timestamp": 1766015224410}, {"id": "980841525", "price": 0.12619, "amount": 295.0, "side": "buy", "timestamp": 1766015224579}, {"id": "980841526", "price": 0.12619, "amount": 86.0, "side": "buy", "timestamp": 1766015224836}, {"id": "980841527", "price": 0.12618, "amount": 59.0, "side": "sell", "timestamp": 1766015224858}, {"id": "980841528", "price": 0.12619, "amount": 284.0, "side": "buy", "timestamp": 1766015224941}, {"id": "980841529", "price": 0.12619, "amount": 63.0, "side": "buy", "timestamp": 1766015225045}, {"id": "980841530", "price": 0.12619, "amount": 351.0, "side": "buy", "timestamp": 1766015225203}, {"id": "980841531", "price": 0.12619, "amount": 241.0, "side": "buy", "timestamp": 1766015225408}, {"id": "980841532", "price": 0.12619, "amount": 114.0, "side": "buy", "timestamp": 1766015225633}, {"id": "980841533", "price": 0.12618, "amount": 111.0, "side": "sell", "timestamp": 1766015227102}, {"id": "980841534", "price": 0.12619, "amount": 45.0, "side": "buy", "timestamp": 1766015227191}, {"id": "980841535", "price": 0.12618, "amount": 111.0, "side": "sell", "timestamp": 1766015230141}, {"id": "980841536", "price": 0.12618, "amount": 53.0, "side": "sell", "timestamp": 1766015230563}, {"id": "980841537", "price": 0.12619, "amount": 26998.0, "side": "buy", "timestamp": 1766015231902}, {"id": "980841538", "price": 0.12618, "amount": 111.0, "side": "sell", "timestamp": 1766015233168}, {"id": "980841539", "price": 0.12619, "amount": 45.0, "side": "buy", "timestamp": 1766015233290}, {"id": "980841540", "price": 0.12619, "amount": 79.0, "side": "buy", "timestamp": 1766015233517}, {"id": "980841541", "price": 0.12619, "amount": 285.0, "side": "buy", "timestamp": 1766015234019}, {"id": "980841542", "price": 0.12619, "amount": 47.0, "side": "buy", "timestamp": 1766015234424}, {"id": "980841543", "price": 0.12618, "amount": 174.0, "side": "sell", "timestamp": 1766015235433}, {"id": "980841544", "price": 0.12618, "amount": 792.0, "side": "sell", "timestamp": 1766015235615}, {"id": "980841545", "price": 0.12619, "amount": 209.0, "side": "buy", "timestamp": 1766015235825}, {"id": "980841546", "price": 0.12618, "amount": 111.0, "side": "sell", "timestamp": 1766015236184}, {"id": "980841547", "price": 0.12618, "amount": 61.0, "side": "sell", "timestamp": 1766015236755}, {"id": "980841548", "price": 0.12619, "amount": 66.0, "side": "buy", "timestamp": 1766015236949}, {"id": "980841549", "price": 0.12619, "amount": 40.0, "side": "buy", "timestamp": 1766015237200}, {"id": "980841550", "price": 0.12619, "amount": 6339.0, "side": "buy", "timestamp": 1766015238333}, {"id": "980841551", "price": 0.12619, "amount": 50000.0, "side": "buy", "timestamp": 1766015238849}, {"id": "980841552", "price": 0.12618, "amount": 111.0, "side": "sell", "timestamp": 1766015239027}, {"id": "980841553", "price": 0.12619, "amount": 336.0, "side": "buy", "timestamp": 1766015239135}, {"id": "980841585", "price": 0.12617, "amount": 159.0, "side": "sell", "timestamp": 1766015265669}, {"id": "980841586", "price": 0.12617, "amount": 111.0, "side": "sell", "timestamp": 1766015266144}, {"id": "980841587", "price": 0.12618, "amount": 67.0, "side": "buy", "timestamp": 1766015266398}, {"id": "980841588", "price": 0.12618, "amount": 1269.0, "side": "buy", "timestamp": 1766015267888}, {"id": "980841589", "price": 0.12617, "amount": 64.0, "side": "sell", "timestamp": 1766015268913}, {"id": "980841590", "price": 0.12617, "amount": 111.0, "side": "sell", "timestamp": 1766015269191}, {"id": "980841591", "price": 0.12618, "amount": 1942.0, "side": "buy", "timestamp": 1766015269690}, {"id": "980841592", "price": 0.12617, "amount": 111.0, "side": "sell", "timestamp": 1766015272010}, {"id": "980841593", "price": 0.12618, "amount": 11214.0, "side": "buy", "timestamp": 1766015272958}, {"id": "980841594", "price": 0.12617, "amount": 49.0, "side": "sell", "timestamp": 1766015273443}, {"id": "980841595", "price": 0.12617, "amount": 111.0, "side": "sell", "timestamp": 1766015275052}, {"id": "980841596", "price": 0.12618, "amount": 1006.0, "side": "buy", "timestamp": 1766015275087}, {"id": "980841597", "price": 0.12617, "amount": 2376.0, "side": "sell", "timestamp": 1766015275957}, {"id": "980841598", "price": 0.12618, "amount": 493.0, "side": "buy", "timestamp": 1766015277095}, {"id": "980841599", "price": 0.12617, "amount": 111.0, "side": "sell", "timestamp": 1766015278096}, {"id": "980841600", "price": 0.12618, "amount": 95.0, "side": "buy", "timestamp": 1766015279638}, {"id": "980841601", "price": 0.12618, "amount": 79.0, "side": "buy", "timestamp": 1766015280063}, {"id": "980841602", "price": 0.12617, "amount": 42164.0, "side": "sell", "timestamp": 1766015280839}, {"id": "980841603", "price": 0.12616, "amount": 24126.0, "side": "sell", "timestamp": 1766015280883}, {"id": "980841604", "price": 0.12615, "amount": 8212.0, "side": "sell", "timestamp": 1766015280994}, {"id": "980841605", "price": 0.12614, "amount": 48550.0, "side": "sell", "timestamp": 1766015281029}, {"id": "980841606", "price": 0.12613, "amount": 111.0, "side": "sell", "timestamp": 1766015281157}, {"id": "980841607", "price": 0.12614, "amount": 58.0, "side": "buy", "timestamp": 1766015281899}, {"id": "980841608", "price": 0.12613, "amount": 217.0, "side": "sell", "timestamp": 1766015283946}, {"id": "980841609", "price": 0.12614, "amount": 75.0, "side": "buy", "timestamp": 1766015284412}, {"id": "980841610", "price": 0.12614, "amount": 107.0, "side": "buy", "timestamp": 1766015284661}, {"id": "980841611", "price": 0.12614, "amount": 254.0, "side": "buy", "timestamp": 1766015284999}, {"id": "980841612", "price": 0.12614, "amount": 316.0, "side": "buy", "timestamp": 1766015285137}, {"id": "980841613", "price": 0.12614, "amount": 108.0, "side": "buy", "timestamp": 1766015285493}, {"id": "980841614", "price": 0.12613, "amount": 111.0, "side": "sell", "timestamp": 1766015287053}, {"id": "980841615", "price": 0.12614, "amount": 1707.0, "side": "buy", "timestamp": 1766015287495}, {"id": "980841616", "price": 0.12614, "amount": 40.0, "side": "buy", "timestamp": 1766015287799}, {"id": "980841617", "price": 0.12613, "amount": 40.0, "side": "sell", "timestamp": 1766015288266}, {"id": "980841618", "price": 0.12613, "amount": 61.0, "side": "sell", "timestamp": 1766015288727}, {"id": "980841619", "price": 0.12613, "amount": 111.0, "side": "sell", "timestamp": 1766015290079}, {"id": "980841620", "price": 0.12614, "amount": 443.0, "side": "buy", "timestamp": 1766015291675}, {"id": "980841621", "price": 0.12614, "amount": 66.0, "side": "buy", "timestamp": 1766015293093}, {"id": "980841622", "price": 0.12613, "amount": 111.0, "side": "sell", "timestamp": 1766015293103}, {"id": "980841623", "price": 0.12613, "amount": 266.0, "side": "sell", "timestamp": 1766015293394}, {"id": "980841624", "price": 0.12614, "amount": 164.0, "side": "buy", "timestamp": 1766015293665}, {"id": "980841625", "price": 0.12614, "amount": 95.0, "side": "buy", "timestamp": 1766015293892}, {"id": "980841626", "price": 0.12614, "amount": 40.0, "side": "buy", "timestamp": 1766015296057}, {"id": "980841627", "price": 0.12613, "amount": 180.0, "side": "sell", "timestamp": 1766015296161}, {"id": "980841628", "price": 0.12614, "amount": 1207.0, "side": "buy", "timestamp": 1766015297425}, {"id": "980841629", "price": 0.12614, "amount": 67.0, "side": "buy", "timestamp": 1766015297624}, {"id": "980841630", "price": 0.12614, "amount": 682.0, "side": "buy", "timestamp": 1766015297853}, {"id": "980841631", "price": 0.12613, "amount": 111.0, "side": "sell", "timestamp": 1766015299189}, {"id": "980841632", "price": 0.12614, "amount": 1496.0, "side": "buy", "timestamp": 1766015299218}, {"id": "980841633", "price": 0.12614, "amount": 56.0, "side": "buy", "timestamp": 1766015299690}, {"id": "980841634", "price": 0.12614, "amount": 40.0, "side": "buy", "timestamp": 1766015300405}, {"id": "980841668", "price": 0.1261, "amount": 111.0, "side": "sell", "timestamp": 1766015326037}, {"id": "980841669", "price": 0.12611, "amount": 196.0, "side": "buy", "timestamp": 1766015326454}, {"id": "980841670", "price": 0.12611, "amount": 67.0, "side": "buy", "timestamp": 1766015326588}, {"id": "980841671", "price": 0.12611, "amount": 19825.0, "side": "buy", "timestamp": 1766015327049}, {"id": "980841672", "price": 0.1261, "amount": 111.0, "side": "sell", "timestamp": 1766015329058}, {"id": "980841673", "price": 0.12611, "amount": 17569.0, "side": "buy", "timestamp": 1766015331618}, {"id": "980841674", "price": 0.12611, "amount": 111.0, "side": "sell", "timestamp": 1766015332083}, {"id": "980841675", "price": 0.12612, "amount": 2378.0, "side": "buy", "timestamp": 1766015332444}, {"id": "980841676", "price": 0.12612, "amount": 116.0, "side": "buy", "timestamp": 1766015334366}, {"id": "980841677", "price": 0.12611, "amount": 14222.0, "side": "sell", "timestamp": 1766015334405}, {"id": "980841678", "price": 0.12611, "amount": 111.0, "side": "sell", "timestamp": 1766015335131}, {"id": "980841679", "price": 0.12612, "amount": 44500.0, "side": "buy", "timestamp": 1766015335276}, {"id": "980841680", "price": 0.12612, "amount": 173167.0, "side": "sell", "timestamp": 1766015335808}, {"id": "980841681", "price": 0.12612, "amount": 2415.0, "side": "sell", "timestamp": 1766015336324}, {"id": "980841682", "price": 0.12611, "amount": 33637.0, "side": "sell", "timestamp": 1766015336324}, {"id": "980841683", "price": 0.12612, "amount": 142455.0, "side": "buy", "timestamp": 1766015337960}, {"id": "980841684", "price": 0.12613, "amount": 76038.0, "side": "buy", "timestamp": 1766015337963}, {"id": "980841685", "price": 0.12613, "amount": 111.0, "side": "sell", "timestamp": 1766015338160}, {"id": "980841686", "price": 0.12614, "amount": 11813.0, "side": "buy", "timestamp": 1766015340338}, {"id": "980841687", "price": 0.12613, "amount": 120859.0, "side": "sell", "timestamp": 1766015340697}, {"id": "980841688", "price": 0.12612, "amount": 1841.0, "side": "sell", "timestamp": 1766015340702}, {"id": "980841689", "price": 0.12612, "amount": 37926.0, "side": "sell", "timestamp": 1766015340814}, {"id": "980841690", "price": 0.12611, "amount": 16098.0, "side": "sell", "timestamp": 1766015340816}, {"id": "980841691", "price": 0.12611, "amount": 319.0, "side": "sell", "timestamp": 1766015340960}, {"id": "980841692", "price": 0.12611, "amount": 111.0, "side": "sell", "timestamp": 1766015341180}, {"id": "980841693", "price": 0.12611, "amount": 1613.0, "side": "sell", "timestamp": 1766015342326}, {"id": "980841694", "price": 0.12612, "amount": 67.0, "side": "buy", "timestamp": 1766015343160}, {"id": "980841695", "price": 0.12611, "amount": 108.0, "side": "sell", "timestamp": 1766015343567}, {"id": "980841696", "price": 0.12611, "amount": 111.0, "side": "sell", "timestamp": 1766015344043}, {"id": "980841697", "price": 0.12612, "amount": 162.0, "side": "buy", "timestamp": 1766015345041}, {"id": "980841698", "price": 0.12612, "amount": 223.0, "side": "buy", "timestamp": 1766015345240}, {"id": "980841699", "price": 0.12612, "amount": 153.0, "side": "buy", "timestamp": 1766015345416}, {"id": "980841700", "price": 0.12612, "amount": 55.0, "side": "buy", "timestamp": 1766015345611}, {"id": "980841701", "price": 0.12612, "amount": 79.0, "side": "buy", "timestamp": 1766015345795}, {"id": "980841702", "price": 0.12612, "amount": 1093.0, "side": "buy", "timestamp": 1766015346388}, {"id": "980841703", "price": 0.12611, "amount": 111.0, "side": "sell", "timestamp": 1766015347063}, {"id": "980841704", "price": 0.12611, "amount": 1251.0, "side": "sell", "timestamp": 1766015349612}, {"id": "980841705", "price": 0.12612, "amount": 1186.0, "side": "buy", "timestamp": 1766015350033}, {"id": "980841706", "price": 0.12612, "amount": 111.0, "side": "sell", "timestamp": 1766015350137}, {"id": "980841707", "price": 0.12613, "amount": 95.0, "side": "buy", "timestamp": 1766015351643}, {"id": "980841708", "price": 0.12613, "amount": 1503.0, "side": "buy", "timestamp": 1766015351813}, {"id": "980841709", "price": 0.12613, "amount": 42243.0, "side": "sell", "timestamp": 1766015352848}, {"id": "980841710", "price": 0.12612, "amount": 56948.0, "side": "sell", "timestamp": 1766015352893}, {"id": "980841711", "price": 0.12611, "amount": 43688.0, "side": "sell", "timestamp": 1766015352901}, {"id": "980841712", "price": 0.1261, "amount": 8435.0, "side": "sell", "timestamp": 1766015352902}, {"id": "980841713", "price": 0.1261, "amount": 161.0, "side": "sell", "timestamp": 1766015353175}, {"id": "980841714", "price": 0.12611, "amount": 67.0, "side": "buy", "timestamp": 1766015355613}, {"id": "980841715", "price": 0.1261, "amount": 111.0, "side": "sell", "timestamp": 1766015356031}, {"id": "980841716", "price": 0.1261, "amount": 96.0, "side": "sell", "timestamp": 1766015356329}, {"id": "980841717", "price": 0.12611, "amount": 5186.0, "side": "buy", "timestamp": 1766015357382}, {"id": "980841777", "price": 0.12619, "amount": 111.0, "side": "sell", "timestamp": 1766015386017}, {"id": "980841778", "price": 0.1262, "amount": 95.0, "side": "buy", "timestamp": 1766015387645}, {"id": "980841779", "price": 0.1262, "amount": 67.0, "side": "buy", "timestamp": 1766015388671}, {"id": "980841780", "price": 0.12619, "amount": 111.0, "side": "sell", "timestamp": 1766015389045}, {"id": "980841781", "price": 0.12619, "amount": 97.0, "side": "sell", "timestamp": 1766015391179}, {"id": "980841782", "price": 0.12619, "amount": 111.0, "side": "sell", "timestamp": 1766015392109}, {"id": "980841783", "price": 0.12619, "amount": 63.0, "side": "sell", "timestamp": 1766015392250}, {"id": "980841784", "price": 0.1262, "amount": 882.0, "side": "buy", "timestamp": 1766015393218}, {"id": "980841785", "price": 0.1262, "amount": 936.0, "side": "buy", "timestamp": 1766015393866}, {"id": "980841786", "price": 0.12619, "amount": 95.0, "side": "sell", "timestamp": 1766015394050}, {"id": "980841787", "price": 0.1262, "amount": 529.0, "side": "buy", "timestamp": 1766015394785}, {"id": "980841788", "price": 0.12619, "amount": 362.0, "side": "sell", "timestamp": 1766015394937}, {"id": "980841789", "price": 0.12619, "amount": 111.0, "side": "sell", "timestamp": 1766015395160}, {"id": "980841790", "price": 0.12619, "amount": 713.0, "side": "sell", "timestamp": 1766015398101}, {"id": "980841791", "price": 0.12619, "amount": 125.0, "side": "sell", "timestamp": 1766015399606}, {"id": "980841792", "price": 0.12619, "amount": 72.0, "side": "sell", "timestamp": 1766015399901}, {"id": "980841793", "price": 0.12619, "amount": 79.0, "side": "sell", "timestamp": 1766015400314}, {"id": "980841794", "price": 0.12619, "amount": 111.0, "side": "sell", "timestamp": 1766015401038}, {"id": "980841795", "price": 0.12619, "amount": 46.0, "side": "sell", "timestamp": 1766015401388}, {"id": "980841796", "price": 0.1262, "amount": 57.0, "side": "buy", "timestamp": 1766015402255}, {"id": "980841797", "price": 0.1262, "amount": 60.0, "side": "buy", "timestamp": 1766015402679}, {"id": "980841798", "price": 0.1262, "amount": 2.0, "side": "buy", "timestamp": 1766015403296}, {"id": "980841799", "price": 0.12619, "amount": 111.0, "side": "sell", "timestamp": 1766015404065}, {"id": "980841800", "price": 0.12619, "amount": 67.0, "side": "sell", "timestamp": 1766015404318}, {"id": "980841801", "price": 0.1262, "amount": 177.0, "side": "buy", "timestamp": 1766015404496}, {"id": "980841802", "price": 0.1262, "amount": 218.0, "side": "buy", "timestamp": 1766015404634}, {"id": "980841803", "price": 0.1262, "amount": 3923.0, "side": "buy", "timestamp": 1766015404953}, {"id": "980841804", "price": 0.1262, "amount": 128.0, "side": "buy", "timestamp": 1766015405058}, {"id": "980841805", "price": 0.1262, "amount": 288.0, "side": "buy", "timestamp": 1766015405268}, {"id": "980841806", "price": 0.1262, "amount": 151.0, "side": "buy", "timestamp": 1766015405421}, {"id": "980841807", "price": 0.12619, "amount": 47.0, "side": "sell", "timestamp": 1766015406341}, {"id": "980841808", "price": 0.1262, "amount": 71.0, "side": "buy", "timestamp": 1766015406386}, {"id": "980841809", "price": 0.1262, "amount": 529.0, "side": "buy", "timestamp": 1766015406814}, {"id": "980841810", "price": 0.12619, "amount": 111.0, "side": "sell", "timestamp": 1766015407126}, {"id": "980841811", "price": 0.12619, "amount": 96151.0, "side": "sell", "timestamp": 1766015407847}, {"id": "980841812", "price": 0.12619, "amount": 2751.0, "side": "buy", "timestamp": 1766015408322}, {"id": "980841813", "price": 0.12619, "amount": 1641.0, "side": "buy", "timestamp": 1766015408622}, {"id": "980841814", "price": 0.12618, "amount": 99.0, "side": "sell", "timestamp": 1766015409690}, {"id": "980841815", "price": 0.12619, "amount": 29876.0, "side": "buy", "timestamp": 1766015410000}, {"id": "980841816", "price": 0.12618, "amount": 111.0, "side": "sell", "timestamp": 1766015410149}, {"id": "980841817", "price": 0.12618, "amount": 87.0, "side": "sell", "timestamp": 1766015410667}, {"id": "980841818", "price": 0.12619, "amount": 845.0, "side": "buy", "timestamp": 1766015411318}, {"id": "980841819", "price": 0.12618, "amount": 98.0, "side": "sell", "timestamp": 1766015411620}, {"id": "980841820", "price": 0.12618, "amount": 97.0, "side": "sell", "timestamp": 1766015412186}, {"id": "980841821", "price": 0.12619, "amount": 1166.0, "side": "buy", "timestamp": 1766015412206}, {"id": "980841822", "price": 0.12618, "amount": 102.0, "side": "sell", "timestamp": 1766015412301}, {"id": "980841823", "price": 0.12618, "amount": 111.0, "side": "sell", "timestamp": 1766015413165}, {"id": "980841824", "price": 0.12619, "amount": 1027.0, "side": "buy", "timestamp": 1766015413326}, {"id": "980841825", "price": 0.12618, "amount": 92.0, "side": "sell", "timestamp": 1766015413333}, {"id": "980841826", "price": 0.12618, "amount": 107.0, "side": "sell", "timestamp": 1766015413592}, {"id": "980841903", "price": 0.12623, "amount": 32577.0, "side": "sell", "timestamp": 1766015454975}, {"id": "980841904", "price": 0.12623, "amount": 210.0, "side": "sell", "timestamp": 1766015455118}, {"id": "980841905", "price": 0.12623, "amount": 5044.0, "side": "sell", "timestamp": 1766015455325}, {"id": "980841906", "price": 0.12623, "amount": 46.0, "side": "buy", "timestamp": 1766015455935}, {"id": "980841907", "price": 0.12623, "amount": 4933.0, "side": "buy", "timestamp": 1766015457084}, {"id": "980841908", "price": 0.12623, "amount": 812.0, "side": "buy", "timestamp": 1766015457394}, {"id": "980841909", "price": 0.12622, "amount": 139155.0, "side": "sell", "timestamp": 1766015457543}, {"id": "980841910", "price": 0.12621, "amount": 201373.0, "side": "sell", "timestamp": 1766015457543}, {"id": "980841911", "price": 0.1262, "amount": 108761.0, "side": "sell", "timestamp": 1766015457553}, {"id": "980841912", "price": 0.12619, "amount": 147515.0, "side": "sell", "timestamp": 1766015457553}, {"id": "980841913", "price": 0.12618, "amount": 194065.0, "side": "sell", "timestamp": 1766015457555}, {"id": "980841914", "price": 0.12617, "amount": 27428.0, "side": "sell", "timestamp": 1766015457585}, {"id": "980841915", "price": 0.12619, "amount": 172527.0, "side": "sell", "timestamp": 1766015457592}, {"id": "980841916", "price": 0.12617, "amount": 24389.0, "side": "sell", "timestamp": 1766015457600}, {"id": "980841917", "price": 0.12616, "amount": 14460.0, "side": "sell", "timestamp": 1766015457630}, {"id": "980841918", "price": 0.12616, "amount": 4981.0, "side": "sell", "timestamp": 1766015457835}, {"id": "980841919", "price": 0.12616, "amount": 25100.0, "side": "sell", "timestamp": 1766015457945}, {"id": "980841920", "price": 0.12616, "amount": 28223.0, "side": "sell", "timestamp": 1766015458089}, {"id": "980841921", "price": 0.12617, "amount": 641.0, "side": "buy", "timestamp": 1766015458276}, {"id": "980841922", "price": 0.12617, "amount": 119.0, "side": "sell", "timestamp": 1766015458609}, {"id": "980841923", "price": 0.12618, "amount": 151.0, "side": "buy", "timestamp": 1766015458822}, {"id": "980841924", "price": 0.12618, "amount": 55.0, "side": "buy", "timestamp": 1766015458997}, {"id": "980841925", "price": 0.12618, "amount": 74.0, "side": "buy", "timestamp": 1766015459248}, {"id": "980841926", "price": 0.12618, "amount": 95.0, "side": "buy", "timestamp": 1766015459648}, {"id": "980841927", "price": 0.12617, "amount": 24434.0, "side": "sell", "timestamp": 1766015460393}, {"id": "980841928", "price": 0.12616, "amount": 4097.0, "side": "sell", "timestamp": 1766015460425}, {"id": "980841929", "price": 0.12615, "amount": 87886.0, "side": "sell", "timestamp": 1766015460434}, {"id": "980841930", "price": 0.12615, "amount": 3966.0, "side": "buy", "timestamp": 1766015460601}, {"id": "980841931", "price": 0.12614, "amount": 113.0, "side": "sell", "timestamp": 1766015460890}, {"id": "980841932", "price": 0.12614, "amount": 529.0, "side": "sell", "timestamp": 1766015461027}, {"id": "980841933", "price": 0.12615, "amount": 342.0, "side": "buy", "timestamp": 1766015461123}, {"id": "980841934", "price": 0.12614, "amount": 15756.0, "side": "sell", "timestamp": 1766015462403}, {"id": "980841935", "price": 0.12614, "amount": 99.0, "side": "sell", "timestamp": 1766015462571}, {"id": "980841936", "price": 0.12615, "amount": 59.0, "side": "buy", "timestamp": 1766015463212}, {"id": "980841937", "price": 0.12615, "amount": 86724.0, "side": "buy", "timestamp": 1766015463492}, {"id": "980841938", "price": 0.12614, "amount": 398.0, "side": "sell", "timestamp": 1766015464127}, {"id": "980841939", "price": 0.12615, "amount": 204.0, "side": "buy", "timestamp": 1766015464426}, {"id": "980841940", "price": 0.12614, "amount": 69.0, "side": "sell", "timestamp": 1766015464758}, {"id": "980841941", "price": 0.12615, "amount": 261.0, "side": "buy", "timestamp": 1766015465050}, {"id": "980841942", "price": 0.12615, "amount": 451.0, "side": "buy", "timestamp": 1766015465280}, {"id": "980841943", "price": 0.12615, "amount": 59.0, "side": "buy", "timestamp": 1766015465513}, {"id": "980841944", "price": 0.12614, "amount": 99.0, "side": "sell", "timestamp": 1766015465707}, {"id": "980841945", "price": 0.12615, "amount": 1659.0, "side": "buy", "timestamp": 1766015465900}, {"id": "980841946", "price": 0.12614, "amount": 60.0, "side": "sell", "timestamp": 1766015466900}, {"id": "980841947", "price": 0.12614, "amount": 214.0, "side": "sell", "timestamp": 1766015467159}, {"id": "980841948", "price": 0.12614, "amount": 10626.0, "side": "sell", "timestamp": 1766015467554}, {"id": "980841949", "price": 0.12614, "amount": 107.0, "side": "sell", "timestamp": 1766015467859}, {"id": "980841950", "price": 0.12614, "amount": 16957.0, "side": "sell", "timestamp": 1766015469359}, {"id": "980841951", "price": 0.12614, "amount": 63.0, "side": "sell", "timestamp": 1766015470028}, {"id": "980841952", "price": 0.12614, "amount": 111.0, "side": "sell", "timestamp": 1766015470201}, {"id": "980842131", "price": 0.12608, "amount": 1442.0, "side": "sell", "timestamp": 1766015506327}, {"id": "980842132", "price": 0.12608, "amount": 99.0, "side": "sell", "timestamp": 1766015506733}, {"id": "980842133", "price": 0.12608, "amount": 190.0, "side": "sell", "timestamp": 1766015506909}, {"id": "980842134", "price": 0.12608, "amount": 1723.0, "side": "sell", "timestamp": 1766015507055}, {"id": "980842135", "price": 0.12608, "amount": 8492.0, "side": "sell", "timestamp": 1766015507270}, {"id": "980842136", "price": 0.12608, "amount": 847.0, "side": "sell", "timestamp": 1766015507500}, {"id": "980842137", "price": 0.12608, "amount": 3251.0, "side": "sell", "timestamp": 1766015507852}, {"id": "980842138", "price": 0.12608, "amount": 933.0, "side": "sell", "timestamp": 1766015508617}, {"id": "980842139", "price": 0.12608, "amount": 11670.0, "side": "sell", "timestamp": 1766015508985}, {"id": "980842140", "price": 0.12608, "amount": 531.0, "side": "sell", "timestamp": 1766015509159}, {"id": "980842141", "price": 0.12609, "amount": 18759.0, "side": "buy", "timestamp": 1766015509489}, {"id": "980842142", "price": 0.1261, "amount": 382.0, "side": "buy", "timestamp": 1766015509528}, {"id": "980842143", "price": 0.12611, "amount": 3959.0, "side": "buy", "timestamp": 1766015509673}, {"id": "980842144", "price": 0.1261, "amount": 305.0, "side": "sell", "timestamp": 1766015509721}, {"id": "980842145", "price": 0.12611, "amount": 2084.0, "side": "buy", "timestamp": 1766015509738}, {"id": "980842146", "price": 0.12611, "amount": 2448.0, "side": "sell", "timestamp": 1766015509794}, {"id": "980842147", "price": 0.12612, "amount": 399.0, "side": "buy", "timestamp": 1766015509843}, {"id": "980842148", "price": 0.12611, "amount": 1770.0, "side": "sell", "timestamp": 1766015509900}, {"id": "980842149", "price": 0.12611, "amount": 2895.0, "side": "sell", "timestamp": 1766015510074}, {"id": "980842150", "price": 0.12612, "amount": 40.0, "side": "buy", "timestamp": 1766015510377}, {"id": "980842151", "price": 0.12611, "amount": 54.0, "side": "sell", "timestamp": 1766015510884}, {"id": "980842152", "price": 0.12611, "amount": 1694.0, "side": "sell", "timestamp": 1766015511798}, {"id": "980842153", "price": 0.1261, "amount": 111.0, "side": "sell", "timestamp": 1766015513093}, {"id": "980842154", "price": 0.1261, "amount": 99.0, "side": "sell", "timestamp": 1766015513235}, {"id": "980842155", "price": 0.1261, "amount": 495.0, "side": "sell", "timestamp": 1766015513954}, {"id": "980842156", "price": 0.12609, "amount": 111.0, "side": "sell", "timestamp": 1766015516136}, {"id": "980842157", "price": 0.12609, "amount": 68745.0, "side": "sell", "timestamp": 1766015518253}, {"id": "980842158", "price": 0.12609, "amount": 111.0, "side": "sell", "timestamp": 1766015519155}, {"id": "980842159", "price": 0.12609, "amount": 1060.0, "side": "sell", "timestamp": 1766015519330}, {"id": "980842160", "price": 0.12608, "amount": 26259.0, "side": "sell", "timestamp": 1766015519336}, {"id": "980842161", "price": 0.12607, "amount": 589.0, "side": "sell", "timestamp": 1766015520674}, {"id": "980842162", "price": 0.12606, "amount": 16309.0, "side": "sell", "timestamp": 1766015520845}, {"id": "980842163", "price": 0.12605, "amount": 275.0, "side": "sell", "timestamp": 1766015520988}, {"id": "980842164", "price": 0.12605, "amount": 4280.0, "side": "sell", "timestamp": 1766015521095}, {"id": "980842165", "price": 0.12605, "amount": 437.0, "side": "buy", "timestamp": 1766015521834}, {"id": "980842166", "price": 0.12605, "amount": 111.0, "side": "sell", "timestamp": 1766015522019}, {"id": "980842167", "price": 0.12605, "amount": 238.0, "side": "sell", "timestamp": 1766015522130}, {"id": "980842168", "price": 0.12606, "amount": 514.0, "side": "buy", "timestamp": 1766015522250}, {"id": "980842169", "price": 0.12607, "amount": 2570.0, "side": "buy", "timestamp": 1766015522313}, {"id": "980842170", "price": 0.12607, "amount": 63.0, "side": "sell", "timestamp": 1766015522370}, {"id": "980842171", "price": 0.12608, "amount": 880.0, "side": "buy", "timestamp": 1766015522857}, {"id": "980842172", "price": 0.12608, "amount": 52.0, "side": "buy", "timestamp": 1766015523250}, {"id": "980842173", "price": 0.12607, "amount": 41.0, "side": "sell", "timestamp": 1766015523914}, {"id": "980842174", "price": 0.12608, "amount": 162.0, "side": "buy", "timestamp": 1766015524314}, {"id": "980842175", "price": 0.12608, "amount": 60.0, "side": "buy", "timestamp": 1766015524817}, {"id": "980842176", "price": 0.12608, "amount": 89.0, "side": "buy", "timestamp": 1766015525051}, {"id": "980842177", "price": 0.12607, "amount": 111.0, "side": "sell", "timestamp": 1766015525099}, {"id": "980842178", "price": 0.12608, "amount": 112.0, "side": "buy", "timestamp": 1766015525216}, {"id": "980842179", "price": 0.12608, "amount": 110.0, "side": "buy", "timestamp": 1766015525431}, {"id": "980842180", "price": 0.12607, "amount": 107.0, "side": "sell", "timestamp": 1766015526178}, {"id": "980842214", "price": 0.1261, "amount": 111.0, "side": "sell", "timestamp": 1766015549145}, {"id": "980842215", "price": 0.1261, "amount": 90108.0, "side": "sell", "timestamp": 1766015550807}, {"id": "980842216", "price": 0.12609, "amount": 6389.0, "side": "sell", "timestamp": 1766015550845}, {"id": "980842217", "price": 0.12608, "amount": 444.0, "side": "sell", "timestamp": 1766015551310}, {"id": "980842218", "price": 0.12608, "amount": 111.0, "side": "sell", "timestamp": 1766015552210}, {"id": "980842219", "price": 0.12609, "amount": 60.0, "side": "buy", "timestamp": 1766015552217}, {"id": "980842220", "price": 0.12608, "amount": 83.0, "side": "sell", "timestamp": 1766015554465}, {"id": "980842221", "price": 0.12608, "amount": 111.0, "side": "sell", "timestamp": 1766015555042}, {"id": "980842222", "price": 0.12608, "amount": 125.0, "side": "sell", "timestamp": 1766015555636}, {"id": "980842223", "price": 0.12608, "amount": 130.0, "side": "sell", "timestamp": 1766015555847}, {"id": "980842224", "price": 0.12608, "amount": 107.0, "side": "sell", "timestamp": 1766015556041}, {"id": "980842225", "price": 0.12608, "amount": 111.0, "side": "sell", "timestamp": 1766015558079}, {"id": "980842226", "price": 0.12608, "amount": 57.0, "side": "sell", "timestamp": 1766015558452}, {"id": "980842227", "price": 0.12609, "amount": 555.0, "side": "buy", "timestamp": 1766015558521}, {"id": "980842228", "price": 0.12609, "amount": 3530.0, "side": "buy", "timestamp": 1766015560319}, {"id": "980842229", "price": 0.12608, "amount": 114.0, "side": "sell", "timestamp": 1766015560657}, {"id": "980842230", "price": 0.12608, "amount": 111.0, "side": "sell", "timestamp": 1766015561094}, {"id": "980842231", "price": 0.12609, "amount": 54.0, "side": "buy", "timestamp": 1766015562530}, {"id": "980842232", "price": 0.12608, "amount": 2430.0, "side": "sell", "timestamp": 1766015563490}, {"id": "980842233", "price": 0.12608, "amount": 111.0, "side": "sell", "timestamp": 1766015564155}, {"id": "980842234", "price": 0.12609, "amount": 39.0, "side": "buy", "timestamp": 1766015564187}, {"id": "980842235", "price": 0.12608, "amount": 4305.0, "side": "sell", "timestamp": 1766015564698}, {"id": "980842236", "price": 0.12608, "amount": 56.0, "side": "sell", "timestamp": 1766015565518}, {"id": "980842237", "price": 0.12608, "amount": 157.0, "side": "sell", "timestamp": 1766015566112}, {"id": "980842238", "price": 0.12608, "amount": 111.0, "side": "sell", "timestamp": 1766015567178}, {"id": "980842239", "price": 0.12609, "amount": 95.0, "side": "buy", "timestamp": 1766015567646}, {"id": "980842240", "price": 0.12609, "amount": 60.0, "side": "buy", "timestamp": 1766015569574}, {"id": "980842241", "price": 0.12608, "amount": 111.0, "side": "sell", "timestamp": 1766015570204}, {"id": "980842242", "price": 0.12608, "amount": 107.0, "side": "sell", "timestamp": 1766015570385}, {"id": "980842243", "price": 0.12608, "amount": 111.0, "side": "sell", "timestamp": 1766015573021}, {"id": "980842244", "price": 0.12608, "amount": 63.0, "side": "sell", "timestamp": 1766015573963}, {"id": "980842245", "price": 0.12609, "amount": 190.0, "side": "buy", "timestamp": 1766015573980}, {"id": "980842246", "price": 0.12608, "amount": 65.0, "side": "sell", "timestamp": 1766015574379}, {"id": "980842247", "price": 0.12608, "amount": 111.0, "side": "sell", "timestamp": 1766015576066}, {"id": "980842248", "price": 0.12608, "amount": 41.0, "side": "sell", "timestamp": 1766015576390}, {"id": "980842249", "price": 0.12609, "amount": 215.0, "side": "buy", "timestamp": 1766015577137}, {"id": "980842250", "price": 0.12608, "amount": 111.0, "side": "sell", "timestamp": 1766015579083}, {"id": "980842251", "price": 0.12609, "amount": 2640.0, "side": "buy", "timestamp": 1766015580193}, {"id": "980842252", "price": 0.1261, "amount": 326.0, "side": "buy", "timestamp": 1766015580565}, {"id": "980842253", "price": 0.12609, "amount": 42.0, "side": "sell", "timestamp": 1766015580766}, {"id": "980842254", "price": 0.1261, "amount": 1999.0, "side": "buy", "timestamp": 1766015580795}, {"id": "980842255", "price": 0.1261, "amount": 399.0, "side": "buy", "timestamp": 1766015580897}, {"id": "980842256", "price": 0.12609, "amount": 250.0, "side": "sell", "timestamp": 1766015581135}, {"id": "980842257", "price": 0.1261, "amount": 40.0, "side": "buy", "timestamp": 1766015581301}, {"id": "980842258", "price": 0.12609, "amount": 2168.0, "side": "sell", "timestamp": 1766015582100}, {"id": "980842259", "price": 0.12609, "amount": 337.0, "side": "sell", "timestamp": 1766015582246}, {"id": "980842260", "price": 0.1261, "amount": 162.0, "side": "buy", "timestamp": 1766015582373}, {"id": "980842261", "price": 0.1261, "amount": 44.0, "side": "buy", "timestamp": 1766015582528}, {"id": "980842262", "price": 0.12609, "amount": 57.0, "side": "sell", "timestamp": 1766015582616}, {"id": "980842263", "price": 0.12609, "amount": 40.0, "side": "sell", "timestamp": 1766015583703}, {"id": "980842300", "price": 0.12612, "amount": 97.0, "side": "buy", "timestamp": 1766015603635}, {"id": "980842301", "price": 0.12611, "amount": 319.0, "side": "sell", "timestamp": 1766015603829}, {"id": "980842302", "price": 0.12612, "amount": 1999.0, "side": "buy", "timestamp": 1766015605853}, {"id": "980842303", "price": 0.12612, "amount": 399.0, "side": "buy", "timestamp": 1766015605955}, {"id": "980842304", "price": 0.12611, "amount": 111.0, "side": "sell", "timestamp": 1766015606182}, {"id": "980842305", "price": 0.12611, "amount": 287.0, "side": "sell", "timestamp": 1766015607085}, {"id": "980842306", "price": 0.12611, "amount": 125.0, "side": "sell", "timestamp": 1766015607240}, {"id": "980842307", "price": 0.12611, "amount": 71.0, "side": "sell", "timestamp": 1766015607883}, {"id": "980842308", "price": 0.12611, "amount": 111.0, "side": "sell", "timestamp": 1766015609205}, {"id": "980842309", "price": 0.12612, "amount": 9514.0, "side": "buy", "timestamp": 1766015609532}, {"id": "980842310", "price": 0.12612, "amount": 301.0, "side": "buy", "timestamp": 1766015610011}, {"id": "980842311", "price": 0.12612, "amount": 59.0, "side": "buy", "timestamp": 1766015611941}, {"id": "980842312", "price": 0.12611, "amount": 111.0, "side": "sell", "timestamp": 1766015612035}, {"id": "980842313", "price": 0.12611, "amount": 98.0, "side": "sell", "timestamp": 1766015612343}, {"id": "980842314", "price": 0.12612, "amount": 1240.0, "side": "buy", "timestamp": 1766015613530}, {"id": "980842315", "price": 0.12612, "amount": 30563.0, "side": "buy", "timestamp": 1766015614403}, {"id": "980842316", "price": 0.12611, "amount": 1366.0, "side": "sell", "timestamp": 1766015614658}, {"id": "980842317", "price": 0.12611, "amount": 111.0, "side": "sell", "timestamp": 1766015615082}, {"id": "980842318", "price": 0.12611, "amount": 41.0, "side": "sell", "timestamp": 1766015615600}, {"id": "980842319", "price": 0.12612, "amount": 86930.0, "side": "buy", "timestamp": 1766015616088}, {"id": "980842320", "price": 0.12613, "amount": 71661.0, "side": "buy", "timestamp": 1766015616088}, {"id": "980842321", "price": 0.12612, "amount": 107.0, "side": "sell", "timestamp": 1766015616823}, {"id": "980842322", "price": 0.12612, "amount": 111.0, "side": "sell", "timestamp": 1766015618155}, {"id": "980842323", "price": 0.12612, "amount": 65.0, "side": "sell", "timestamp": 1766015619858}, {"id": "980842324", "price": 0.12612, "amount": 79.0, "side": "sell", "timestamp": 1766015620285}, {"id": "980842325", "price": 0.12612, "amount": 111.0, "side": "sell", "timestamp": 1766015621176}, {"id": "980842326", "price": 0.12612, "amount": 111.0, "side": "sell", "timestamp": 1766015624201}, {"id": "980842327", "price": 0.12612, "amount": 63.0, "side": "sell", "timestamp": 1766015626100}, {"id": "980842328", "price": 0.12612, "amount": 42.0, "side": "sell", "timestamp": 1766015626654}, {"id": "980842329", "price": 0.12612, "amount": 111.0, "side": "sell", "timestamp": 1766015627055}, {"id": "980842330", "price": 0.12613, "amount": 59.0, "side": "buy", "timestamp": 1766015627653}, {"id": "980842331", "price": 0.12612, "amount": 114.0, "side": "sell", "timestamp": 1766015629432}, {"id": "980842332", "price": 0.12612, "amount": 111.0, "side": "sell", "timestamp": 1766015630101}, {"id": "980842333", "price": 0.12612, "amount": 127.0, "side": "sell", "timestamp": 1766015631164}, {"id": "980842334", "price": 0.12613, "amount": 2212.0, "side": "buy", "timestamp": 1766015631165}, {"id": "980842335", "price": 0.12612, "amount": 107.0, "side": "sell", "timestamp": 1766015631282}, {"id": "980842336", "price": 0.12613, "amount": 10676.0, "side": "buy", "timestamp": 1766015631567}, {"id": "980842337", "price": 0.12614, "amount": 2935.0, "side": "buy", "timestamp": 1766015631574}, {"id": "980842338", "price": 0.12615, "amount": 4499.0, "side": "buy", "timestamp": 1766015631575}, {"id": "980842339", "price": 0.12615, "amount": 399.0, "side": "buy", "timestamp": 1766015631773}, {"id": "980842340", "price": 0.12614, "amount": 111.0, "side": "sell", "timestamp": 1766015633117}, {"id": "980842341", "price": 0.12614, "amount": 125.0, "side": "sell", "timestamp": 1766015633333}, {"id": "980842342", "price": 0.12614, "amount": 72.0, "side": "sell", "timestamp": 1766015633979}, {"id": "980842343", "price": 0.12614, "amount": 67.0, "side": "sell", "timestamp": 1766015634891}, {"id": "980842344", "price": 0.12614, "amount": 66.0, "side": "sell", "timestamp": 1766015635301}, {"id": "980842345", "price": 0.12615, "amount": 206.0, "side": "buy", "timestamp": 1766015635796}, {"id": "980842346", "price": 0.12614, "amount": 187.0, "side": "sell", "timestamp": 1766015636149}, {"id": "980842347", "price": 0.12615, "amount": 254.0, "side": "buy", "timestamp": 1766015637162}, {"id": "980842348", "price": 0.12614, "amount": 111.0, "side": "sell", "timestamp": 1766015639168}, {"id": "980842349", "price": 0.12615, "amount": 95.0, "side": "buy", "timestamp": 1766015639641}, {"id": "980842377", "price": 0.12614, "amount": 138.0, "side": "buy", "timestamp": 1766015656772}, {"id": "980842378", "price": 0.12613, "amount": 111.0, "side": "sell", "timestamp": 1766015657109}, {"id": "980842379", "price": 0.12614, "amount": 29728.0, "side": "buy", "timestamp": 1766015657419}, {"id": "980842380", "price": 0.12614, "amount": 91.0, "side": "buy", "timestamp": 1766015658420}, {"id": "980842381", "price": 0.12613, "amount": 63.0, "side": "sell", "timestamp": 1766015659396}, {"id": "980842382", "price": 0.12614, "amount": 10735.0, "side": "buy", "timestamp": 1766015660096}, {"id": "980842383", "price": 0.12614, "amount": 111.0, "side": "sell", "timestamp": 1766015660142}, {"id": "980842384", "price": 0.12614, "amount": 107.0, "side": "sell", "timestamp": 1766015660274}, {"id": "980842385", "price": 0.12615, "amount": 24514.0, "side": "buy", "timestamp": 1766015661308}, {"id": "980842386", "price": 0.12615, "amount": 111.0, "side": "sell", "timestamp": 1766015663170}, {"id": "980842387", "price": 0.12615, "amount": 8669.0, "side": "sell", "timestamp": 1766015663571}, {"id": "980842388", "price": 0.12614, "amount": 1161.0, "side": "sell", "timestamp": 1766015663626}, {"id": "980842389", "price": 0.12613, "amount": 10258.0, "side": "sell", "timestamp": 1766015663796}, {"id": "980842390", "price": 0.12613, "amount": 111.0, "side": "buy", "timestamp": 1766015664586}, {"id": "980842391", "price": 0.12612, "amount": 2160.0, "side": "sell", "timestamp": 1766015665945}, {"id": "980842392", "price": 0.12612, "amount": 111.0, "side": "sell", "timestamp": 1766015666202}, {"id": "980842393", "price": 0.12613, "amount": 98.0, "side": "buy", "timestamp": 1766015667744}, {"id": "980842394", "price": 0.12612, "amount": 82.0, "side": "sell", "timestamp": 1766015667806}, {"id": "980842395", "price": 0.12613, "amount": 58.0, "side": "buy", "timestamp": 1766015668212}, {"id": "980842396", "price": 0.12612, "amount": 111.0, "side": "sell", "timestamp": 1766015669022}, {"id": "980842397", "price": 0.12612, "amount": 3082.0, "side": "sell", "timestamp": 1766015670428}, {"id": "980842398", "price": 0.12612, "amount": 111.0, "side": "sell", "timestamp": 1766015672063}, {"id": "980842399", "price": 0.12613, "amount": 1585.0, "side": "buy", "timestamp": 1766015672153}, {"id": "980842400", "price": 0.12613, "amount": 59.0, "side": "buy", "timestamp": 1766015673344}, {"id": "980842401", "price": 0.12612, "amount": 49.0, "side": "sell", "timestamp": 1766015673472}, {"id": "980842402", "price": 0.12613, "amount": 1699.0, "side": "buy", "timestamp": 1766015673968}, {"id": "980842403", "price": 0.12612, "amount": 123936.0, "side": "sell", "timestamp": 1766015674092}, {"id": "980842404", "price": 0.12611, "amount": 81.0, "side": "sell", "timestamp": 1766015674169}, {"id": "980842405", "price": 0.12611, "amount": 107.0, "side": "sell", "timestamp": 1766015674392}, {"id": "980842406", "price": 0.12611, "amount": 111.0, "side": "sell", "timestamp": 1766015675084}, {"id": "980842407", "price": 0.12612, "amount": 96.0, "side": "buy", "timestamp": 1766015675649}, {"id": "980842408", "price": 0.12611, "amount": 62.0, "side": "sell", "timestamp": 1766015676701}, {"id": "980842409", "price": 0.12611, "amount": 111.0, "side": "sell", "timestamp": 1766015678099}, {"id": "980842410", "price": 0.12611, "amount": 56.0, "side": "sell", "timestamp": 1766015679279}, {"id": "980842411", "price": 0.12611, "amount": 111.0, "side": "sell", "timestamp": 1766015681118}, {"id": "980842412", "price": 0.12612, "amount": 70.0, "side": "buy", "timestamp": 1766015683523}, {"id": "980842413", "price": 0.12611, "amount": 2217.0, "side": "sell", "timestamp": 1766015683693}, {"id": "980842414", "price": 0.12611, "amount": 111.0, "side": "sell", "timestamp": 1766015684135}, {"id": "980842415", "price": 0.12611, "amount": 62.0, "side": "sell", "timestamp": 1766015685490}, {"id": "980842416", "price": 0.12611, "amount": 72.0, "side": "sell", "timestamp": 1766015685957}, {"id": "980842417", "price": 0.12611, "amount": 111.0, "side": "sell", "timestamp": 1766015687155}, {"id": "980842418", "price": 0.12611, "amount": 43.0, "side": "sell", "timestamp": 1766015687436}, {"id": "980842419", "price": 0.12612, "amount": 60.0, "side": "buy", "timestamp": 1766015687881}, {"id": "980842420", "price": 0.12611, "amount": 107.0, "side": "sell", "timestamp": 1766015688789}, {"id": "980842421", "price": 0.12611, "amount": 111.0, "side": "sell", "timestamp": 1766015690036}, {"id": "980842422", "price": 0.12611, "amount": 45.0, "side": "sell", "timestamp": 1766015692700}, {"id": "980842423", "price": 0.12611, "amount": 111.0, "side": "sell", "timestamp": 1766015693066}, {"id": "980842424", "price": 0.12612, "amount": 79.0, "side": "buy", "timestamp": 1766015695136}, {"id": "980842425", "price": 0.12612, "amount": 20597.0, "side": "buy", "timestamp": 1766015695948}, {"id": "980842426", "price": 0.12611, "amount": 111.0, "side": "sell", "timestamp": 1766015696085}, {"id": "980842467", "price": 0.12612, "amount": 191718.0, "side": "buy", "timestamp": 1766015718927}, {"id": "980842468", "price": 0.12613, "amount": 42527.0, "side": "buy", "timestamp": 1766015718933}, {"id": "980842469", "price": 0.12614, "amount": 152147.0, "side": "buy", "timestamp": 1766015718934}, {"id": "980842470", "price": 0.12615, "amount": 21719.0, "side": "buy", "timestamp": 1766015718962}, {"id": "980842471", "price": 0.12616, "amount": 9244.0, "side": "buy", "timestamp": 1766015719052}, {"id": "980842472", "price": 0.12615, "amount": 798.0, "side": "sell", "timestamp": 1766015719178}, {"id": "980842473", "price": 0.12615, "amount": 399.0, "side": "sell", "timestamp": 1766015719335}, {"id": "980842474", "price": 0.12615, "amount": 263.0, "side": "sell", "timestamp": 1766015719900}, {"id": "980842475", "price": 0.12615, "amount": 111.0, "side": "sell", "timestamp": 1766015720135}, {"id": "980842476", "price": 0.12615, "amount": 133612.0, "side": "sell", "timestamp": 1766015721551}, {"id": "980842477", "price": 0.12614, "amount": 68852.0, "side": "sell", "timestamp": 1766015721554}, {"id": "980842478", "price": 0.12613, "amount": 40204.0, "side": "sell", "timestamp": 1766015721577}, {"id": "980842479", "price": 0.12612, "amount": 704.0, "side": "sell", "timestamp": 1766015721736}, {"id": "980842480", "price": 0.12611, "amount": 133.0, "side": "sell", "timestamp": 1766015722815}, {"id": "980842481", "price": 0.12611, "amount": 111.0, "side": "sell", "timestamp": 1766015723160}, {"id": "980842482", "price": 0.12612, "amount": 93.0, "side": "buy", "timestamp": 1766015723879}, {"id": "980842483", "price": 0.12612, "amount": 93.0, "side": "buy", "timestamp": 1766015724034}, {"id": "980842484", "price": 0.12612, "amount": 2217.0, "side": "buy", "timestamp": 1766015725219}, {"id": "980842485", "price": 0.12611, "amount": 214.0, "side": "sell", "timestamp": 1766015725464}, {"id": "980842486", "price": 0.12611, "amount": 111.0, "side": "sell", "timestamp": 1766015726213}, {"id": "980842487", "price": 0.12611, "amount": 45.0, "side": "sell", "timestamp": 1766015726820}, {"id": "980842488", "price": 0.12611, "amount": 101.0, "side": "sell", "timestamp": 1766015727079}, {"id": "980842489", "price": 0.12611, "amount": 111.0, "side": "sell", "timestamp": 1766015729077}, {"id": "980842490", "price": 0.12612, "amount": 261.0, "side": "buy", "timestamp": 1766015729557}, {"id": "980842491", "price": 0.12611, "amount": 96679.0, "side": "sell", "timestamp": 1766015730795}, {"id": "980842492", "price": 0.12611, "amount": 4362.0, "side": "buy", "timestamp": 1766015731647}, {"id": "980842493", "price": 0.1261, "amount": 107.0, "side": "sell", "timestamp": 1766015731875}, {"id": "980842494", "price": 0.12611, "amount": 55.0, "side": "buy", "timestamp": 1766015731944}, {"id": "980842495", "price": 0.1261, "amount": 111.0, "side": "sell", "timestamp": 1766015732122}, {"id": "980842496", "price": 0.12611, "amount": 948.0, "side": "buy", "timestamp": 1766015734322}, {"id": "980842497", "price": 0.1261, "amount": 111.0, "side": "sell", "timestamp": 1766015735144}, {"id": "980842498", "price": 0.1261, "amount": 113103.0, "side": "sell", "timestamp": 1766015735813}, {"id": "980842499", "price": 0.12609, "amount": 63.0, "side": "sell", "timestamp": 1766015737171}, {"id": "980842500", "price": 0.12609, "amount": 42.0, "side": "sell", "timestamp": 1766015737988}, {"id": "980842501", "price": 0.12609, "amount": 111.0, "side": "sell", "timestamp": 1766015738184}, {"id": "980842502", "price": 0.12609, "amount": 812.0, "side": "sell", "timestamp": 1766015739342}, {"id": "980842503", "price": 0.12609, "amount": 111.0, "side": "sell", "timestamp": 1766015741202}, {"id": "980842504", "price": 0.1261, "amount": 12319.0, "side": "buy", "timestamp": 1766015741840}, {"id": "980842505", "price": 0.1261, "amount": 78.0, "side": "buy", "timestamp": 1766015743943}, {"id": "980842506", "price": 0.12609, "amount": 111.0, "side": "sell", "timestamp": 1766015744019}, {"id": "980842507", "price": 0.12609, "amount": 107.0, "side": "sell", "timestamp": 1766015745457}, {"id": "980842508", "price": 0.1261, "amount": 748.0, "side": "buy", "timestamp": 1766015746552}, {"id": "980842509", "price": 0.12609, "amount": 111.0, "side": "sell", "timestamp": 1766015747055}, {"id": "980842510", "price": 0.1261, "amount": 150.0, "side": "buy", "timestamp": 1766015747591}, {"id": "980842511", "price": 0.12609, "amount": 223.0, "side": "sell", "timestamp": 1766015748755}, {"id": "980842512", "price": 0.1261, "amount": 2062.0, "side": "buy", "timestamp": 1766015749413}, {"id": "980842513", "price": 0.12611, "amount": 2097.0, "side": "buy", "timestamp": 1766015749839}, {"id": "980842514", "price": 0.12611, "amount": 111.0, "side": "sell", "timestamp": 1766015750120}, {"id": "980842515", "price": 0.12612, "amount": 454.0, "side": "buy", "timestamp": 1766015750271}, {"id": "980842516", "price": 0.12612, "amount": 4361.0, "side": "sell", "timestamp": 1766015751028}, {"id": "980842544", "price": 0.12612, "amount": 77.0, "side": "sell", "timestamp": 1766015768835}, {"id": "980842545", "price": 0.12612, "amount": 133.0, "side": "sell", "timestamp": 1766015769862}, {"id": "980842546", "price": 0.12612, "amount": 111.0, "side": "sell", "timestamp": 1766015771138}, {"id": "980842547", "price": 0.12613, "amount": 402.0, "side": "buy", "timestamp": 1766015772400}, {"id": "980842548", "price": 0.12612, "amount": 62.0, "side": "sell", "timestamp": 1766015772536}, {"id": "980842549", "price": 0.12612, "amount": 30.0, "side": "sell", "timestamp": 1766015773407}, {"id": "980842550", "price": 0.12612, "amount": 122.0, "side": "sell", "timestamp": 1766015773958}, {"id": "980842551", "price": 0.12613, "amount": 52691.0, "side": "buy", "timestamp": 1766015774088}, {"id": "980842552", "price": 0.12613, "amount": 111.0, "side": "sell", "timestamp": 1766015774162}, {"id": "980842553", "price": 0.12613, "amount": 107.0, "side": "sell", "timestamp": 1766015775595}, {"id": "980842554", "price": 0.12613, "amount": 111.0, "side": "sell", "timestamp": 1766015777180}, {"id": "980842555", "price": 0.12614, "amount": 38757.0, "side": "buy", "timestamp": 1766015777410}, {"id": "980842556", "price": 0.12615, "amount": 4308.0, "side": "buy", "timestamp": 1766015777410}, {"id": "980842557", "price": 0.12615, "amount": 54.0, "side": "buy", "timestamp": 1766015778557}, {"id": "980842558", "price": 0.12615, "amount": 84.0, "side": "buy", "timestamp": 1766015778830}, {"id": "980842559", "price": 0.12614, "amount": 111.0, "side": "sell", "timestamp": 1766015780009}, {"id": "980842560", "price": 0.12615, "amount": 22489.0, "side": "buy", "timestamp": 1766015780405}, {"id": "980842561", "price": 0.12614, "amount": 85.0, "side": "sell", "timestamp": 1766015782333}, {"id": "980842562", "price": 0.12614, "amount": 111.0, "side": "sell", "timestamp": 1766015783030}, {"id": "980842563", "price": 0.12615, "amount": 96.0, "side": "buy", "timestamp": 1766015783641}, {"id": "980842564", "price": 0.12614, "amount": 604.0, "side": "sell", "timestamp": 1766015784745}, {"id": "980842565", "price": 0.12615, "amount": 16459.0, "side": "buy", "timestamp": 1766015784760}, {"id": "980842566", "price": 0.12615, "amount": 132.0, "side": "buy", "timestamp": 1766015785826}, {"id": "980842567", "price": 0.12614, "amount": 111.0, "side": "sell", "timestamp": 1766015786105}, {"id": "980842568", "price": 0.12614, "amount": 40.0, "side": "sell", "timestamp": 1766015786690}, {"id": "980842569", "price": 0.12615, "amount": 868.0, "side": "buy", "timestamp": 1766015786879}, {"id": "980842570", "price": 0.12614, "amount": 2508.0, "side": "sell", "timestamp": 1766015789057}, {"id": "980842571", "price": 0.12615, "amount": 73795.0, "side": "buy", "timestamp": 1766015789218}, {"id": "980842572", "price": 0.12616, "amount": 79193.0, "side": "buy", "timestamp": 1766015789223}, {"id": "980842573", "price": 0.12616, "amount": 63.0, "side": "sell", "timestamp": 1766015789341}, {"id": "980842574", "price": 0.12616, "amount": 161.0, "side": "sell", "timestamp": 1766015789492}, {"id": "980842575", "price": 0.12616, "amount": 111.0, "side": "sell", "timestamp": 1766015792044}, {"id": "980842576", "price": 0.12617, "amount": 54.0, "side": "buy", "timestamp": 1766015793188}, {"id": "980842577", "price": 0.12616, "amount": 111.0, "side": "sell", "timestamp": 1766015795075}, {"id": "980842578", "price": 0.12616, "amount": 584.0, "side": "sell", "timestamp": 1766015795529}, {"id": "980842579", "price": 0.12616, "amount": 87617.0, "side": "sell", "timestamp": 1766015797847}, {"id": "980842580", "price": 0.12615, "amount": 111.0, "side": "sell", "timestamp": 1766015798092}, {"id": "980842581", "price": 0.12615, "amount": 42.0, "side": "sell", "timestamp": 1766015799861}, {"id": "980842582", "price": 0.12615, "amount": 44.0, "side": "sell", "timestamp": 1766015800910}, {"id": "980842583", "price": 0.12615, "amount": 141.0, "side": "sell", "timestamp": 1766015801153}, {"id": "980842584", "price": 0.12615, "amount": 65.0, "side": "sell", "timestamp": 1766015801996}, {"id": "980842585", "price": 0.12615, "amount": 234.0, "side": "sell", "timestamp": 1766015802596}, {"id": "980842586", "price": 0.12616, "amount": 3423.0, "side": "buy", "timestamp": 1766015803614}, {"id": "980842587", "price": 0.12615, "amount": 111.0, "side": "sell", "timestamp": 1766015804011}, {"id": "980842588", "price": 0.12616, "amount": 64.0, "side": "buy", "timestamp": 1766015804580}, {"id": "980842589", "price": 0.12615, "amount": 1307.0, "side": "sell", "timestamp": 1766015805037}, {"id": "980842590", "price": 0.12615, "amount": 43.0, "side": "sell", "timestamp": 1766015805986}, {"id": "980842591", "price": 0.12616, "amount": 40.0, "side": "buy", "timestamp": 1766015806295}, {"id": "980842592", "price": 0.12615, "amount": 253.0, "side": "sell", "timestamp": 1766015807050}, {"id": "980842593", "price": 0.12616, "amount": 53.0, "side": "buy", "timestamp": 1766015807693}, {"id": "980842631", "price": 0.12611, "amount": 111.0, "side": "sell", "timestamp": 1766015828087}, {"id": "980842632", "price": 0.12611, "amount": 111.0, "side": "sell", "timestamp": 1766015831104}, {"id": "980842633", "price": 0.12611, "amount": 43.0, "side": "sell", "timestamp": 1766015831659}, {"id": "980842634", "price": 0.12611, "amount": 64.0, "side": "sell", "timestamp": 1766015833520}, {"id": "980842635", "price": 0.12611, "amount": 111.0, "side": "sell", "timestamp": 1766015834130}, {"id": "980842636", "price": 0.12611, "amount": 140.0, "side": "sell", "timestamp": 1766015835583}, {"id": "980842637", "price": 0.12611, "amount": 111.0, "side": "sell", "timestamp": 1766015837156}, {"id": "980842638", "price": 0.12611, "amount": 443.0, "side": "sell", "timestamp": 1766015838375}, {"id": "980842639", "price": 0.12611, "amount": 500.0, "side": "sell", "timestamp": 1766015838707}, {"id": "980842640", "price": 0.12612, "amount": 54.0, "side": "buy", "timestamp": 1766015838855}, {"id": "980842641", "price": 0.12611, "amount": 500.0, "side": "sell", "timestamp": 1766015838897}, {"id": "980842642", "price": 0.12612, "amount": 74857.0, "side": "buy", "timestamp": 1766015839762}, {"id": "980842643", "price": 0.12612, "amount": 111.0, "side": "sell", "timestamp": 1766015840177}, {"id": "980842644", "price": 0.12613, "amount": 448.0, "side": "buy", "timestamp": 1766015840610}, {"id": "980842645", "price": 0.12612, "amount": 411.0, "side": "sell", "timestamp": 1766015840893}, {"id": "980842646", "price": 0.12611, "amount": 115.0, "side": "sell", "timestamp": 1766015841170}, {"id": "980842647", "price": 0.12611, "amount": 63.0, "side": "sell", "timestamp": 1766015841407}, {"id": "980842648", "price": 0.12611, "amount": 42.0, "side": "sell", "timestamp": 1766015842500}, {"id": "980842649", "price": 0.12612, "amount": 47.0, "side": "buy", "timestamp": 1766015842649}, {"id": "980842650", "price": 0.12611, "amount": 52452.0, "side": "sell", "timestamp": 1766015842845}, {"id": "980842651", "price": 0.1261, "amount": 8131.0, "side": "sell", "timestamp": 1766015842870}, {"id": "980842652", "price": 0.12609, "amount": 24193.0, "side": "sell", "timestamp": 1766015842870}, {"id": "980842653", "price": 0.12608, "amount": 183.0, "side": "sell", "timestamp": 1766015843163}, {"id": "980842654", "price": 0.12609, "amount": 2226.0, "side": "buy", "timestamp": 1766015843919}, {"id": "980842655", "price": 0.12608, "amount": 521.0, "side": "sell", "timestamp": 1766015844781}, {"id": "980842656", "price": 0.12609, "amount": 591.0, "side": "buy", "timestamp": 1766015844785}, {"id": "980842657", "price": 0.12608, "amount": 111.0, "side": "sell", "timestamp": 1766015846058}, {"id": "980842658", "price": 0.12608, "amount": 66.0, "side": "sell", "timestamp": 1766015846378}, {"id": "980842659", "price": 0.12609, "amount": 20602.0, "side": "buy", "timestamp": 1766015848864}, {"id": "980842660", "price": 0.12608, "amount": 111.0, "side": "sell", "timestamp": 1766015849073}, {"id": "980842661", "price": 0.12608, "amount": 177.0, "side": "sell", "timestamp": 1766015849334}, {"id": "980842662", "price": 0.12609, "amount": 54.0, "side": "buy", "timestamp": 1766015851633}, {"id": "980842663", "price": 0.12609, "amount": 11210.0, "side": "buy", "timestamp": 1766015852051}, {"id": "980842664", "price": 0.12609, "amount": 111.0, "side": "sell", "timestamp": 1766015852101}, {"id": "980842665", "price": 0.12609, "amount": 5724.0, "side": "sell", "timestamp": 1766015854541}, {"id": "980842666", "price": 0.1261, "amount": 2699.0, "side": "buy", "timestamp": 1766015854992}, {"id": "980842667", "price": 0.12609, "amount": 111.0, "side": "sell", "timestamp": 1766015855125}, {"id": "980842668", "price": 0.1261, "amount": 95.0, "side": "buy", "timestamp": 1766015855649}, {"id": "980842669", "price": 0.12609, "amount": 121.0, "side": "sell", "timestamp": 1766015857774}, {"id": "980842670", "price": 0.12609, "amount": 111.0, "side": "sell", "timestamp": 1766015858147}, {"id": "980842671", "price": 0.1261, "amount": 669.0, "side": "buy", "timestamp": 1766015858327}, {"id": "980842672", "price": 0.12609, "amount": 2180.0, "side": "sell", "timestamp": 1766015858863}, {"id": "980842673", "price": 0.1261, "amount": 11538.0, "side": "buy", "timestamp": 1766015860203}, {"id": "980842674", "price": 0.12609, "amount": 152.0, "side": "sell", "timestamp": 1766015861181}, {"id": "980842675", "price": 0.12609, "amount": 42.0, "side": "sell", "timestamp": 1766015862196}, {"id": "980842676", "price": 0.12609, "amount": 57.0, "side": "sell", "timestamp": 1766015862776}, {"id": "980842677", "price": 0.12609, "amount": 111.0, "side": "sell", "timestamp": 1766015864204}, {"id": "980842678", "price": 0.12609, "amount": 67.0, "side": "sell", "timestamp": 1766015865820}, {"id": "980842679", "price": 0.1261, "amount": 40.0, "side": "buy", "timestamp": 1766015865900}, {"id": "980842680", "price": 0.1261, "amount": 54.0, "side": "buy", "timestamp": 1766015866091}, {"id": "980842708", "price": 0.1261, "amount": 111.0, "side": "sell", "timestamp": 1766015888039}, {"id": "980842709", "price": 0.12611, "amount": 40.0, "side": "buy", "timestamp": 1766015888832}, {"id": "980842710", "price": 0.1261, "amount": 78.0, "side": "sell", "timestamp": 1766015889778}, {"id": "980842711", "price": 0.1261, "amount": 56.0, "side": "sell", "timestamp": 1766015889981}, {"id": "980842712", "price": 0.1261, "amount": 748.0, "side": "sell", "timestamp": 1766015890515}, {"id": "980842713", "price": 0.1261, "amount": 95.0, "side": "sell", "timestamp": 1766015890633}, {"id": "980842714", "price": 0.12611, "amount": 89.0, "side": "buy", "timestamp": 1766015890871}, {"id": "980842715", "price": 0.1261, "amount": 111.0, "side": "sell", "timestamp": 1766015891053}, {"id": "980842716", "price": 0.12611, "amount": 96.0, "side": "buy", "timestamp": 1766015891639}, {"id": "980842717", "price": 0.12611, "amount": 38129.0, "side": "buy", "timestamp": 1766015893062}, {"id": "980842718", "price": 0.12612, "amount": 28173.0, "side": "buy", "timestamp": 1766015893077}, {"id": "980842719", "price": 0.12612, "amount": 63.0, "side": "sell", "timestamp": 1766015893600}, {"id": "980842720", "price": 0.12612, "amount": 111.0, "side": "sell", "timestamp": 1766015894078}, {"id": "980842721", "price": 0.12612, "amount": 73.0, "side": "sell", "timestamp": 1766015895314}, {"id": "980842722", "price": 0.12612, "amount": 64.0, "side": "sell", "timestamp": 1766015896411}, {"id": "980842723", "price": 0.12612, "amount": 111.0, "side": "sell", "timestamp": 1766015897101}, {"id": "980842724", "price": 0.12613, "amount": 855.0, "side": "buy", "timestamp": 1766015898288}, {"id": "980842725", "price": 0.12612, "amount": 44.0, "side": "sell", "timestamp": 1766015899354}, {"id": "980842726", "price": 0.12612, "amount": 111.0, "side": "sell", "timestamp": 1766015900131}, {"id": "980842727", "price": 0.12613, "amount": 19255.0, "side": "buy", "timestamp": 1766015900371}, {"id": "980842728", "price": 0.12614, "amount": 17554.0, "side": "buy", "timestamp": 1766015901538}, {"id": "980842729", "price": 0.12614, "amount": 81.0, "side": "sell", "timestamp": 1766015902445}, {"id": "980842730", "price": 0.12615, "amount": 549.0, "side": "buy", "timestamp": 1766015902986}, {"id": "980842731", "price": 0.12614, "amount": 111.0, "side": "sell", "timestamp": 1766015903158}, {"id": "980842732", "price": 0.12615, "amount": 79.0, "side": "buy", "timestamp": 1766015903535}, {"id": "980842733", "price": 0.12615, "amount": 27133.0, "side": "buy", "timestamp": 1766015904423}, {"id": "980842734", "price": 0.12616, "amount": 15472.0, "side": "buy", "timestamp": 1766015904455}, {"id": "980842735", "price": 0.12617, "amount": 67654.0, "side": "buy", "timestamp": 1766015906096}, {"id": "980842736", "price": 0.12617, "amount": 111.0, "side": "sell", "timestamp": 1766015906199}, {"id": "980842737", "price": 0.12617, "amount": 1397.0, "side": "sell", "timestamp": 1766015907243}, {"id": "980842738", "price": 0.12616, "amount": 111.0, "side": "sell", "timestamp": 1766015909029}, {"id": "980842739", "price": 0.12617, "amount": 24392.0, "side": "buy", "timestamp": 1766015909116}, {"id": "980842740", "price": 0.12618, "amount": 303.0, "side": "buy", "timestamp": 1766015909253}, {"id": "980842741", "price": 0.12617, "amount": 3052.0, "side": "sell", "timestamp": 1766015909754}, {"id": "980842742", "price": 0.12617, "amount": 25217.0, "side": "sell", "timestamp": 1766015910663}, {"id": "980842743", "price": 0.12617, "amount": 63.0, "side": "sell", "timestamp": 1766015911048}, {"id": "980842744", "price": 0.12617, "amount": 90.0, "side": "sell", "timestamp": 1766015911705}, {"id": "980842745", "price": 0.12618, "amount": 54.0, "side": "buy", "timestamp": 1766015911737}, {"id": "980842746", "price": 0.12617, "amount": 151.0, "side": "sell", "timestamp": 1766015911853}, {"id": "980842747", "price": 0.12618, "amount": 76944.0, "side": "buy", "timestamp": 1766015912047}, {"id": "980842748", "price": 0.12618, "amount": 111.0, "side": "sell", "timestamp": 1766015912137}, {"id": "980842749", "price": 0.12619, "amount": 31310.0, "side": "buy", "timestamp": 1766015913867}, {"id": "980842750", "price": 0.12619, "amount": 2091.0, "side": "sell", "timestamp": 1766015915077}, {"id": "980842751", "price": 0.1262, "amount": 1478.0, "side": "buy", "timestamp": 1766015917556}, {"id": "980842752", "price": 0.12619, "amount": 44.0, "side": "sell", "timestamp": 1766015917873}, {"id": "980842753", "price": 0.12619, "amount": 111.0, "side": "sell", "timestamp": 1766015918191}, {"id": "980842754", "price": 0.12619, "amount": 49.0, "side": "sell", "timestamp": 1766015918311}, {"id": "980842755", "price": 0.1262, "amount": 269.0, "side": "buy", "timestamp": 1766015920089}, {"id": "980842756", "price": 0.1262, "amount": 11000.0, "side": "buy", "timestamp": 1766015920500}, {"id": "980842757", "price": 0.12619, "amount": 111.0, "side": "sell", "timestamp": 1766015921049}, {"id": "980842789", "price": 0.12619, "amount": 90.0, "side": "sell", "timestamp": 1766015944544}, {"id": "980842790", "price": 0.1262, "amount": 204.0, "side": "buy", "timestamp": 1766015944646}, {"id": "980842791", "price": 0.1262, "amount": 147.0, "side": "buy", "timestamp": 1766015945089}, {"id": "980842792", "price": 0.12619, "amount": 174.0, "side": "sell", "timestamp": 1766015945136}, {"id": "980842793", "price": 0.1262, "amount": 316.0, "side": "buy", "timestamp": 1766015945260}, {"id": "980842794", "price": 0.1262, "amount": 45.0, "side": "buy", "timestamp": 1766015945459}, {"id": "980842795", "price": 0.1262, "amount": 41.0, "side": "buy", "timestamp": 1766015945560}, {"id": "980842796", "price": 0.1262, "amount": 32664.0, "side": "buy", "timestamp": 1766015945688}, {"id": "980842797", "price": 0.12621, "amount": 162.0, "side": "buy", "timestamp": 1766015945729}, {"id": "980842798", "price": 0.1262, "amount": 50.0, "side": "sell", "timestamp": 1766015945956}, {"id": "980842799", "price": 0.12621, "amount": 32175.0, "side": "buy", "timestamp": 1766015947278}, {"id": "980842800", "price": 0.12621, "amount": 111.0, "side": "sell", "timestamp": 1766015948187}, {"id": "980842801", "price": 0.12622, "amount": 1188.0, "side": "buy", "timestamp": 1766015948230}, {"id": "980842802", "price": 0.12621, "amount": 43.0, "side": "sell", "timestamp": 1766015948235}, {"id": "980842803", "price": 0.12621, "amount": 5980.0, "side": "sell", "timestamp": 1766015948630}, {"id": "980842804", "price": 0.1262, "amount": 28204.0, "side": "sell", "timestamp": 1766015948630}, {"id": "980842805", "price": 0.1262, "amount": 111.0, "side": "sell", "timestamp": 1766015951068}, {"id": "980842806", "price": 0.12621, "amount": 237.0, "side": "buy", "timestamp": 1766015952342}, {"id": "980842807", "price": 0.12621, "amount": 4470.0, "side": "buy", "timestamp": 1766015952748}, {"id": "980842808", "price": 0.1262, "amount": 111.0, "side": "sell", "timestamp": 1766015954098}, {"id": "980842809", "price": 0.1262, "amount": 8006.0, "side": "sell", "timestamp": 1766015957154}, {"id": "980842810", "price": 0.1262, "amount": 871.0, "side": "sell", "timestamp": 1766015957596}, {"id": "980842811", "price": 0.12621, "amount": 53.0, "side": "buy", "timestamp": 1766015958055}, {"id": "980842812", "price": 0.1262, "amount": 115.0, "side": "sell", "timestamp": 1766015958073}, {"id": "980842813", "price": 0.1262, "amount": 716.0, "side": "sell", "timestamp": 1766015958456}, {"id": "980842814", "price": 0.1262, "amount": 111.0, "side": "sell", "timestamp": 1766015960172}, {"id": "980842815", "price": 0.1262, "amount": 44.0, "side": "sell", "timestamp": 1766015961539}, {"id": "980842816", "price": 0.12621, "amount": 3586.0, "side": "buy", "timestamp": 1766015962368}, {"id": "980842817", "price": 0.1262, "amount": 124.0, "side": "sell", "timestamp": 1766015963102}, {"id": "980842818", "price": 0.1262, "amount": 111.0, "side": "sell", "timestamp": 1766015963208}, {"id": "980842819", "price": 0.1262, "amount": 260.0, "side": "sell", "timestamp": 1766015963591}, {"id": "980842820", "price": 0.12621, "amount": 95.0, "side": "buy", "timestamp": 1766015963642}, {"id": "980842821", "price": 0.12621, "amount": 48.0, "side": "buy", "timestamp": 1766015965218}, {"id": "980842822", "price": 0.1262, "amount": 111.0, "side": "sell", "timestamp": 1766015966024}, {"id": "980842823", "price": 0.1262, "amount": 72799.0, "side": "sell", "timestamp": 1766015966185}, {"id": "980842824", "price": 0.12619, "amount": 39648.0, "side": "sell", "timestamp": 1766015967037}, {"id": "980842825", "price": 0.12619, "amount": 60.0, "side": "sell", "timestamp": 1766015968085}, {"id": "980842826", "price": 0.1262, "amount": 473.0, "side": "buy", "timestamp": 1766015968667}, {"id": "980842827", "price": 0.12619, "amount": 111.0, "side": "sell", "timestamp": 1766015969090}, {"id": "980842828", "price": 0.1262, "amount": 603.0, "side": "buy", "timestamp": 1766015969606}, {"id": "980842829", "price": 0.12619, "amount": 384.0, "side": "sell", "timestamp": 1766015970523}, {"id": "980842830", "price": 0.1262, "amount": 169.0, "side": "buy", "timestamp": 1766015970986}, {"id": "980842831", "price": 0.12619, "amount": 88.0, "side": "sell", "timestamp": 1766015971216}, {"id": "980842832", "price": 0.12619, "amount": 315.0, "side": "sell", "timestamp": 1766015971676}, {"id": "980842833", "price": 0.12619, "amount": 111.0, "side": "sell", "timestamp": 1766015972159}, {"id": "980842834", "price": 0.12619, "amount": 86.0, "side": "sell", "timestamp": 1766015973116}, {"id": "980842835", "price": 0.1262, "amount": 28753.0, "side": "buy", "timestamp": 1766015973706}, {"id": "980842836", "price": 0.1262, "amount": 45294.0, "side": "sell", "timestamp": 1766015974133}, {"id": "980842837", "price": 0.12621, "amount": 54.0, "side": "buy", "timestamp": 1766015975008}, {"id": "980842838", "price": 0.1262, "amount": 6840.0, "side": "sell", "timestamp": 1766015975104}]