[{"symbol": "ETHUSDT", "bids": [[3136.5, 17.25], [3136.48, 0.048], [3136.47, 0.574], [3136.46, 0.05], [3136.45, 0.35], [3136.44, 0.796], [3136.43, 0.046], [3136.42, 0.637], [3136.4, 3.161], [3136.39, 0.016], [3136.38, 3.311], [3136.37, 0.654], [3136.36, 0.151], [3136.35, 0.02], [3136.34, 0.661], [3136.33, 5.107], [3136.32, 2.638], [3136.3, 5.428], [3136.29, 0.17], [3136.28, 0.661]], "asks": [[3136.51, 427.479], [3136.52, 55.794], [3136.53, 52.11], [3136.54, 0.264], [3136.55, 0.398], [3136.56, 0.237], [3136.57, 1.453], [3136.58, 3.976], [3136.59, 9.479], [3136.6, 2.862], [3136.61, 20.008], [3136.62, 29.578], [3136.63, 36.371], [3136.64, 0.021], [3136.65, 0.85], [3136.67, 0.045], [3136.68, 0.023], [3136.69, 0.031], [3136.7, 1.619], [3136.71, 1.814]], "timestamp": "2025-12-15T08:39:42.701331+00:00"}, {"symbol": "ETHUSDT", "bids": [[3137.81, 9.819], [3137.8, 0.025], [3137.79, 0.008], [3137.78, 1.507], [3137.77, 0.015], [3137.76, 0.067], [3137.75, 0.03], [3137.74, 0.031], [3137.73, 4.721], [3137.72, 0.008], [3137.71, 0.014], [3137.7, 0.077], [3137.68, 0.007], [3137.67, 0.035], [3137.66, 0.007], [3137.65, 9.107], [3137.64, 0.044], [3137.63, 0.107], [3137.62, 0.007], [3137.61, 0.952]], "asks": [[3137.82, 108.351], [3137.83, 0.115], [3137.84, 4.142], [3137.85, 2.502], [3137.86, 0.327], [3137.87, 0.008], [3137.88, 0.325], [3137.89, 0.025], [3137.9, 22.689], [3137.91, 1.919], [3137.92, 0.023], [3137.93, 0.021], [3137.94, 7.105], [3137.95, 14.667], [3137.96, 9.741], [3137.97, 9.188], [3137.98, 30.977], [3137.99, 0.114], [3138.0, 0.243], [3138.01, 0.028]], "timestamp": "2025-12-15T08:40:36.154554+00:00"}, {"symbol": "ETHUSDT", "bids": [[3138.77, 5.39], [3138.76, 0.045], [3138.75, 0.025], [3138.74, 22.958], [3138.73, 0.386], [3138.72, 11.824], [3138.71, 0.015], [3138.7, 0.02], [3138.69, 0.015], [3138.68, 0.058], [3138.67, 0.036], [3138.65, 0.935], [3138.64, 0.08], [3138.63, 0.007], [3138.62, 0.028], [3138.61, 0.007], [3138.6, 0.452], [3138.59, 0.044], [3138.58, 1.639], [3138.57, 4.203]], "asks": [[3138.78, 193.994], [3138.79, 0.021], [3138.8, 0.007], [3138.81, 1.212], [3138.83, 0.008], [3138.84, 2.674], [3138.85, 7.625], [3138.86, 0.013], [3138.87, 9.58], [3138.88, 0.017], [3138.89, 0.051], [3138.9, 5.83], [3138.91, 2.488], [3138.92, 0.653], [3138.93, 0.038], [3138.94, 0.028], [3138.95, 1.824], [3138.96, 0.326], [3138.97, 0.045], [3138.98, 0.029]], "timestamp": "2025-12-15T08:41:31.143943+00:00"}, {"symbol": "ETHUSDT", "bids": [[3138.14, 77.858], [3138.13, 0.045], [3138.12, 20.639], [3138.11, 0.021], [3138.1, 2.131], [3138.09, 1.618], [3138.08, 0.058], [3138.06, 0.187], [3138.05, 7.587], [3138.04, 3.494], [3138.03, 3.76], [3138.02, 24.934], [3138.01, 3.629], [3138.0, 13.522], [3137.99, 64.575], [3137.98, 0.67], [3137.97, 6.628], [3137.96, 1.861], [3137.95, 1.054], [3137.94, 0.1]], "asks": [[3138.15, 26.974], [3138.16, 0.599], [3138.19, 1.632], [3138.2, 0.008], [3138.22, 0.008], [3138.23, 0.051], [3138.24, 0.955], [3138.25, 0.019], [3138.26, 0.021], [3138.27, 0.01], [3138.28, 0.015], [3138.29, 1.381], [3138.3, 5.014], [3138.31, 0.657], [3138.32, 0.02], [3138.33, 0.072], [3138.34, 0.038], [3138.35, 1.615], [3138.36, 0.159], [3138.37, 0.01]], "timestamp": "2025-12-15T08:42:25.211687+00:00"}, {"symbol": "ETHUSDT", "bids": [[3139.43, 54.22], [3139.42, 0.014], [3139.4, 0.045], [3139.39, 0.661], [3139.37, 0.014], [3139.36, 0.452], [3139.35, 4.42], [3139.34, 1.603], [3139.33, 0.104], [3139.32, 21.959], [3139.31, 0.013], [3139.3, 0.032], [3139.29, 0.306], [3139.28, 0.015], [3139.27, 0.315], [3139.26, 0.534], [3139.25, 0.113], [3139.24, 0.347], [3139.23, 3.685], [3139.22, 0.051]], "asks": [[3139.44, 177.143], [3139.45, 0.028], [3139.48, 0.038], [3139.49, 0.008], [3139.5, 0.021], [3139.51, 0.008], [3139.52, 0.013], [3139.53, 0.842], [3139.54, 0.009], [3139.55, 0.778], [3139.56, 0.017], [3139.57, 0.683], [3139.58, 0.021], [3139.6, 0.095], [3139.61, 2.886], [3139.62, 0.338], [3139.63, 7.697], [3139.64, 0.167], [3139.65, 0.027], [3139.66, 0.077]], "timestamp": "2025-12-15T08:43:18.767853+00:00"}, {"symbol": "ETHUSDT", "bids": [[3140.59, 78.672], [3140.58, 0.352], [3140.57, 0.147], [3140.56, 0.095], [3140.55, 1.288], [3140.54, 0.102], [3140.53, 0.007], [3140.52, 0.015], [3140.51, 0.045], [3140.5, 0.013], [3140.49, 3.273], [3140.48, 0.02], [3140.46, 0.703], [3140.45, 0.544], [3140.44, 1.593], [3140.43, 1.794], [3140.42, 0.027], [3140.41, 1.722], [3140.4, 0.702], [3140.39, 2.022]], "asks": [[3140.6, 54.083], [3140.61, 0.23], [3140.62, 2.939], [3140.63, 0.176], [3140.64, 0.016], [3140.65, 2.824], [3140.66, 4.439], [3140.67, 8.459], [3140.68, 5.299], [3140.69, 0.007], [3140.7, 1.654], [3140.71, 0.371], [3140.72, 6.608], [3140.73, 5.364], [3140.74, 0.652], [3140.75, 0.075], [3140.76, 27.652], [3140.77, 0.943], [3140.78, 0.027], [3140.79, 0.37]], "timestamp": "2025-12-15T08:44:12.220765+00:00"}, {"symbol": "ETHUSDT", "bids": [[3139.99, 87.618], [3139.98, 0.657], [3139.97, 3.506], [3139.96, 19.104], [3139.95, 1.606], [3139.94, 1.36], [3139.93, 0.024], [3139.92, 0.384], [3139.91, 1.592], [3139.9, 0.022], [3139.89, 0.015], [3139.88, 0.058], [3139.87, 0.963], [3139.86, 4.883], [3139.85, 0.013], [3139.84, 16.901], [3139.83, 36.478], [3139.82, 0.04], [3139.81, 0.015], [3139.8, 0.229]], "asks": [[3140.0, 84.781], [3140.01, 0.105], [3140.02, 0.008], [3140.03, 0.01], [3140.04, 0.008], [3140.05, 0.038], [3140.06, 0.008], [3140.07, 0.014], [3140.08, 1.0], [3140.09, 1.611], [3140.1, 0.055], [3140.11, 0.051], [3140.12, 0.008], [3140.13, 0.013], [3140.14, 0.022], [3140.15, 0.706], [3140.16, 8.9], [3140.17, 0.007], [3140.18, 0.015], [3140.19, 1.644]], "timestamp": "2025-12-15T08:45:06.186803+00:00"}, {"symbol": "ETHUSDT", "bids": [[3140.35, 189.205], [3140.34, 2.042], [3140.33, 7.122], [3140.32, 0.691], [3140.31, 0.295], [3140.3, 0.083], [3140.29, 1.024], [3140.28, 0.212], [3140.27, 0.02], [3140.26, 0.106], [3140.25, 2.02], [3140.24, 0.016], [3140.23, 0.015], [3140.22, 0.694], [3140.21, 0.008], [3140.2, 0.007], [3140.18, 0.711], [3140.17, 0.095], [3140.16, 13.996], [3140.15, 9.152]], "asks": [[3140.36, 9.495], [3140.37, 0.014], [3140.38, 0.053], [3140.39, 0.013], [3140.4, 0.04], [3140.41, 0.495], [3140.42, 0.038], [3140.44, 1.876], [3140.45, 0.514], [3140.46, 0.122], [3140.47, 0.053], [3140.48, 0.022], [3140.49, 2.178], [3140.5, 1.028], [3140.51, 0.024], [3140.52, 0.008], [3140.53, 0.62], [3140.54, 0.053], [3140.55, 0.668], [3140.56, 0.825]], "timestamp": "2025-12-15T08:45:59.537300+00:00"}, {"symbol": "ETHUSDT", "bids": [[3141.98, 67.261], [3141.97, 0.076], [3141.96, 0.008], [3141.95, 0.014], [3141.94, 0.046], [3141.93, 0.013], [3141.92, 0.032], [3141.91, 0.008], [3141.9, 0.043], [3141.89, 0.007], [3141.88, 0.066], [3141.87, 0.009], [3141.86, 0.02], [3141.85, 0.022], [3141.84, 0.059], [3141.83, 0.007], [3141.82, 0.015], [3141.81, 0.048], [3141.8, 0.058], [3141.79, 0.02]], "asks": [[3141.99, 226.14], [3142.0, 30.029], [3142.01, 22.45], [3142.02, 44.348], [3142.03, 0.744], [3142.04, 0.015], [3142.05, 2.006], [3142.07, 0.531], [3142.08, 35.604], [3142.09, 0.022], [3142.1, 0.027], [3142.11, 53.101], [3142.12, 0.008], [3142.13, 0.066], [3142.14, 0.159], [3142.15, 1.607], [3142.16, 0.093], [3142.17, 0.907], [3142.18, 12.523], [3142.19, 0.034]], "timestamp": "2025-12-15T08:46:53.604890+00:00"}, {"symbol": "ETHUSDT", "bids": [[3138.7, 28.842], [3138.69, 0.007], [3138.68, 0.038], [3138.67, 1.253], [3138.66, 1.433], [3138.65, 0.008], [3138.64, 0.025], [3138.63, 0.051], [3138.61, 0.008], [3138.6, 1.128], [3138.59, 0.007], [3138.58, 0.167], [3138.57, 0.02], [3138.55, 0.008], [3138.54, 0.339], [3138.53, 0.703], [3138.52, 0.021], [3138.51, 0.048], [3138.5, 0.594], [3138.49, 0.015]], "asks": [[3138.71, 140.776], [3138.72, 0.868], [3138.73, 3.251], [3138.75, 0.052], [3138.76, 0.022], [3138.78, 0.008], [3138.79, 0.02], [3138.8, 0.007], [3138.81, 0.081], [3138.82, 5.831], [3138.83, 0.007], [3138.84, 33.638], [3138.85, 0.634], [3138.86, 1.608], [3138.88, 0.038], [3138.89, 0.007], [3138.9, 0.403], [3138.91, 0.751], [3138.92, 0.278], [3138.93, 0.021]], "timestamp": "2025-12-15T08:47:47.183683+00:00"}, {"symbol": "ETHUSDT", "bids": [[3138.0, 113.588], [3137.99, 0.731], [3137.98, 0.038], [3137.97, 0.017], [3137.96, 3.886], [3137.95, 0.091], [3137.94, 0.065], [3137.93, 0.021], [3137.92, 0.009], [3137.91, 2.161], [3137.9, 20.271], [3137.89, 43.036], [3137.88, 0.024], [3137.87, 1.785], [3137.86, 0.774], [3137.85, 1.086], [3137.84, 0.638], [3137.83, 0.584], [3137.82, 0.077], [3137.81, 0.635]], "asks": [[3138.01, 78.373], [3138.02, 0.07], [3138.04, 0.007], [3138.06, 0.046], [3138.08, 0.008], [3138.09, 0.013], [3138.1, 0.007], [3138.11, 0.008], [3138.12, 0.051], [3138.14, 1.231], [3138.15, 0.036], [3138.17, 2.729], [3138.18, 0.145], [3138.2, 0.364], [3138.21, 0.817], [3138.22, 1.564], [3138.23, 0.021], [3138.24, 0.531], [3138.25, 0.836], [3138.26, 0.021]], "timestamp": "2025-12-15T08:48:40.921544+00:00"}, {"symbol": "ETHUSDT", "bids": [[3138.56, 57.715], [3138.55, 1.867], [3138.54, 1.276], [3138.52, 2.226], [3138.51, 9.108], [3138.5, 0.008], [3138.49, 0.007], [3138.48, 0.028], [3138.47, 0.038], [3138.46, 1.986], [3138.45, 0.069], [3138.44, 0.008], [3138.43, 1.122], [3138.42, 1.629], [3138.41, 1.593], [3138.4, 0.819], [3138.39, 0.187], [3138.38, 6.772], [3138.37, 3.543], [3138.36, 3.711]], "asks": [[3138.57, 25.055], [3138.58, 0.033], [3138.59, 0.713], [3138.6, 1.601], [3138.61, 0.025], [3138.62, 0.656], [3138.63, 0.137], [3138.64, 1.649], [3138.65, 0.023], [3138.66, 0.023], [3138.67, 0.014], [3138.68, 0.051], [3138.69, 0.174], [3138.7, 0.489], [3138.71, 0.033], [3138.72, 5.578], [3138.73, 0.053], [3138.74, 0.01], [3138.75, 1.628], [3138.76, 0.022]], "timestamp": "2025-12-15T08:49:34.374738+00:00"}, {"symbol": "ETHUSDT", "bids": [[3139.74, 5.659], [3139.73, 9.114], [3139.72, 7.23], [3139.71, 0.015], [3139.7, 10.318], [3139.69, 3.293], [3139.68, 0.028], [3139.67, 1.341], [3139.66, 0.008], [3139.65, 0.671], [3139.64, 4.158], [3139.63, 0.319], [3139.62, 0.015], [3139.61, 0.007], [3139.6, 0.383], [3139.59, 57.012], [3139.58, 0.1], [3139.57, 1.604], [3139.56, 56.509], [3139.55, 0.421]], "asks": [[3139.75, 106.564], [3139.76, 22.753], [3139.77, 0.053], [3139.78, 0.007], [3139.79, 0.007], [3139.8, 1.63], [3139.81, 0.046], [3139.82, 0.014], [3139.83, 0.008], [3139.84, 0.088], [3139.85, 0.146], [3139.86, 32.809], [3139.87, 0.911], [3139.88, 0.08], [3139.89, 1.722], [3139.9, 2.829], [3139.91, 0.652], [3139.92, 0.123], [3139.93, 0.045], [3139.94, 0.759]], "timestamp": "2025-12-15T08:50:28.237902+00:00"}, {"symbol": "ETHUSDT", "bids": [[3140.2, 50.909], [3140.19, 0.066], [3140.18, 9.333], [3140.17, 12.034], [3140.16, 54.92], [3140.15, 157.766], [3140.14, 6.426], [3140.13, 87.122], [3140.12, 0.065], [3140.11, 0.014], [3140.1, 0.549], [3140.09, 0.696], [3140.08, 6.383], [3140.07, 35.049], [3140.06, 0.008], [3140.05, 0.058], [3140.04, 13.989], [3140.03, 2.503], [3140.02, 11.927], [3140.01, 0.341]], "asks": [[3140.21, 38.61], [3140.22, 0.07], [3140.23, 0.007], [3140.24, 1.5], [3140.25, 0.023], [3140.26, 0.053], [3140.28, 0.335], [3140.29, 0.038], [3140.3, 0.048], [3140.31, 0.008], [3140.32, 3.685], [3140.34, 0.06], [3140.35, 1.62], [3140.36, 0.018], [3140.37, 0.071], [3140.38, 0.072], [3140.39, 0.008], [3140.4, 0.028], [3140.41, 0.044], [3140.42, 0.007]], "timestamp": "2025-12-15T08:51:21.897135+00:00"}, {"symbol": "ETHUSDT", "bids": [[3138.99, 188.304], [3138.98, 0.05], [3138.97, 0.007], [3138.96, 0.182], [3138.95, 0.007], [3138.94, 0.008], [3138.93, 1.009], [3138.92, 0.021], [3138.9, 8.142], [3138.89, 0.033], [3138.88, 1.226], [3138.87, 1.749], [3138.85, 2.855], [3138.84, 2.932], [3138.83, 10.943], [3138.82, 0.02], [3138.81, 0.008], [3138.8, 0.051], [3138.79, 0.031], [3138.78, 0.015]], "asks": [[3139.0, 65.117], [3139.01, 0.424], [3139.02, 0.186], [3139.03, 0.475], [3139.04, 1.472], [3139.05, 0.022], [3139.06, 0.013], [3139.07, 0.007], [3139.08, 0.061], [3139.09, 0.023], [3139.1, 0.017], [3139.11, 0.023], [3139.12, 0.051], [3139.13, 5.233], [3139.14, 0.101], [3139.15, 0.046], [3139.16, 0.007], [3139.17, 1.599], [3139.18, 0.223], [3139.2, 0.862]], "timestamp": "2025-12-15T08:52:15.759047+00:00"}, {"symbol": "ETHUSDT", "bids": [[3137.98, 19.71], [3137.97, 0.015], [3137.95, 0.199], [3137.94, 0.354], [3137.93, 0.058], [3137.92, 2.122], [3137.91, 4.042], [3137.9, 1.645], [3137.89, 0.015], [3137.88, 0.021], [3137.87, 89.031], [3137.86, 2.588], [3137.85, 1.294], [3137.84, 0.01], [3137.83, 1.26], [3137.82, 1.804], [3137.81, 0.625], [3137.8, 0.655], [3137.79, 9.437], [3137.78, 0.053]], "asks": [[3137.99, 209.425], [3138.0, 3.364], [3138.01, 0.105], [3138.02, 1.23], [3138.03, 1.068], [3138.04, 0.151], [3138.05, 0.869], [3138.06, 0.305], [3138.07, 0.046], [3138.08, 0.055], [3138.09, 0.008], [3138.1, 0.027], [3138.11, 0.007], [3138.12, 0.445], [3138.13, 0.013], [3138.14, 0.045], [3138.15, 0.645], [3138.16, 0.028], [3138.17, 0.604], [3138.19, 1.791]], "timestamp": "2025-12-15T08:53:09.622000+00:00"}, {"symbol": "ETHUSDT", "bids": [[3138.5, 46.576], [3138.49, 0.043], [3138.48, 0.271], [3138.46, 0.485], [3138.45, 0.386], [3138.44, 0.038], [3138.43, 0.028], [3138.42, 0.015], [3138.41, 0.638], [3138.4, 2.097], [3138.39, 0.007], [3138.38, 1.606], [3138.37, 0.331], [3138.36, 0.105], [3138.33, 0.035], [3138.31, 0.038], [3138.3, 1.682], [3138.29, 6.706], [3138.28, 0.01], [3138.27, 12.935]], "asks": [[3138.51, 65.446], [3138.52, 0.015], [3138.53, 0.038], [3138.54, 4.349], [3138.55, 6.284], [3138.56, 0.008], [3138.57, 0.076], [3138.58, 2.118], [3138.59, 3.242], [3138.6, 0.744], [3138.61, 0.663], [3138.62, 0.534], [3138.63, 0.057], [3138.64, 0.015], [3138.65, 0.013], [3138.66, 0.007], [3138.67, 0.035], [3138.68, 0.038], [3138.69, 0.015], [3138.7, 0.477]], "timestamp": "2025-12-15T08:54:03.202731+00:00"}, {"symbol": "ETHUSDT", "bids": [[3138.84, 0.173], [3138.83, 0.007], [3138.82, 0.038], [3138.81, 0.655], [3138.8, 0.407], [3138.79, 0.087], [3138.78, 0.015], [3138.77, 2.041], [3138.76, 0.189], [3138.75, 0.333], [3138.74, 0.035], [3138.73, 6.455], [3138.72, 0.067], [3138.71, 0.325], [3138.7, 0.032], [3138.69, 0.013], [3138.68, 0.052], [3138.67, 0.036], [3138.65, 0.015], [3138.64, 0.031]], "asks": [[3138.85, 223.197], [3138.86, 0.014], [3138.87, 0.064], [3138.89, 0.038], [3138.9, 0.029], [3138.92, 0.008], [3138.95, 2.535], [3138.98, 94.882], [3138.99, 24.531], [3139.0, 125.764], [3139.01, 30.021], [3139.02, 30.061], [3139.04, 0.619], [3139.05, 1.624], [3139.06, 0.7], [3139.07, 0.007], [3139.08, 0.261], [3139.09, 6.801], [3139.1, 40.038], [3139.11, 0.037]], "timestamp": "2025-12-15T08:54:57.143678+00:00"}, {"symbol": "ETHUSDT", "bids": [[3139.86, 1.419], [3139.85, 0.007], [3139.84, 0.046], [3139.83, 0.024], [3139.82, 0.015], [3139.8, 0.085], [3139.79, 0.007], [3139.77, 0.008], [3139.76, 0.052], [3139.74, 0.015], [3139.73, 1.808], [3139.72, 0.327], [3139.71, 0.027], [3139.7, 0.317], [3139.69, 0.883], [3139.68, 0.058], [3139.67, 0.015], [3139.66, 0.007], [3139.65, 8.425], [3139.64, 0.032]], "asks": [[3139.87, 254.745], [3139.88, 4.01], [3139.89, 0.008], [3139.9, 19.106], [3139.91, 2.289], [3139.92, 0.174], [3139.94, 0.015], [3139.95, 1.172], [3139.96, 0.008], [3139.97, 0.086], [3139.98, 0.302], [3139.99, 0.172], [3140.0, 30.551], [3140.01, 0.03], [3140.02, 11.026], [3140.03, 3.049], [3140.04, 0.175], [3140.05, 0.008], [3140.06, 0.729], [3140.07, 0.021]], "timestamp": "2025-12-15T08:55:50.494250+00:00"}, {"symbol": "ETHUSDT", "bids": [[3139.99, 57.503], [3139.98, 0.007], [3139.97, 0.249], [3139.96, 1.515], [3139.95, 0.115], [3139.94, 1.601], [3139.93, 0.045], [3139.92, 9.144], [3139.91, 0.289], [3139.9, 0.007], [3139.89, 0.091], [3139.88, 0.517], [3139.86, 0.021], [3139.85, 0.059], [3139.84, 2.285], [3139.83, 13.387], [3139.82, 0.154], [3139.81, 13.542], [3139.8, 65.465], [3139.79, 0.042]], "asks": [[3140.0, 183.383], [3140.01, 0.044], [3140.04, 0.159], [3140.05, 0.008], [3140.06, 0.038], [3140.07, 0.971], [3140.08, 0.65], [3140.1, 2.198], [3140.11, 0.013], [3140.12, 1.031], [3140.13, 0.431], [3140.14, 0.021], [3140.15, 0.415], [3140.16, 0.318], [3140.17, 0.066], [3140.18, 6.801], [3140.19, 2.59], [3140.2, 9.151], [3140.21, 0.109], [3140.22, 9.578]], "timestamp": "2025-12-15T08:56:44.459720+00:00"}, {"symbol": "ETHUSDT", "bids": [[3139.38, 32.107], [3139.37, 0.127], [3139.36, 9.746], [3139.35, 0.023], [3139.34, 0.688], [3139.33, 0.022], [3139.32, 0.016], [3139.31, 1.631], [3139.3, 0.045], [3139.28, 0.008], [3139.27, 1.949], [3139.26, 0.035], [3139.24, 0.183], [3139.23, 0.637], [3139.21, 0.653], [3139.2, 9.007], [3139.19, 0.008], [3139.18, 0.131], [3139.17, 0.045], [3139.16, 0.934]], "asks": [[3139.39, 254.147], [3139.4, 2.05], [3139.41, 2.802], [3139.42, 0.049], [3139.43, 0.315], [3139.44, 7.945], [3139.45, 0.529], [3139.46, 0.646], [3139.47, 0.079], [3139.48, 0.124], [3139.49, 0.008], [3139.5, 0.049], [3139.51, 0.015], [3139.52, 0.058], [3139.54, 10.373], [3139.55, 1.606], [3139.56, 0.014], [3139.58, 0.29], [3139.59, 7.043], [3139.6, 2.519]], "timestamp": "2025-12-15T08:57:38.117608+00:00"}, {"symbol": "ETHUSDT", "bids": [[3138.56, 149.313], [3138.55, 0.778], [3138.54, 0.318], [3138.53, 0.094], [3138.52, 0.052], [3138.51, 0.167], [3138.5, 0.007], [3138.49, 0.008], [3138.48, 1.722], [3138.47, 8.386], [3138.46, 0.078], [3138.45, 0.015], [3138.43, 0.645], [3138.42, 0.104], [3138.41, 0.133], [3138.4, 0.007], [3138.39, 11.984], [3138.38, 4.12], [3138.37, 0.187], [3138.36, 1.13]], "asks": [[3138.57, 61.38], [3138.58, 0.056], [3138.59, 0.008], [3138.6, 0.036], [3138.61, 1.315], [3138.62, 6.359], [3138.63, 0.252], [3138.64, 0.028], [3138.65, 0.01], [3138.66, 0.045], [3138.67, 1.894], [3138.69, 0.015], [3138.7, 0.03], [3138.71, 0.683], [3138.72, 4.705], [3138.73, 7.027], [3138.74, 0.008], [3138.75, 1.635], [3138.76, 1.531], [3138.77, 0.183]], "timestamp": "2025-12-15T08:58:31.810858+00:00"}, {"symbol": "ETHUSDT", "bids": [[3138.63, 207.074], [3138.62, 24.969], [3138.61, 3.07], [3138.6, 8.217], [3138.59, 0.06], [3138.58, 0.008], [3138.57, 0.008], [3138.56, 0.061], [3138.55, 0.066], [3138.53, 0.008], [3138.52, 0.035], [3138.51, 0.117], [3138.5, 1.691], [3138.49, 22.924], [3138.48, 12.953], [3138.47, 0.101], [3138.46, 0.066], [3138.45, 4.06], [3138.44, 0.021], [3138.43, 0.291]], "asks": [[3138.64, 20.345], [3138.65, 0.014], [3138.66, 1.482], [3138.67, 0.015], [3138.69, 0.015], [3138.7, 0.027], [3138.72, 0.061], [3138.73, 0.007], [3138.74, 0.008], [3138.75, 0.021], [3138.76, 0.139], [3138.79, 0.039], [3138.8, 0.023], [3138.81, 0.038], [3138.82, 0.022], [3138.83, 0.028], [3138.84, 0.072], [3138.85, 0.057], [3138.86, 1.629], [3138.87, 0.835]], "timestamp": "2025-12-15T08:59:25.536630+00:00"}, {"symbol": "ETHUSDT", "bids": [[3139.99, 275.114], [3139.98, 94.326], [3139.97, 0.14], [3139.96, 1.507], [3139.95, 19.038], [3139.94, 0.046], [3139.93, 10.006], [3139.92, 0.171], [3139.91, 1.592], [3139.9, 0.014], [3139.89, 1.674], [3139.88, 110.867], [3139.87, 0.014], [3139.86, 0.021], [3139.85, 0.059], [3139.84, 20.924], [3139.83, 17.022], [3139.82, 0.014], [3139.81, 6.901], [3139.8, 0.036]], "asks": [[3140.0, 58.373], [3140.01, 2.074], [3140.02, 0.016], [3140.03, 0.008], [3140.04, 0.022], [3140.05, 0.021], [3140.06, 0.008], [3140.07, 2.355], [3140.08, 5.941], [3140.09, 0.018], [3140.1, 1.548], [3140.11, 0.046], [3140.12, 0.157], [3140.14, 0.156], [3140.15, 0.038], [3140.16, 14.147], [3140.17, 3.663], [3140.18, 0.072], [3140.19, 0.099], [3140.2, 0.077]], "timestamp": "2025-12-15T09:00:19.034321+00:00"}, {"symbol": "ETHUSDT", "bids": [[3138.56, 87.597], [3138.55, 1.967], [3138.54, 0.79], [3138.52, 2.348], [3138.51, 0.167], [3138.5, 0.787], [3138.49, 0.008], [3138.48, 0.171], [3138.47, 1.683], [3138.46, 0.161], [3138.45, 0.347], [3138.44, 0.658], [3138.43, 25.272], [3138.42, 26.568], [3138.41, 71.372], [3138.4, 3.031], [3138.39, 0.666], [3138.38, 1.892], [3138.37, 2.697], [3138.36, 0.029]], "asks": [[3138.57, 22.02], [3138.58, 0.022], [3138.59, 0.008], [3138.6, 0.059], [3138.61, 1.663], [3138.62, 0.072], [3138.63, 0.007], [3138.64, 2.667], [3138.65, 0.023], [3138.66, 4.512], [3138.67, 28.824], [3138.68, 0.038], [3138.69, 0.028], [3138.7, 0.07], [3138.71, 0.008], [3138.72, 0.658], [3138.73, 0.028], [3138.74, 0.032], [3138.75, 0.067], [3138.76, 9.683]], "timestamp": "2025-12-15T09:01:12.955839+00:00"}, {"symbol": "ETHUSDT", "bids": [[3139.99, 198.327], [3139.98, 0.313], [3139.97, 3.41], [3139.96, 0.007], [3139.95, 4.378], [3139.94, 9.108], [3139.93, 0.644], [3139.92, 0.422], [3139.91, 1.906], [3139.9, 0.062], [3139.89, 4.02], [3139.88, 0.159], [3139.87, 1.652], [3139.86, 1.613], [3139.84, 0.1], [3139.83, 8.309], [3139.82, 0.022], [3139.81, 1.646], [3139.8, 0.184], [3139.79, 0.636]], "asks": [[3140.0, 9.673], [3140.01, 0.258], [3140.03, 0.017], [3140.04, 0.223], [3140.06, 0.1], [3140.07, 0.038], [3140.08, 0.008], [3140.09, 0.013], [3140.1, 0.24], [3140.12, 0.022], [3140.13, 0.064], [3140.14, 0.007], [3140.15, 0.323], [3140.16, 0.794], [3140.18, 0.058], [3140.19, 0.015], [3140.2, 0.039], [3140.21, 0.013], [3140.22, 0.058], [3140.23, 0.039]], "timestamp": "2025-12-15T09:02:06.409230+00:00"}, {"symbol": "ETHUSDT", "bids": [[3141.92, 0.175], [3141.91, 0.294], [3141.9, 9.317], [3141.89, 0.015], [3141.88, 0.02], [3141.87, 0.008], [3141.86, 0.152], [3141.85, 0.082], [3141.84, 0.138], [3141.83, 11.211], [3141.82, 0.02], [3141.81, 0.008], [3141.8, 0.03], [3141.79, 0.045], [3141.78, 0.015], [3141.77, 0.028], [3141.75, 0.881], [3141.74, 0.035], [3141.73, 0.01], [3141.72, 0.091]], "asks": [[3141.93, 346.249], [3141.94, 0.021], [3141.95, 4.501], [3141.96, 9.569], [3141.97, 5.175], [3141.98, 0.015], [3142.0, 27.038], [3142.01, 0.24], [3142.02, 1.646], [3142.03, 0.008], [3142.04, 0.402], [3142.05, 0.035], [3142.06, 1.625], [3142.07, 0.621], [3142.08, 3.071], [3142.09, 1.588], [3142.1, 1.784], [3142.11, 0.018], [3142.12, 0.115], [3142.13, 0.008]], "timestamp": "2025-12-15T09:03:00.067185+00:00"}, {"symbol": "ETHUSDT", "bids": [[3142.44, 276.214], [3142.43, 4.617], [3142.42, 0.651], [3142.41, 1.666], [3142.4, 0.414], [3142.39, 0.015], [3142.38, 0.272], [3142.37, 0.051], [3142.36, 0.023], [3142.35, 0.354], [3142.34, 0.65], [3142.33, 0.972], [3142.32, 0.335], [3142.31, 0.188], [3142.3, 0.032], [3142.29, 1.66], [3142.28, 3.059], [3142.27, 0.02], [3142.26, 0.014], [3142.25, 0.021]], "asks": [[3142.45, 21.762], [3142.46, 0.007], [3142.48, 0.283], [3142.49, 0.881], [3142.5, 3.393], [3142.52, 0.125], [3142.53, 1.07], [3142.55, 0.008], [3142.56, 0.021], [3142.57, 1.086], [3142.58, 1.083], [3142.59, 0.745], [3142.6, 1.651], [3142.61, 1.346], [3142.62, 1.231], [3142.63, 3.455], [3142.65, 0.087], [3142.66, 0.018], [3142.67, 0.028], [3142.68, 0.008]], "timestamp": "2025-12-15T09:03:53.827635+00:00"}, {"symbol": "ETHUSDT", "bids": [[3144.73, 65.142], [3144.72, 1.611], [3144.71, 0.007], [3144.7, 0.014], [3144.69, 1.02], [3144.68, 0.008], [3144.66, 0.008], [3144.65, 0.728], [3144.63, 0.023], [3144.62, 0.831], [3144.61, 1.59], [3144.6, 0.029], [3144.59, 0.021], [3144.56, 0.031], [3144.55, 0.168], [3144.53, 0.032], [3144.52, 0.925], [3144.5, 2.856], [3144.49, 0.691], [3144.48, 0.022]], "asks": [[3144.74, 110.153], [3144.75, 0.066], [3144.77, 0.008], [3144.78, 0.355], [3144.79, 0.008], [3144.8, 0.021], [3144.81, 0.008], [3144.82, 1.017], [3144.83, 0.008], [3144.84, 0.022], [3144.85, 0.08], [3144.87, 0.042], [3144.88, 0.029], [3144.89, 0.007], [3144.9, 0.395], [3144.91, 0.611], [3144.92, 0.046], [3144.93, 1.449], [3144.94, 0.018], [3144.95, 0.626]], "timestamp": "2025-12-15T09:04:47.998020+00:00"}, {"symbol": "ETHUSDT", "bids": [[3142.68, 124.486], [3142.67, 2.178], [3142.66, 0.922], [3142.65, 0.007], [3142.64, 1.508], [3142.63, 1.607], [3142.62, 0.364], [3142.61, 0.008], [3142.6, 0.434], [3142.59, 0.326], [3142.58, 0.319], [3142.57, 0.053], [3142.56, 0.65], [3142.55, 4.416], [3142.54, 1.651], [3142.53, 0.008], [3142.51, 0.028], [3142.5, 0.021], [3142.49, 0.58], [3142.48, 0.026]], "asks": [[3142.69, 41.148], [3142.7, 0.007], [3142.72, 0.008], [3142.73, 0.008], [3142.74, 0.038], [3142.75, 0.038], [3142.76, 1.015], [3142.77, 0.023], [3142.78, 0.606], [3142.8, 0.103], [3142.82, 0.008], [3142.83, 0.013], [3142.84, 0.015], [3142.85, 0.03], [3142.86, 0.125], [3142.87, 0.013], [3142.88, 0.659], [3142.89, 0.569], [3142.9, 0.065], [3142.91, 0.024]], "timestamp": "2025-12-15T09:05:41.963514+00:00"}, {"symbol": "ETHUSDT", "bids": [[3142.56, 15.716], [3142.55, 0.052], [3142.54, 0.007], [3142.52, 0.079], [3142.51, 0.06], [3142.5, 0.03], [3142.49, 1.649], [3142.48, 3.416], [3142.47, 0.038], [3142.46, 1.524], [3142.45, 2.134], [3142.44, 0.231], [3142.43, 0.038], [3142.42, 0.034], [3142.41, 0.008], [3142.4, 2.189], [3142.39, 0.69], [3142.38, 0.027], [3142.37, 5.482], [3142.36, 0.58]], "asks": [[3142.57, 83.848], [3142.58, 0.637], [3142.6, 0.07], [3142.62, 0.091], [3142.63, 0.01], [3142.64, 1.637], [3142.65, 0.042], [3142.66, 0.095], [3142.67, 0.02], [3142.68, 0.044], [3142.69, 0.02], [3142.7, 0.095], [3142.72, 0.035], [3142.73, 4.181], [3142.74, 1.759], [3142.75, 0.363], [3142.76, 0.355], [3142.77, 0.135], [3142.78, 0.635], [3142.79, 0.007]], "timestamp": "2025-12-15T09:06:35.621724+00:00"}, {"symbol": "ETHUSDT", "bids": [[3144.49, 0.045], [3144.48, 0.643], [3144.47, 0.021], [3144.45, 0.218], [3144.44, 0.021], [3144.42, 0.015], [3144.41, 0.211], [3144.4, 0.029], [3144.39, 0.013], [3144.37, 0.035], [3144.36, 0.06], [3144.35, 0.888], [3144.34, 0.427], [3144.33, 2.579], [3144.32, 2.77], [3144.31, 0.066], [3144.3, 0.36], [3144.29, 0.089], [3144.28, 0.015], [3144.27, 0.037]], "asks": [[3144.5, 35.413], [3144.51, 1.5], [3144.53, 9.562], [3144.54, 16.589], [3144.55, 17.157], [3144.56, 244.317], [3144.57, 0.014], [3144.6, 8.411], [3144.61, 0.008], [3144.63, 0.046], [3144.64, 0.021], [3144.65, 22.956], [3144.66, 0.696], [3144.67, 0.066], [3144.69, 0.007], [3144.7, 0.028], [3144.71, 0.017], [3144.72, 29.571], [3144.73, 23.09], [3144.74, 3.184]], "timestamp": "2025-12-15T09:07:28.972874+00:00"}, {"symbol": "ETHUSDT", "bids": [[3144.4, 19.177], [3144.39, 0.007], [3144.38, 0.045], [3144.36, 0.008], [3144.35, 0.007], [3144.34, 0.046], [3144.33, 0.013], [3144.31, 0.011], [3144.3, 0.083], [3144.28, 0.007], [3144.27, 0.021], [3144.26, 0.008], [3144.25, 0.008], [3144.24, 0.535], [3144.23, 0.008], [3144.22, 1.584], [3144.21, 6.393], [3144.2, 2.093], [3144.19, 0.05], [3144.18, 0.656]], "asks": [[3144.41, 140.648], [3144.42, 7.753], [3144.44, 0.06], [3144.45, 0.356], [3144.46, 1.606], [3144.47, 0.038], [3144.48, 0.124], [3144.49, 0.008], [3144.5, 0.448], [3144.51, 0.029], [3144.52, 7.634], [3144.53, 9.603], [3144.54, 7.568], [3144.55, 0.007], [3144.56, 28.461], [3144.57, 2.451], [3144.58, 0.095], [3144.59, 0.045], [3144.6, 0.035], [3144.61, 0.028]], "timestamp": "2025-12-15T09:08:22.733437+00:00"}, {"symbol": "ETHUSDT", "bids": [[3143.96, 97.082], [3143.95, 0.021], [3143.91, 0.015], [3143.9, 0.045], [3143.89, 0.028], [3143.88, 1.499], [3143.86, 8.436], [3143.85, 0.036], [3143.84, 0.014], [3143.83, 0.695], [3143.82, 0.008], [3143.81, 4.21], [3143.8, 0.644], [3143.79, 13.028], [3143.78, 0.053], [3143.76, 0.028], [3143.75, 1.674], [3143.74, 1.087], [3143.73, 0.174], [3143.71, 0.013]], "asks": [[3143.97, 70.775], [3143.98, 0.553], [3144.0, 0.406], [3144.01, 0.046], [3144.02, 0.008], [3144.03, 0.173], [3144.04, 0.021], [3144.05, 0.57], [3144.06, 0.354], [3144.07, 1.591], [3144.08, 0.661], [3144.09, 0.008], [3144.1, 0.441], [3144.12, 0.384], [3144.13, 0.007], [3144.14, 0.013], [3144.15, 0.03], [3144.16, 7.52], [3144.17, 0.007], [3144.18, 0.013]], "timestamp": "2025-12-15T09:09:16.528699+00:00"}, {"symbol": "ETHUSDT", "bids": [[3144.39, 61.492], [3144.38, 0.052], [3144.36, 1.507], [3144.35, 0.014], [3144.34, 0.008], [3144.32, 0.053], [3144.31, 0.013], [3144.3, 0.436], [3144.29, 0.013], [3144.28, 0.046], [3144.27, 0.159], [3144.26, 0.007], [3144.25, 0.37], [3144.24, 0.138], [3144.23, 0.007], [3144.22, 0.665], [3144.21, 0.646], [3144.2, 0.017], [3144.19, 0.028], [3144.18, 0.325]], "asks": [[3144.4, 48.505], [3144.41, 0.155], [3144.42, 0.016], [3144.43, 1.598], [3144.44, 0.061], [3144.45, 1.529], [3144.46, 0.051], [3144.47, 0.007], [3144.48, 0.066], [3144.49, 0.12], [3144.5, 3.387], [3144.51, 0.665], [3144.52, 0.133], [3144.53, 0.027], [3144.54, 1.758], [3144.55, 0.114], [3144.56, 0.98], [3144.57, 0.82], [3144.58, 9.561], [3144.59, 0.008]], "timestamp": "2025-12-15T09:10:10.050107+00:00"}, {"symbol": "ETHUSDT", "bids": [[3140.59, 24.084], [3140.58, 0.014], [3140.57, 1.592], [3140.55, 1.563], [3140.54, 8.129], [3140.53, 0.109], [3140.51, 0.021], [3140.5, 10.091], [3140.48, 1.66], [3140.46, 0.013], [3140.45, 0.008], [3140.44, 0.038], [3140.43, 0.167], [3140.42, 0.028], [3140.41, 0.526], [3140.4, 0.721], [3140.39, 0.81], [3140.38, 2.079], [3140.37, 2.237], [3140.36, 0.649]], "asks": [[3140.6, 37.879], [3140.61, 0.021], [3140.62, 0.038], [3140.63, 0.014], [3140.64, 0.032], [3140.66, 0.541], [3140.67, 0.152], [3140.68, 0.021], [3140.69, 4.401], [3140.7, 7.098], [3140.71, 0.028], [3140.72, 0.038], [3140.73, 0.008], [3140.74, 0.013], [3140.75, 0.015], [3140.76, 0.259], [3140.77, 0.008], [3140.78, 0.013], [3140.79, 0.015], [3140.8, 23.59]], "timestamp": "2025-12-15T09:11:03.912969+00:00"}, {"symbol": "ETHUSDT", "bids": [[3141.47, 70.434], [3141.46, 0.022], [3141.45, 0.021], [3141.43, 0.038], [3141.42, 5.085], [3141.4, 1.154], [3141.39, 0.847], [3141.38, 0.511], [3141.37, 0.174], [3141.36, 18.281], [3141.35, 0.501], [3141.34, 0.153], [3141.33, 0.027], [3141.32, 0.157], [3141.31, 0.08], [3141.3, 0.193], [3141.29, 0.059], [3141.28, 0.18], [3141.27, 0.031], [3141.26, 3.205]], "asks": [[3141.48, 58.402], [3141.49, 0.021], [3141.5, 0.038], [3141.51, 0.008], [3141.53, 0.008], [3141.54, 0.238], [3141.55, 0.015], [3141.56, 0.013], [3141.57, 0.646], [3141.58, 0.053], [3141.59, 0.013], [3141.6, 0.036], [3141.61, 0.008], [3141.62, 1.612], [3141.63, 0.933], [3141.64, 0.013], [3141.65, 0.765], [3141.66, 6.874], [3141.67, 0.832], [3141.68, 7.977]], "timestamp": "2025-12-15T09:11:57.980739+00:00"}, {"symbol": "ETHUSDT", "bids": [[3140.46, 57.04], [3140.45, 0.014], [3140.44, 0.008], [3140.43, 0.007], [3140.42, 0.014], [3140.41, 0.055], [3140.4, 0.03], [3140.39, 1.291], [3140.38, 0.014], [3140.37, 0.038], [3140.36, 0.008], [3140.35, 0.013], [3140.34, 0.015], [3140.33, 0.051], [3140.32, 7.118], [3140.31, 15.452], [3140.3, 1.955], [3140.29, 4.341], [3140.28, 0.167], [3140.27, 0.108]], "asks": [[3140.47, 153.555], [3140.48, 0.021], [3140.5, 0.007], [3140.51, 0.038], [3140.52, 0.008], [3140.54, 0.008], [3140.55, 0.034], [3140.56, 0.689], [3140.57, 1.601], [3140.58, 0.013], [3140.6, 0.092], [3140.61, 0.021], [3140.62, 0.08], [3140.63, 0.046], [3140.64, 0.02], [3140.66, 0.016], [3140.67, 8.727], [3140.68, 0.014], [3140.69, 1.601], [3140.7, 0.049]], "timestamp": "2025-12-15T09:12:51.638155+00:00"}, {"symbol": "ETHUSDT", "bids": [[3141.65, 0.326], [3141.64, 0.007], [3141.63, 0.059], [3141.61, 0.008], [3141.6, 0.356], [3141.59, 0.008], [3141.58, 0.01], [3141.57, 0.038], [3141.56, 0.028], [3141.55, 0.007], [3141.54, 0.021], [3141.53, 0.021], [3141.52, 0.083], [3141.5, 0.028], [3141.49, 0.804], [3141.48, 0.029], [3141.47, 2.035], [3141.46, 0.256], [3141.45, 0.022], [3141.44, 0.028]], "asks": [[3141.66, 322.668], [3141.67, 97.84], [3141.68, 1.669], [3141.69, 0.076], [3141.7, 21.382], [3141.71, 0.015], [3141.72, 0.024], [3141.73, 0.046], [3141.74, 0.013], [3141.75, 0.015], [3141.76, 0.008], [3141.77, 0.013], [3141.78, 13.096], [3141.79, 2.399], [3141.8, 3.147], [3141.81, 6.932], [3141.82, 0.754], [3141.83, 79.219], [3141.84, 17.924], [3141.85, 0.008]], "timestamp": "2025-12-15T09:13:45.399784+00:00"}, {"symbol": "ETHUSDT", "bids": [[3144.25, 46.269], [3144.24, 0.021], [3144.23, 0.007], [3144.22, 1.5], [3144.2, 0.008], [3144.19, 0.045], [3144.18, 0.021], [3144.17, 0.021], [3144.16, 0.007], [3144.15, 0.572], [3144.14, 0.381], [3144.13, 0.007], [3144.12, 0.356], [3144.11, 0.973], [3144.1, 0.421], [3144.09, 0.008], [3144.08, 0.02], [3144.07, 0.015], [3144.06, 0.013], [3144.05, 0.038]], "asks": [[3144.26, 59.171], [3144.27, 0.199], [3144.28, 0.042], [3144.29, 0.056], [3144.3, 0.048], [3144.31, 0.04], [3144.32, 0.03], [3144.33, 7.087], [3144.34, 6.913], [3144.35, 0.043], [3144.36, 1.598], [3144.37, 0.221], [3144.38, 12.753], [3144.39, 0.564], [3144.4, 0.314], [3144.41, 0.21], [3144.42, 0.019], [3144.43, 0.05], [3144.44, 0.867], [3144.45, 4.146]], "timestamp": "2025-12-15T09:14:38.648374+00:00"}, {"symbol": "ETHUSDT", "bids": [[3144.46, 2.839], [3144.45, 0.021], [3144.44, 0.007], [3144.43, 0.038], [3144.42, 0.007], [3144.41, 0.015], [3144.4, 0.01], [3144.39, 0.066], [3144.38, 0.007], [3144.36, 0.009], [3144.35, 0.081], [3144.33, 0.007], [3144.32, 0.008], [3144.3, 0.052], [3144.29, 0.091], [3144.27, 1.875], [3144.26, 0.349], [3144.25, 0.023], [3144.24, 0.65], [3144.23, 0.066]], "asks": [[3144.47, 132.185], [3144.48, 44.462], [3144.49, 30.087], [3144.5, 32.125], [3144.51, 1.641], [3144.53, 0.021], [3144.54, 0.038], [3144.55, 2.177], [3144.56, 0.043], [3144.57, 0.671], [3144.58, 8.249], [3144.59, 20.593], [3144.6, 4.391], [3144.61, 0.083], [3144.62, 0.053], [3144.63, 0.651], [3144.64, 0.245], [3144.65, 0.387], [3144.66, 0.06], [3144.67, 0.166]], "timestamp": "2025-12-15T09:15:31.999449+00:00"}, {"symbol": "ETHUSDT", "bids": [[3143.4, 2.812], [3143.39, 0.014], [3143.38, 0.007], [3143.37, 0.046], [3143.35, 0.015], [3143.34, 0.008], [3143.33, 0.046], [3143.32, 0.007], [3143.3, 0.028], [3143.29, 0.038], [3143.28, 0.007], [3143.27, 0.028], [3143.25, 0.062], [3143.24, 0.021], [3143.23, 0.007], [3143.22, 0.074], [3143.21, 0.188], [3143.2, 0.941], [3143.19, 0.51], [3143.18, 0.175]], "asks": [[3143.41, 199.425], [3143.42, 51.411], [3143.43, 30.014], [3143.44, 39.163], [3143.45, 0.021], [3143.46, 0.008], [3143.48, 15.903], [3143.49, 39.407], [3143.5, 0.014], [3143.51, 0.028], [3143.52, 13.422], [3143.53, 23.095], [3143.54, 4.875], [3143.55, 0.049], [3143.57, 0.007], [3143.58, 0.377], [3143.59, 0.008], [3143.6, 4.359], [3143.61, 0.588], [3143.62, 0.027]], "timestamp": "2025-12-15T09:16:26.067070+00:00"}, {"symbol": "ETHUSDT", "bids": [[3143.06, 30.108], [3143.05, 0.007], [3143.04, 0.007], [3143.03, 0.038], [3143.01, 0.03], [3142.99, 0.046], [3142.98, 0.027], [3142.96, 0.013], [3142.95, 0.22], [3142.93, 0.017], [3142.92, 0.1], [3142.91, 0.017], [3142.9, 0.825], [3142.89, 0.007], [3142.88, 0.036], [3142.87, 0.637], [3142.86, 1.016], [3142.85, 0.008], [3142.84, 0.092], [3142.83, 3.337]], "asks": [[3143.07, 92.867], [3143.08, 0.066], [3143.1, 0.059], [3143.11, 0.01], [3143.12, 0.132], [3143.13, 0.007], [3143.14, 0.645], [3143.15, 2.054], [3143.16, 0.063], [3143.17, 0.028], [3143.18, 0.164], [3143.19, 11.696], [3143.2, 5.156], [3143.21, 1.643], [3143.22, 0.022], [3143.23, 9.818], [3143.24, 0.015], [3143.25, 1.623], [3143.26, 0.057], [3143.27, 0.809]], "timestamp": "2025-12-15T09:17:20.032596+00:00"}, {"symbol": "ETHUSDT", "bids": [[3144.48, 7.342], [3144.47, 0.007], [3144.45, 0.022], [3144.44, 0.045], [3144.43, 0.008], [3144.42, 0.018], [3144.4, 0.059], [3144.39, 0.008], [3144.38, 0.013], [3144.36, 0.046], [3144.33, 0.028], [3144.32, 0.038], [3144.31, 0.008], [3144.3, 0.014], [3144.29, 1.62], [3144.28, 0.038], [3144.27, 0.026], [3144.26, 0.166], [3144.25, 0.007], [3144.24, 0.318]], "asks": [[3144.49, 132.792], [3144.5, 0.021], [3144.51, 0.159], [3144.53, 0.038], [3144.54, 0.644], [3144.55, 14.865], [3144.56, 12.731], [3144.57, 0.02], [3144.58, 1.683], [3144.59, 0.011], [3144.6, 0.049], [3144.62, 52.884], [3144.63, 32.047], [3144.64, 0.204], [3144.65, 0.318], [3144.66, 0.022], [3144.67, 2.681], [3144.68, 0.071], [3144.69, 0.028], [3144.7, 0.021]], "timestamp": "2025-12-15T09:18:13.691277+00:00"}, {"symbol": "ETHUSDT", "bids": [[3142.99, 220.476], [3142.98, 78.729], [3142.95, 2.295], [3142.94, 0.372], [3142.93, 0.023], [3142.92, 13.028], [3142.9, 0.045], [3142.89, 2.243], [3142.88, 0.015], [3142.87, 0.021], [3142.86, 2.07], [3142.85, 0.386], [3142.83, 0.18], [3142.82, 0.083], [3142.81, 8.971], [3142.8, 0.777], [3142.79, 0.015], [3142.78, 0.038], [3142.77, 0.374], [3142.76, 0.087]], "asks": [[3143.0, 5.124], [3143.01, 0.102], [3143.02, 0.115], [3143.03, 0.008], [3143.04, 0.014], [3143.05, 0.008], [3143.06, 0.021], [3143.07, 0.049], [3143.08, 0.023], [3143.09, 0.013], [3143.1, 0.021], [3143.11, 0.046], [3143.12, 0.085], [3143.13, 0.169], [3143.14, 0.016], [3143.15, 0.4], [3143.16, 0.025], [3143.17, 0.013], [3143.18, 0.007], [3143.19, 2.815]], "timestamp": "2025-12-15T09:19:07.349727+00:00"}, {"symbol": "ETHUSDT", "bids": [[3143.69, 52.213], [3143.68, 0.014], [3143.67, 0.007], [3143.66, 0.083], [3143.65, 0.415], [3143.64, 0.007], [3143.63, 0.018], [3143.62, 0.069], [3143.61, 0.204], [3143.6, 0.371], [3143.59, 0.066], [3143.58, 2.633], [3143.57, 0.015], [3143.56, 0.015], [3143.55, 0.345], [3143.54, 0.06], [3143.53, 0.013], [3143.52, 0.014], [3143.51, 0.388], [3143.5, 0.681]], "asks": [[3143.7, 87.776], [3143.71, 39.33], [3143.72, 30.045], [3143.73, 32.277], [3143.74, 0.1], [3143.75, 0.672], [3143.76, 1.914], [3143.77, 0.033], [3143.78, 0.11], [3143.79, 0.016], [3143.8, 0.025], [3143.81, 0.035], [3143.83, 0.046], [3143.84, 6.162], [3143.85, 0.035], [3143.86, 15.538], [3143.87, 0.073], [3143.88, 0.332], [3143.89, 0.015], [3143.9, 0.034]], "timestamp": "2025-12-15T09:20:01.007883+00:00"}, {"symbol": "ETHUSDT", "bids": [[3143.79, 39.551], [3143.78, 0.045], [3143.77, 0.008], [3143.76, 0.014], [3143.74, 0.046], [3143.73, 0.008], [3143.72, 0.013], [3143.7, 0.067], [3143.69, 0.033], [3143.68, 0.211], [3143.67, 0.015], [3143.66, 0.093], [3143.65, 0.091], [3143.64, 0.027], [3143.63, 0.007], [3143.62, 2.453], [3143.61, 6.275], [3143.6, 5.77], [3143.58, 0.225], [3143.57, 0.007]], "asks": [[3143.8, 103.886], [3143.81, 1.11], [3143.82, 32.122], [3143.83, 0.007], [3143.84, 0.045], [3143.85, 0.03], [3143.86, 0.079], [3143.87, 0.069], [3143.88, 0.172], [3143.9, 0.373], [3143.91, 8.703], [3143.92, 2.623], [3143.93, 0.007], [3143.94, 0.657], [3143.95, 4.393], [3143.96, 42.756], [3143.97, 53.217], [3143.98, 35.161], [3143.99, 30.045], [3144.0, 11.366]], "timestamp": "2025-12-15T09:20:54.768709+00:00"}, {"symbol": "ETHUSDT", "bids": [[3144.18, 33.607], [3144.17, 0.021], [3144.16, 0.038], [3144.15, 0.015], [3144.13, 0.015], [3144.11, 0.046], [3144.1, 0.023], [3144.08, 0.013], [3144.07, 0.046], [3144.06, 0.159], [3144.05, 0.756], [3144.04, 0.12], [3144.03, 0.318], [3144.02, 1.599], [3144.01, 0.072], [3144.0, 51.573], [3143.99, 0.027], [3143.98, 0.057], [3143.97, 0.022], [3143.96, 0.066]], "asks": [[3144.19, 61.544], [3144.2, 40.211], [3144.21, 30.11], [3144.22, 30.032], [3144.23, 0.683], [3144.24, 0.015], [3144.25, 0.014], [3144.26, 0.008], [3144.27, 0.051], [3144.28, 2.569], [3144.29, 0.017], [3144.3, 0.052], [3144.31, 0.022], [3144.32, 4.552], [3144.33, 0.021], [3144.34, 0.283], [3144.35, 0.361], [3144.36, 0.536], [3144.37, 0.058], [3144.38, 0.032]], "timestamp": "2025-12-15T09:21:48.529108+00:00"}, {"symbol": "ETHUSDT", "bids": [[3144.27, 60.682], [3144.26, 0.035], [3144.25, 0.008], [3144.24, 1.5], [3144.23, 0.062], [3144.22, 0.028], [3144.21, 0.795], [3144.2, 5.021], [3144.19, 0.027], [3144.18, 0.086], [3144.17, 2.955], [3144.16, 0.065], [3144.15, 0.689], [3144.14, 5.756], [3144.13, 0.46], [3144.12, 1.802], [3144.11, 0.007], [3144.1, 1.19], [3144.09, 0.318], [3144.08, 0.122]], "asks": [[3144.28, 18.845], [3144.29, 0.808], [3144.3, 0.032], [3144.31, 3.016], [3144.32, 0.033], [3144.33, 0.046], [3144.35, 0.008], [3144.36, 0.01], [3144.37, 0.142], [3144.38, 1.508], [3144.39, 0.038], [3144.4, 0.364], [3144.42, 0.18], [3144.43, 1.591], [3144.44, 0.008], [3144.45, 0.442], [3144.46, 1.168], [3144.47, 0.243], [3144.48, 12.992], [3144.49, 0.007]], "timestamp": "2025-12-15T09:22:42.188218+00:00"}, {"symbol": "ETHUSDT", "bids": [[3143.03, 46.11], [3143.02, 0.007], [3143.01, 0.053], [3142.99, 0.018], [3142.98, 0.021], [3142.97, 0.445], [3142.96, 0.021], [3142.95, 0.059], [3142.94, 0.071], [3142.93, 0.031], [3142.92, 0.028], [3142.91, 0.007], [3142.9, 0.065], [3142.89, 0.015], [3142.88, 0.028], [3142.87, 0.013], [3142.86, 0.035], [3142.85, 0.068], [3142.84, 1.775], [3142.82, 0.574]], "asks": [[3143.04, 105.977], [3143.05, 2.274], [3143.07, 0.644], [3143.08, 1.591], [3143.09, 0.053], [3143.1, 0.688], [3143.11, 2.247], [3143.12, 12.738], [3143.13, 0.058], [3143.14, 0.096], [3143.15, 0.025], [3143.16, 0.587], [3143.18, 1.611], [3143.19, 0.053], [3143.2, 1.23], [3143.21, 3.143], [3143.22, 0.049], [3143.23, 0.038], [3143.25, 0.046], [3143.26, 0.007]], "timestamp": "2025-12-15T09:23:35.948593+00:00"}, {"symbol": "ETHUSDT", "bids": [[3145.64, 35.804], [3145.63, 0.073], [3145.61, 1.508], [3145.6, 0.769], [3145.59, 0.483], [3145.58, 0.038], [3145.57, 0.014], [3145.56, 0.221], [3145.54, 7.551], [3145.53, 0.015], [3145.52, 0.021], [3145.51, 0.014], [3145.5, 6.718], [3145.49, 0.025], [3145.48, 0.053], [3145.47, 1.454], [3145.46, 0.05], [3145.44, 0.091], [3145.43, 1.537], [3145.42, 0.052]], "asks": [[3145.65, 29.075], [3145.66, 0.034], [3145.67, 0.161], [3145.68, 0.127], [3145.69, 0.017], [3145.7, 1.625], [3145.71, 0.017], [3145.72, 0.037], [3145.73, 5.314], [3145.74, 19.061], [3145.75, 12.818], [3145.76, 20.218], [3145.77, 2.418], [3145.78, 0.218], [3145.79, 81.048], [3145.8, 0.78], [3145.81, 0.748], [3145.82, 2.097], [3145.83, 0.027], [3145.84, 0.073]], "timestamp": "2025-12-15T09:24:29.607595+00:00"}, {"symbol": "ETHUSDT", "bids": [[3147.55, 17.117], [3147.54, 0.007], [3147.52, 0.008], [3147.51, 0.038], [3147.5, 0.015], [3147.49, 0.008], [3147.47, 1.82], [3147.46, 1.316], [3147.45, 0.124], [3147.44, 0.025], [3147.43, 0.076], [3147.42, 0.008], [3147.41, 0.045], [3147.4, 0.762], [3147.39, 0.177], [3147.38, 0.021], [3147.37, 0.02], [3147.36, 0.324], [3147.35, 0.817], [3147.34, 0.061]], "asks": [[3147.56, 183.157], [3147.57, 29.882], [3147.58, 0.39], [3147.6, 0.014], [3147.61, 0.046], [3147.62, 12.731], [3147.64, 1.624], [3147.67, 0.03], [3147.68, 0.008], [3147.7, 0.022], [3147.71, 0.665], [3147.72, 0.016], [3147.73, 0.008], [3147.74, 0.173], [3147.75, 0.342], [3147.77, 0.579], [3147.78, 1.606], [3147.79, 2.535], [3147.8, 0.02], [3147.81, 0.008]], "timestamp": "2025-12-15T09:25:23.367540+00:00"}, {"symbol": "ETHUSDT", "bids": [[3147.64, 30.898], [3147.63, 0.021], [3147.62, 0.014], [3147.61, 1.5], [3147.6, 0.074], [3147.59, 0.02], [3147.58, 0.008], [3147.57, 0.01], [3147.56, 0.079], [3147.55, 0.016], [3147.54, 0.028], [3147.53, 0.086], [3147.52, 0.046], [3147.51, 0.158], [3147.5, 0.396], [3147.49, 0.644], [3147.48, 0.045], [3147.47, 0.059], [3147.46, 0.045], [3147.45, 1.436]], "asks": [[3147.65, 175.294], [3147.66, 17.007], [3147.68, 0.095], [3147.69, 0.015], [3147.7, 0.031], [3147.71, 12.817], [3147.73, 7.625], [3147.75, 1.525], [3147.76, 8.404], [3147.77, 0.008], [3147.78, 9.619], [3147.79, 0.066], [3147.8, 3.304], [3147.81, 9.402], [3147.82, 9.41], [3147.83, 64.337], [3147.84, 1.761], [3147.85, 1.558], [3147.86, 0.015], [3147.87, 0.384]], "timestamp": "2025-12-15T09:26:17.282491+00:00"}, {"symbol": "ETHUSDT", "bids": [[3147.55, 222.539], [3147.54, 2.265], [3147.53, 1.589], [3147.5, 0.096], [3147.48, 0.015], [3147.47, 0.657], [3147.46, 0.068], [3147.45, 0.029], [3147.44, 0.013], [3147.43, 1.619], [3147.42, 0.026], [3147.41, 0.051], [3147.4, 0.077], [3147.39, 0.043], [3147.38, 0.013], [3147.36, 0.114], [3147.35, 0.022], [3147.34, 0.03], [3147.33, 1.62], [3147.32, 0.046]], "asks": [[3147.56, 26.415], [3147.57, 0.014], [3147.58, 0.117], [3147.6, 0.021], [3147.61, 0.008], [3147.63, 0.008], [3147.64, 0.115], [3147.66, 0.021], [3147.67, 0.084], [3147.68, 0.01], [3147.69, 0.059], [3147.7, 0.127], [3147.71, 4.102], [3147.72, 0.02], [3147.73, 0.038], [3147.75, 14.864], [3147.76, 0.074], [3147.77, 0.007], [3147.78, 0.056], [3147.79, 0.171]], "timestamp": "2025-12-15T09:27:11.400707+00:00"}, {"symbol": "ETHUSDT", "bids": [[3147.79, 27.49], [3147.78, 0.037], [3147.76, 0.046], [3147.75, 0.021], [3147.74, 0.008], [3147.72, 0.036], [3147.71, 0.063], [3147.69, 0.028], [3147.68, 0.021], [3147.67, 0.038], [3147.66, 1.603], [3147.65, 0.02], [3147.64, 0.008], [3147.63, 0.033], [3147.62, 0.028], [3147.61, 0.063], [3147.6, 0.091], [3147.59, 0.02], [3147.58, 0.008], [3147.57, 0.171]], "asks": [[3147.8, 113.001], [3147.81, 18.447], [3147.82, 0.008], [3147.83, 1.536], [3147.84, 18.55], [3147.85, 0.763], [3147.86, 0.065], [3147.87, 0.419], [3147.88, 0.008], [3147.89, 1.61], [3147.9, 4.567], [3147.92, 0.045], [3147.93, 0.052], [3147.94, 1.5], [3147.95, 0.021], [3147.96, 3.488], [3147.97, 3.683], [3147.98, 12.861], [3147.99, 0.648], [3148.0, 8.33]], "timestamp": "2025-12-15T09:28:05.263831+00:00"}, {"symbol": "ETHUSDT", "bids": [[3144.9, 175.544], [3144.89, 1.597], [3144.88, 0.007], [3144.87, 27.416], [3144.86, 5.663], [3144.85, 0.452], [3144.83, 0.046], [3144.81, 0.643], [3144.8, 0.017], [3144.79, 2.643], [3144.78, 1.269], [3144.77, 0.636], [3144.76, 0.024], [3144.75, 0.028], [3144.74, 0.038], [3144.73, 0.015], [3144.72, 3.96], [3144.71, 13.031], [3144.7, 0.022], [3144.69, 0.072]], "asks": [[3144.91, 46.135], [3144.92, 0.579], [3144.93, 0.053], [3144.96, 0.015], [3144.97, 0.068], [3144.99, 0.008], [3145.0, 521.695], [3145.01, 0.095], [3145.02, 0.036], [3145.03, 0.021], [3145.04, 0.007], [3145.05, 0.06], [3145.06, 0.013], [3145.07, 0.512], [3145.08, 0.04], [3145.09, 0.046], [3145.1, 0.017], [3145.11, 0.021], [3145.12, 0.651], [3145.13, 0.058]], "timestamp": "2025-12-15T09:28:58.819931+00:00"}, {"symbol": "ETHUSDT", "bids": [[3145.2, 24.762], [3145.19, 0.014], [3145.17, 0.007], [3145.16, 0.025], [3145.15, 0.038], [3145.14, 0.246], [3145.13, 0.02], [3145.11, 0.008], [3145.1, 0.026], [3145.09, 0.023], [3145.08, 0.045], [3145.07, 0.022], [3145.06, 0.013], [3145.05, 0.015], [3145.04, 0.059], [3145.03, 0.1], [3145.01, 4.246], [3145.0, 27.814], [3144.99, 1.664], [3144.98, 0.021]], "asks": [[3145.21, 188.739], [3145.22, 0.021], [3145.23, 0.158], [3145.24, 0.572], [3145.25, 4.097], [3145.26, 30.721], [3145.27, 0.014], [3145.28, 0.008], [3145.29, 25.643], [3145.3, 2.243], [3145.31, 0.008], [3145.32, 0.013], [3145.33, 12.769], [3145.34, 0.008], [3145.35, 0.028], [3145.37, 52.989], [3145.38, 0.027], [3145.39, 37.751], [3145.4, 20.061], [3145.41, 35.25]], "timestamp": "2025-12-15T09:29:52.684169+00:00"}, {"symbol": "ETHUSDT", "bids": [[3144.23, 87.895], [3144.22, 0.079], [3144.21, 0.008], [3144.2, 4.052], [3144.19, 0.045], [3144.18, 0.187], [3144.16, 0.343], [3144.15, 0.414], [3144.14, 0.015], [3144.13, 1.623], [3144.12, 0.05], [3144.11, 1.038], [3144.1, 0.665], [3144.09, 0.939], [3144.08, 1.836], [3144.07, 0.069], [3144.06, 0.563], [3144.05, 0.979], [3144.04, 1.624], [3144.03, 0.738]], "asks": [[3144.24, 83.589], [3144.25, 0.059], [3144.26, 1.563], [3144.28, 0.014], [3144.29, 0.046], [3144.3, 0.014], [3144.31, 0.008], [3144.32, 0.013], [3144.34, 0.055], [3144.35, 0.021], [3144.38, 4.074], [3144.39, 0.038], [3144.4, 0.025], [3144.41, 0.028], [3144.44, 1.685], [3144.45, 0.421], [3144.46, 0.038], [3144.47, 0.657], [3144.48, 3.577], [3144.49, 24.487]], "timestamp": "2025-12-15T09:30:46.663996+00:00"}, {"symbol": "ETHUSDT", "bids": [[3144.39, 148.311], [3144.38, 0.014], [3144.36, 1.5], [3144.35, 0.014], [3144.34, 0.008], [3144.32, 0.046], [3144.31, 1.051], [3144.3, 0.028], [3144.29, 0.027], [3144.28, 5.06], [3144.25, 0.021], [3144.24, 0.054], [3144.23, 0.276], [3144.22, 0.014], [3144.21, 0.667], [3144.2, 0.356], [3144.19, 0.051], [3144.18, 0.183], [3144.17, 0.028], [3144.15, 0.494]], "asks": [[3144.4, 43.094], [3144.41, 0.014], [3144.43, 0.046], [3144.44, 0.008], [3144.45, 1.507], [3144.46, 0.007], [3144.47, 0.046], [3144.48, 0.74], [3144.49, 0.149], [3144.5, 0.764], [3144.51, 1.604], [3144.53, 2.713], [3144.54, 1.125], [3144.55, 0.023], [3144.56, 0.581], [3144.57, 0.999], [3144.58, 0.013], [3144.59, 0.008], [3144.6, 0.028], [3144.61, 0.839]], "timestamp": "2025-12-15T09:31:40.068721+00:00"}, {"symbol": "ETHUSDT", "bids": [[3145.59, 143.666], [3145.58, 0.014], [3145.57, 0.052], [3145.54, 0.008], [3145.53, 0.007], [3145.52, 0.046], [3145.51, 0.028], [3145.5, 0.036], [3145.49, 0.015], [3145.48, 0.058], [3145.47, 0.008], [3145.45, 0.028], [3145.44, 1.207], [3145.43, 0.997], [3145.42, 0.021], [3145.41, 0.038], [3145.4, 0.421], [3145.39, 0.03], [3145.38, 0.166], [3145.37, 0.045]], "asks": [[3145.6, 22.74], [3145.61, 0.076], [3145.62, 0.014], [3145.63, 0.753], [3145.64, 1.038], [3145.65, 0.115], [3145.66, 0.123], [3145.67, 0.414], [3145.68, 0.232], [3145.69, 1.605], [3145.7, 0.992], [3145.71, 0.013], [3145.72, 0.008], [3145.73, 0.038], [3145.74, 0.337], [3145.75, 0.035], [3145.76, 5.343], [3145.77, 0.014], [3145.78, 1.605], [3145.79, 0.062]], "timestamp": "2025-12-15T09:32:33.602908+00:00"}, {"symbol": "ETHUSDT", "bids": [[3145.09, 269.186], [3145.08, 0.585], [3145.07, 0.236], [3145.06, 0.518], [3145.05, 0.007], [3145.04, 0.015], [3145.02, 0.046], [3145.01, 0.007], [3145.0, 0.03], [3144.99, 0.008], [3144.98, 1.59], [3144.97, 0.572], [3144.96, 0.643], [3144.95, 0.187], [3144.94, 0.015], [3144.93, 0.586], [3144.92, 0.224], [3144.91, 0.612], [3144.9, 0.582], [3144.89, 0.013]], "asks": [[3145.1, 0.067], [3145.11, 1.507], [3145.12, 0.014], [3145.13, 0.09], [3145.14, 0.063], [3145.15, 0.053], [3145.16, 0.102], [3145.17, 0.008], [3145.18, 0.01], [3145.19, 0.556], [3145.2, 2.536], [3145.22, 0.053], [3145.23, 0.591], [3145.24, 0.016], [3145.26, 0.032], [3145.27, 0.007], [3145.28, 3.656], [3145.29, 0.021], [3145.3, 0.022], [3145.32, 0.037]], "timestamp": "2025-12-15T09:33:27.418389+00:00"}, {"symbol": "ETHUSDT", "bids": [[3144.01, 7.013], [3144.0, 0.029], [3143.98, 1.507], [3143.97, 0.038], [3143.96, 0.008], [3143.95, 0.007], [3143.94, 0.008], [3143.93, 0.051], [3143.92, 0.007], [3143.91, 0.009], [3143.9, 0.037], [3143.89, 0.038], [3143.87, 0.043], [3143.85, 0.007], [3143.84, 0.074], [3143.81, 0.031], [3143.8, 0.052], [3143.78, 12.891], [3143.76, 1.614], [3143.75, 78.128]], "asks": [[3144.02, 114.108], [3144.03, 0.176], [3144.04, 0.038], [3144.05, 0.349], [3144.06, 0.634], [3144.07, 1.591], [3144.08, 0.058], [3144.09, 0.023], [3144.1, 0.2], [3144.11, 0.726], [3144.12, 1.888], [3144.14, 0.028], [3144.15, 0.458], [3144.16, 0.062], [3144.17, 0.02], [3144.18, 10.349], [3144.19, 1.607], [3144.2, 2.416], [3144.22, 0.524], [3144.23, 0.394]], "timestamp": "2025-12-15T09:34:21.007021+00:00"}, {"symbol": "ETHUSDT", "bids": [[3143.95, 120.652], [3143.94, 1.564], [3143.92, 0.015], [3143.91, 0.007], [3143.9, 0.028], [3143.89, 0.028], [3143.88, 1.599], [3143.87, 0.059], [3143.86, 0.007], [3143.85, 0.651], [3143.84, 0.025], [3143.83, 0.021], [3143.82, 0.122], [3143.8, 0.028], [3143.79, 0.885], [3143.78, 1.601], [3143.77, 0.028], [3143.76, 0.61], [3143.75, 0.084], [3143.74, 0.024]], "asks": [[3143.96, 170.452], [3143.97, 0.021], [3143.98, 0.046], [3144.0, 0.028], [3144.01, 0.008], [3144.03, 0.883], [3144.04, 0.108], [3144.05, 0.832], [3144.06, 1.091], [3144.07, 0.021], [3144.09, 0.053], [3144.1, 0.028], [3144.11, 0.637], [3144.12, 0.347], [3144.13, 0.045], [3144.15, 0.028], [3144.16, 1.606], [3144.17, 0.045], [3144.18, 12.736], [3144.19, 0.05]], "timestamp": "2025-12-15T09:35:15.042130+00:00"}, {"symbol": "ETHUSDT", "bids": [[3145.59, 90.391], [3145.58, 0.074], [3145.57, 0.045], [3145.56, 0.007], [3145.55, 10.0], [3145.54, 0.008], [3145.53, 0.045], [3145.52, 0.008], [3145.51, 0.029], [3145.5, 0.804], [3145.49, 0.045], [3145.48, 0.02], [3145.47, 0.8], [3145.46, 0.021], [3145.45, 0.038], [3145.44, 0.007], [3145.43, 0.008], [3145.42, 0.013], [3145.41, 0.038], [3145.4, 0.015]], "asks": [[3145.6, 67.499], [3145.61, 2.211], [3145.62, 2.199], [3145.63, 0.102], [3145.64, 0.286], [3145.65, 0.027], [3145.66, 0.986], [3145.67, 0.021], [3145.68, 0.121], [3145.69, 0.01], [3145.7, 0.049], [3145.71, 0.636], [3145.72, 12.731], [3145.73, 1.613], [3145.74, 0.028], [3145.75, 0.64], [3145.76, 0.013], [3145.77, 6.686], [3145.78, 0.017], [3145.79, 0.413]], "timestamp": "2025-12-15T09:36:08.393307+00:00"}, {"symbol": "ETHUSDT", "bids": [[3146.88, 191.735], [3146.87, 0.077], [3146.85, 0.014], [3146.84, 0.045], [3146.83, 0.008], [3146.81, 0.015], [3146.8, 0.711], [3146.79, 0.196], [3146.78, 0.061], [3146.77, 0.021], [3146.76, 0.008], [3146.75, 0.523], [3146.74, 1.473], [3146.73, 0.008], [3146.72, 4.488], [3146.71, 8.574], [3146.7, 0.982], [3146.69, 0.013], [3146.67, 0.028], [3146.65, 0.207]], "asks": [[3146.89, 76.454], [3146.9, 0.348], [3146.91, 0.046], [3146.92, 0.008], [3146.93, 0.01], [3146.95, 0.038], [3146.96, 0.008], [3146.97, 1.623], [3146.98, 1.54], [3146.99, 8.894], [3147.0, 21.025], [3147.01, 0.007], [3147.02, 12.799], [3147.03, 0.046], [3147.04, 22.137], [3147.05, 4.795], [3147.06, 0.37], [3147.07, 0.046], [3147.08, 2.032], [3147.09, 0.192]], "timestamp": "2025-12-15T09:37:01.949141+00:00"}, {"symbol": "ETHUSDT", "bids": [[3144.92, 66.597], [3144.91, 0.636], [3144.9, 0.032], [3144.89, 1.636], [3144.88, 0.015], [3144.87, 7.891], [3144.86, 38.417], [3144.85, 0.072], [3144.84, 0.028], [3144.83, 0.052], [3144.82, 0.651], [3144.81, 0.021], [3144.8, 2.956], [3144.79, 0.665], [3144.78, 0.051], [3144.77, 0.159], [3144.76, 2.233], [3144.75, 0.594], [3144.74, 0.01], [3144.73, 0.021]], "asks": [[3144.93, 59.488], [3144.94, 0.053], [3144.95, 0.031], [3144.96, 0.015], [3144.97, 0.007], [3144.98, 0.008], [3144.99, 4.043], [3145.0, 13.882], [3145.01, 3.08], [3145.02, 0.635], [3145.03, 0.65], [3145.04, 0.059], [3145.05, 0.762], [3145.06, 0.085], [3145.07, 0.013], [3145.08, 8.152], [3145.09, 0.132], [3145.1, 7.622], [3145.11, 0.926], [3145.12, 0.02]], "timestamp": "2025-12-15T09:37:55.914752+00:00"}, {"symbol": "ETHUSDT", "bids": [[3145.51, 49.333], [3145.5, 0.185], [3145.48, 1.507], [3145.47, 0.064], [3145.46, 0.008], [3145.45, 0.007], [3145.44, 0.015], [3145.43, 0.069], [3145.42, 0.961], [3145.41, 0.021], [3145.4, 0.674], [3145.38, 0.251], [3145.37, 0.168], [3145.36, 0.293], [3145.35, 1.404], [3145.34, 0.021], [3145.33, 0.01], [3145.32, 0.686], [3145.31, 0.031], [3145.3, 0.033]], "asks": [[3145.52, 114.032], [3145.53, 5.695], [3145.54, 0.079], [3145.55, 0.714], [3145.56, 0.022], [3145.57, 12.769], [3145.58, 1.63], [3145.59, 0.05], [3145.6, 0.028], [3145.61, 0.038], [3145.62, 2.467], [3145.63, 0.021], [3145.65, 11.541], [3145.66, 0.022], [3145.67, 0.066], [3145.68, 0.866], [3145.69, 1.98], [3145.7, 0.356], [3145.71, 0.015], [3145.72, 0.014]], "timestamp": "2025-12-15T09:38:49.572689+00:00"}, {"symbol": "ETHUSDT", "bids": [[3145.61, 184.105], [3145.6, 35.797], [3145.59, 30.297], [3145.57, 0.091], [3145.56, 0.849], [3145.55, 0.457], [3145.54, 0.029], [3145.53, 0.067], [3145.52, 1.832], [3145.51, 0.134], [3145.5, 0.461], [3145.48, 0.268], [3145.47, 0.665], [3145.46, 0.159], [3145.45, 0.42], [3145.44, 0.473], [3145.43, 1.896], [3145.42, 1.749], [3145.41, 0.287], [3145.4, 0.577]], "asks": [[3145.62, 16.514], [3145.63, 0.963], [3145.65, 0.115], [3145.66, 0.025], [3145.67, 0.008], [3145.68, 0.098], [3145.69, 0.045], [3145.7, 0.023], [3145.71, 0.025], [3145.72, 0.007], [3145.73, 1.868], [3145.74, 2.577], [3145.75, 2.819], [3145.76, 12.793], [3145.77, 11.658], [3145.78, 0.018], [3145.79, 0.007], [3145.8, 0.123], [3145.81, 0.394], [3145.82, 0.007]], "timestamp": "2025-12-15T09:39:43.672746+00:00"}, {"symbol": "ETHUSDT", "bids": [[3146.62, 60.176], [3146.61, 0.022], [3146.6, 0.007], [3146.59, 1.5], [3146.58, 0.038], [3146.57, 0.015], [3146.56, 0.015], [3146.55, 1.634], [3146.54, 0.055], [3146.53, 0.008], [3146.52, 0.015], [3146.5, 0.432], [3146.49, 0.158], [3146.48, 0.021], [3146.47, 0.802], [3146.46, 8.991], [3146.45, 58.023], [3146.44, 0.116], [3146.43, 0.155], [3146.42, 0.08]], "asks": [[3146.63, 60.43], [3146.64, 0.014], [3146.66, 0.101], [3146.68, 0.008], [3146.69, 0.018], [3146.7, 0.118], [3146.71, 3.624], [3146.72, 0.01], [3146.73, 12.769], [3146.74, 0.013], [3146.75, 0.008], [3146.77, 0.013], [3146.78, 0.015], [3146.79, 0.96], [3146.8, 1.387], [3146.81, 5.227], [3146.83, 2.377], [3146.84, 0.41], [3146.85, 0.774], [3146.86, 0.013]], "timestamp": "2025-12-15T09:40:37.503594+00:00"}, {"symbol": "ETHUSDT", "bids": [[3146.69, 91.589], [3146.68, 0.616], [3146.66, 0.014], [3146.65, 0.016], [3146.64, 0.014], [3146.63, 0.052], [3146.62, 0.021], [3146.6, 0.657], [3146.59, 0.02], [3146.58, 0.015], [3146.57, 0.045], [3146.56, 0.036], [3146.55, 5.658], [3146.54, 1.92], [3146.53, 0.693], [3146.52, 0.015], [3146.51, 20.72], [3146.5, 0.4], [3146.49, 0.401], [3146.48, 20.858]], "asks": [[3146.7, 25.131], [3146.71, 1.63], [3146.74, 0.045], [3146.75, 0.015], [3146.76, 0.2], [3146.77, 0.097], [3146.78, 0.031], [3146.79, 0.206], [3146.8, 0.366], [3146.81, 0.028], [3146.82, 1.589], [3146.83, 0.656], [3146.84, 0.008], [3146.85, 1.216], [3146.86, 7.901], [3146.87, 0.053], [3146.88, 0.558], [3146.9, 22.322], [3146.91, 14.018], [3146.92, 2.467]], "timestamp": "2025-12-15T09:41:31.059755+00:00"}, {"symbol": "ETHUSDT", "bids": [[3145.39, 245.922], [3145.38, 0.884], [3145.37, 1.59], [3145.35, 0.101], [3145.34, 0.046], [3145.33, 0.008], [3145.31, 0.008], [3145.3, 2.613], [3145.29, 0.141], [3145.28, 5.613], [3145.27, 0.075], [3145.26, 0.027], [3145.25, 0.007], [3145.24, 0.021], [3145.23, 5.778], [3145.22, 0.122], [3145.21, 0.007], [3145.2, 1.627], [3145.18, 0.051], [3145.17, 0.058]], "asks": [[3145.4, 0.49], [3145.41, 0.487], [3145.43, 0.008], [3145.44, 0.045], [3145.45, 0.008], [3145.46, 0.008], [3145.47, 0.013], [3145.48, 0.008], [3145.49, 0.106], [3145.5, 0.028], [3145.51, 0.046], [3145.53, 0.007], [3145.54, 0.454], [3145.55, 1.243], [3145.56, 0.016], [3145.57, 0.028], [3145.58, 0.803], [3145.59, 0.008], [3145.6, 0.809], [3145.61, 2.549]], "timestamp": "2025-12-15T09:42:24.922650+00:00"}, {"symbol": "ETHUSDT", "bids": [[3145.8, 37.53], [3145.79, 0.021], [3145.77, 0.038], [3145.76, 0.007], [3145.75, 1.605], [3145.74, 0.008], [3145.72, 0.028], [3145.71, 0.038], [3145.7, 0.015], [3145.69, 0.21], [3145.67, 0.045], [3145.66, 0.028], [3145.65, 1.597], [3145.64, 6.384], [3145.63, 32.785], [3145.62, 0.021], [3145.61, 0.008], [3145.6, 0.028], [3145.59, 0.021], [3145.58, 2.92]], "asks": [[3145.81, 52.097], [3145.82, 0.078], [3145.83, 0.635], [3145.84, 0.052], [3145.85, 0.084], [3145.86, 0.317], [3145.87, 0.032], [3145.88, 0.096], [3145.89, 0.113], [3145.9, 0.394], [3145.91, 1.59], [3145.92, 0.345], [3145.93, 2.015], [3145.94, 6.251], [3145.95, 3.42], [3145.96, 3.714], [3145.97, 3.265], [3145.98, 3.507], [3145.99, 3.464], [3146.0, 17.479]], "timestamp": "2025-12-15T09:43:18.803966+00:00"}, {"symbol": "ETHUSDT", "bids": [[3145.68, 52.418], [3145.67, 0.65], [3145.66, 0.015], [3145.65, 5.944], [3145.64, 0.008], [3145.63, 0.042], [3145.62, 0.038], [3145.61, 0.008], [3145.6, 0.124], [3145.59, 2.604], [3145.58, 0.084], [3145.57, 0.022], [3145.56, 0.02], [3145.55, 1.508], [3145.54, 1.743], [3145.53, 0.504], [3145.52, 0.816], [3145.51, 3.966], [3145.5, 2.136], [3145.48, 0.015]], "asks": [[3145.69, 138.919], [3145.7, 4.589], [3145.72, 0.007], [3145.73, 0.146], [3145.74, 0.046], [3145.75, 0.007], [3145.76, 0.008], [3145.77, 0.013], [3145.8, 0.248], [3145.83, 47.34], [3145.84, 42.887], [3145.85, 32.627], [3145.86, 35.338], [3145.87, 30.029], [3145.89, 0.13], [3145.9, 0.435], [3145.91, 0.007], [3145.92, 0.325], [3145.93, 0.02], [3145.94, 0.644]], "timestamp": "2025-12-15T09:44:12.162436+00:00"}, {"symbol": "ETHUSDT", "bids": [[3145.84, 32.518], [3145.83, 0.021], [3145.82, 0.052], [3145.81, 1.5], [3145.8, 0.014], [3145.79, 0.015], [3145.78, 0.045], [3145.77, 0.008], [3145.76, 0.028], [3145.75, 0.015], [3145.73, 0.257], [3145.72, 0.011], [3145.71, 0.166], [3145.7, 0.436], [3145.69, 0.007], [3145.68, 0.441], [3145.67, 0.022], [3145.66, 0.008], [3145.65, 0.433], [3145.64, 0.117]], "asks": [[3145.85, 101.722], [3145.86, 13.359], [3145.87, 0.087], [3145.88, 0.007], [3145.89, 0.038], [3145.9, 0.517], [3145.91, 0.587], [3145.92, 1.611], [3145.93, 0.013], [3145.94, 0.028], [3145.95, 2.163], [3145.96, 1.636], [3145.97, 8.358], [3145.98, 18.161], [3145.99, 7.306], [3146.0, 21.989], [3146.01, 2.699], [3146.02, 12.738], [3146.03, 3.27], [3146.04, 0.335]], "timestamp": "2025-12-15T09:45:05.488383+00:00"}, {"symbol": "ETHUSDT", "bids": [[3145.27, 11.052], [3145.26, 0.059], [3145.24, 0.008], [3145.22, 0.053], [3145.2, 0.022], [3145.19, 0.02], [3145.18, 0.038], [3145.17, 0.03], [3145.16, 0.008], [3145.13, 0.021], [3145.12, 0.038], [3145.1, 0.036], [3145.07, 0.187], [3145.06, 0.007], [3145.05, 0.215], [3145.04, 0.021], [3145.03, 0.038], [3145.02, 0.2], [3145.01, 0.038], [3145.0, 0.366]], "asks": [[3145.28, 94.566], [3145.29, 8.36], [3145.3, 0.918], [3145.31, 0.008], [3145.32, 7.271], [3145.33, 0.144], [3145.34, 0.815], [3145.35, 0.793], [3145.36, 0.013], [3145.37, 0.046], [3145.38, 0.971], [3145.39, 25.128], [3145.4, 0.067], [3145.41, 5.296], [3145.42, 3.434], [3145.43, 1.611], [3145.44, 2.484], [3145.45, 0.408], [3145.46, 3.489], [3145.47, 18.866]], "timestamp": "2025-12-15T09:45:59.965285+00:00"}, {"symbol": "ETHUSDT", "bids": [[3143.59, 11.259], [3143.58, 0.014], [3143.57, 0.138], [3143.56, 40.911], [3143.55, 0.155], [3143.54, 1.974], [3143.53, 0.166], [3143.52, 1.867], [3143.51, 0.355], [3143.5, 2.576], [3143.49, 0.964], [3143.48, 1.508], [3143.47, 0.766], [3143.46, 0.09], [3143.45, 0.328], [3143.44, 0.116], [3143.43, 1.868], [3143.42, 0.04], [3143.41, 0.396], [3143.4, 0.732]], "asks": [[3143.6, 64.534], [3143.61, 1.613], [3143.63, 1.523], [3143.64, 0.016], [3143.65, 0.422], [3143.66, 0.045], [3143.67, 0.008], [3143.68, 0.028], [3143.69, 2.301], [3143.7, 1.205], [3143.71, 0.658], [3143.72, 1.712], [3143.73, 0.318], [3143.74, 0.021], [3143.75, 0.761], [3143.76, 2.502], [3143.77, 0.022], [3143.78, 0.027], [3143.79, 0.008], [3143.8, 0.376]], "timestamp": "2025-12-15T09:46:53.418936+00:00"}, {"symbol": "ETHUSDT", "bids": [[3143.53, 75.18], [3143.52, 0.014], [3143.51, 0.771], [3143.5, 1.575], [3143.49, 1.277], [3143.48, 0.072], [3143.47, 0.128], [3143.46, 0.023], [3143.45, 0.055], [3143.44, 1.783], [3143.43, 0.01], [3143.42, 0.043], [3143.41, 0.133], [3143.4, 0.045], [3143.39, 0.008], [3143.38, 0.028], [3143.37, 2.546], [3143.35, 2.284], [3143.34, 5.877], [3143.33, 0.025]], "asks": [[3143.54, 13.554], [3143.55, 0.067], [3143.56, 0.008], [3143.57, 1.579], [3143.58, 0.07], [3143.59, 0.008], [3143.6, 0.771], [3143.62, 0.122], [3143.64, 3.423], [3143.65, 0.41], [3143.66, 0.008], [3143.67, 0.038], [3143.68, 2.952], [3143.7, 0.374], [3143.71, 0.021], [3143.72, 0.015], [3143.73, 0.369], [3143.74, 0.015], [3143.75, 0.01], [3143.76, 0.021]], "timestamp": "2025-12-15T09:47:47.077166+00:00"}, {"symbol": "ETHUSDT", "bids": [[3142.25, 107.62], [3142.24, 0.014], [3142.23, 0.939], [3142.22, 1.129], [3142.2, 0.029], [3142.18, 0.051], [3142.17, 1.508], [3142.16, 0.01], [3142.14, 0.059], [3142.12, 0.831], [3142.1, 1.957], [3142.08, 0.673], [3142.07, 0.038], [3142.06, 0.008], [3142.05, 3.534], [3142.04, 0.01], [3142.03, 0.053], [3142.02, 0.02], [3142.0, 0.084], [3141.99, 9.537]], "asks": [[3142.26, 83.352], [3142.27, 0.014], [3142.29, 0.024], [3142.3, 0.008], [3142.31, 0.017], [3142.32, 0.061], [3142.34, 0.02], [3142.35, 0.022], [3142.36, 0.683], [3142.37, 0.013], [3142.38, 0.007], [3142.39, 2.396], [3142.4, 0.023], [3142.41, 0.048], [3142.42, 0.028], [3142.43, 0.018], [3142.44, 0.037], [3142.45, 0.038], [3142.46, 0.007], [3142.47, 0.021]], "timestamp": "2025-12-15T09:48:40.837580+00:00"}, {"symbol": "ETHUSDT", "bids": [[3143.51, 226.556], [3143.5, 0.021], [3143.48, 0.007], [3143.46, 0.474], [3143.45, 2.34], [3143.44, 0.023], [3143.43, 0.18], [3143.42, 0.008], [3143.41, 0.038], [3143.4, 0.399], [3143.39, 0.01], [3143.38, 2.579], [3143.37, 0.073], [3143.36, 0.022], [3143.35, 0.407], [3143.34, 0.338], [3143.33, 0.046], [3143.32, 0.016], [3143.31, 0.334], [3143.3, 2.347]], "asks": [[3143.52, 2.01], [3143.53, 0.071], [3143.54, 0.623], [3143.55, 0.014], [3143.56, 0.087], [3143.57, 0.045], [3143.58, 0.034], [3143.59, 0.078], [3143.6, 0.017], [3143.61, 0.045], [3143.62, 0.022], [3143.63, 0.15], [3143.64, 0.022], [3143.65, 2.008], [3143.66, 0.015], [3143.67, 0.811], [3143.68, 0.03], [3143.69, 0.429], [3143.7, 0.037], [3143.71, 0.209]], "timestamp": "2025-12-15T09:49:35.333316+00:00"}, {"symbol": "ETHUSDT", "bids": [[3144.45, 95.474], [3144.44, 2.122], [3144.42, 0.015], [3144.41, 0.007], [3144.4, 0.046], [3144.39, 0.583], [3144.38, 0.007], [3144.37, 4.303], [3144.36, 0.681], [3144.35, 0.043], [3144.34, 4.536], [3144.33, 0.021], [3144.32, 0.066], [3144.31, 0.009], [3144.3, 0.767], [3144.29, 0.029], [3144.28, 50.539], [3144.27, 0.066], [3144.26, 0.079], [3144.25, 0.015]], "asks": [[3144.46, 266.281], [3144.47, 0.208], [3144.5, 12.775], [3144.51, 0.008], [3144.52, 25.657], [3144.53, 67.735], [3144.54, 33.251], [3144.55, 34.05], [3144.56, 0.372], [3144.57, 0.029], [3144.58, 30.645], [3144.6, 4.048], [3144.61, 20.075], [3144.62, 1.168], [3144.63, 0.587], [3144.64, 20.213], [3144.65, 8.355], [3144.66, 7.096], [3144.67, 0.691], [3144.68, 3.257]], "timestamp": "2025-12-15T09:50:30.304374+00:00"}, {"symbol": "ETHUSDT", "bids": [[3154.89, 89.91], [3154.88, 0.059], [3154.87, 0.082], [3154.86, 0.046], [3154.84, 0.046], [3154.83, 1.592], [3154.82, 0.008], [3154.81, 0.013], [3154.8, 0.03], [3154.79, 0.013], [3154.78, 0.008], [3154.77, 0.038], [3154.76, 0.007], [3154.75, 0.021], [3154.74, 5.827], [3154.73, 32.657], [3154.72, 0.065], [3154.71, 0.008], [3154.7, 1.585], [3154.69, 13.856]], "asks": [[3154.9, 12.719], [3154.91, 0.076], [3154.92, 8.335], [3154.93, 0.008], [3154.94, 0.038], [3154.95, 0.968], [3154.96, 0.046], [3154.97, 0.058], [3154.98, 0.051], [3154.99, 0.008], [3155.0, 0.01], [3155.01, 0.013], [3155.02, 0.046], [3155.04, 0.013], [3155.05, 0.633], [3155.06, 0.008], [3155.07, 0.068], [3155.09, 0.046], [3155.1, 0.041], [3155.11, 1.138]], "timestamp": "2025-12-15T09:51:23.758997+00:00"}, {"symbol": "ETHUSDT", "bids": [[3152.54, 108.509], [3152.53, 1.593], [3152.52, 0.007], [3152.51, 0.008], [3152.5, 0.055], [3152.49, 0.015], [3152.48, 0.029], [3152.47, 0.033], [3152.46, 8.948], [3152.45, 0.066], [3152.44, 0.412], [3152.43, 1.663], [3152.42, 0.105], [3152.41, 0.02], [3152.4, 0.36], [3152.39, 0.305], [3152.38, 0.024], [3152.37, 0.186], [3152.36, 7.092], [3152.35, 0.395]], "asks": [[3152.55, 50.785], [3152.56, 0.807], [3152.57, 0.007], [3152.59, 0.038], [3152.6, 0.028], [3152.62, 0.008], [3152.63, 0.013], [3152.65, 0.053], [3152.66, 1.254], [3152.67, 0.167], [3152.69, 0.055], [3152.7, 1.763], [3152.71, 0.059], [3152.72, 0.021], [3152.75, 0.028], [3152.76, 0.015], [3152.77, 0.055], [3152.78, 0.021], [3152.79, 0.007], [3152.8, 0.007]], "timestamp": "2025-12-15T09:52:17.313979+00:00"}, {"symbol": "ETHUSDT", "bids": [[3158.48, 0.72], [3158.47, 4.795], [3158.46, 0.038], [3158.45, 0.018], [3158.43, 0.013], [3158.42, 0.048], [3158.41, 0.008], [3158.4, 0.034], [3158.39, 0.01], [3158.38, 0.008], [3158.37, 0.046], [3158.36, 0.01], [3158.35, 0.008], [3158.34, 4.398], [3158.33, 3.056], [3158.32, 1.592], [3158.31, 0.048], [3158.3, 0.014], [3158.29, 0.008], [3158.27, 0.038]], "asks": [[3158.49, 95.77], [3158.51, 1.012], [3158.52, 5.765], [3158.53, 9.128], [3158.55, 5.883], [3158.56, 6.286], [3158.57, 5.777], [3158.58, 6.438], [3158.59, 0.873], [3158.6, 0.873], [3158.61, 42.298], [3158.62, 12.988], [3158.63, 0.007], [3158.66, 0.008], [3158.67, 0.059], [3158.68, 0.013], [3158.69, 0.621], [3158.7, 0.014], [3158.71, 29.13], [3158.72, 32.2]], "timestamp": "2025-12-15T09:53:11.279103+00:00"}, {"symbol": "ETHUSDT", "bids": [[3154.64, 46.019], [3154.63, 0.014], [3154.6, 0.046], [3154.58, 0.021], [3154.57, 0.008], [3154.56, 0.051], [3154.55, 0.009], [3154.54, 0.021], [3154.52, 0.038], [3154.51, 0.008], [3154.5, 0.034], [3154.49, 1.662], [3154.48, 0.008], [3154.47, 0.013], [3154.45, 0.159], [3154.44, 0.007], [3154.42, 1.866], [3154.41, 0.154], [3154.4, 0.007], [3154.39, 0.021]], "asks": [[3154.65, 159.32], [3154.66, 5.457], [3154.67, 0.007], [3154.68, 0.008], [3154.69, 0.008], [3154.7, 1.255], [3154.71, 9.132], [3154.72, 2.51], [3154.73, 0.108], [3154.74, 0.329], [3154.75, 0.038], [3154.76, 0.015], [3154.77, 0.013], [3154.79, 0.046], [3154.8, 0.055], [3154.81, 1.136], [3154.82, 28.723], [3154.83, 54.658], [3154.84, 0.669], [3154.85, 0.604]], "timestamp": "2025-12-15T09:54:04.862489+00:00"}, {"symbol": "ETHUSDT", "bids": [[3156.19, 37.923], [3156.18, 0.06], [3156.17, 0.014], [3156.16, 0.015], [3156.15, 0.014], [3156.14, 0.084], [3156.13, 0.01], [3156.12, 0.077], [3156.11, 0.031], [3156.1, 1.318], [3156.09, 10.834], [3156.08, 36.236], [3156.07, 4.361], [3156.06, 0.057], [3156.05, 0.04], [3156.04, 0.059], [3156.03, 6.716], [3156.02, 0.029], [3156.0, 29.271], [3155.99, 0.069]], "asks": [[3156.2, 55.617], [3156.21, 0.014], [3156.23, 0.045], [3156.24, 0.165], [3156.25, 0.761], [3156.26, 0.007], [3156.27, 1.464], [3156.28, 0.013], [3156.29, 0.007], [3156.3, 1.524], [3156.31, 0.021], [3156.32, 0.015], [3156.34, 0.066], [3156.35, 0.015], [3156.36, 0.018], [3156.37, 0.007], [3156.38, 8.691], [3156.39, 0.576], [3156.4, 29.204], [3156.41, 54.543]], "timestamp": "2025-12-15T09:54:59.312105+00:00"}, {"symbol": "ETHUSDT", "bids": [[3155.72, 199.734], [3155.71, 0.029], [3155.7, 0.534], [3155.69, 1.5], [3155.68, 0.045], [3155.67, 1.593], [3155.65, 0.008], [3155.64, 0.013], [3155.63, 0.634], [3155.62, 2.696], [3155.61, 0.324], [3155.6, 3.694], [3155.58, 0.048], [3155.57, 0.01], [3155.56, 6.358], [3155.55, 0.08], [3155.54, 2.159], [3155.53, 4.918], [3155.52, 2.425], [3155.51, 0.106]], "asks": [[3155.73, 26.712], [3155.74, 0.075], [3155.75, 0.017], [3155.77, 0.007], [3155.78, 1.559], [3155.79, 0.007], [3155.8, 0.015], [3155.81, 0.023], [3155.82, 0.045], [3155.83, 0.015], [3155.84, 0.226], [3155.85, 0.022], [3155.86, 0.027], [3155.87, 0.038], [3155.88, 0.03], [3155.89, 0.15], [3155.9, 0.015], [3155.91, 0.007], [3155.92, 0.272], [3155.93, 0.045]], "timestamp": "2025-12-15T09:55:53.687373+00:00"}, {"symbol": "ETHUSDT", "bids": [[3153.76, 131.748], [3153.75, 11.551], [3153.74, 0.038], [3153.72, 1.5], [3153.71, 0.008], [3153.7, 8.005], [3153.69, 0.008], [3153.68, 8.113], [3153.67, 0.021], [3153.66, 0.038], [3153.65, 0.021], [3153.64, 3.224], [3153.63, 0.021], [3153.62, 0.013], [3153.61, 0.038], [3153.6, 1.984], [3153.59, 0.008], [3153.58, 5.456], [3153.57, 0.01], [3153.56, 0.322]], "asks": [[3153.77, 56.935], [3153.78, 0.045], [3153.79, 0.008], [3153.81, 0.015], [3153.82, 1.876], [3153.83, 0.008], [3153.85, 0.049], [3153.86, 1.546], [3153.87, 0.008], [3153.88, 0.027], [3153.89, 0.007], [3153.9, 0.573], [3153.91, 0.013], [3153.93, 0.158], [3153.94, 0.062], [3153.95, 0.028], [3153.96, 0.008], [3153.97, 0.02], [3153.99, 0.363], [3154.0, 1.799]], "timestamp": "2025-12-15T09:56:47.652813+00:00"}, {"symbol": "ETHUSDT", "bids": [[3152.46, 46.197], [3152.45, 0.023], [3152.44, 0.015], [3152.43, 1.58], [3152.42, 0.015], [3152.41, 0.014], [3152.4, 0.064], [3152.39, 0.02], [3152.38, 0.048], [3152.37, 0.376], [3152.36, 0.936], [3152.35, 0.013], [3152.34, 0.053], [3152.33, 0.007], [3152.32, 0.039], [3152.3, 0.032], [3152.29, 0.013], [3152.28, 0.007], [3152.27, 0.053], [3152.26, 0.041]], "asks": [[3152.47, 101.039], [3152.48, 0.104], [3152.49, 1.587], [3152.5, 0.046], [3152.51, 0.007], [3152.52, 0.015], [3152.53, 0.008], [3152.55, 3.839], [3152.56, 0.989], [3152.57, 28.3], [3152.58, 0.171], [3152.59, 1.594], [3152.6, 1.426], [3152.61, 0.338], [3152.62, 20.015], [3152.63, 2.236], [3152.64, 1.75], [3152.65, 1.34], [3152.66, 1.622], [3152.67, 27.867]], "timestamp": "2025-12-15T09:57:41.106125+00:00"}, {"symbol": "ETHUSDT", "bids": [[3152.31, 136.839], [3152.3, 0.903], [3152.29, 0.29], [3152.28, 1.594], [3152.27, 0.038], [3152.26, 0.008], [3152.25, 0.015], [3152.24, 0.016], [3152.23, 0.047], [3152.22, 0.121], [3152.21, 0.051], [3152.2, 0.348], [3152.19, 1.859], [3152.18, 0.937], [3152.17, 0.052], [3152.16, 0.792], [3152.15, 0.421], [3152.14, 0.028], [3152.13, 0.038], [3152.12, 0.035]], "asks": [[3152.32, 34.009], [3152.33, 0.007], [3152.34, 7.246], [3152.35, 0.038], [3152.36, 1.008], [3152.37, 0.024], [3152.38, 29.407], [3152.39, 0.699], [3152.4, 0.036], [3152.41, 0.082], [3152.43, 0.008], [3152.44, 0.027], [3152.46, 0.246], [3152.47, 0.694], [3152.48, 0.007], [3152.49, 0.18], [3152.5, 1.025], [3152.52, 20.907], [3152.53, 0.652], [3152.55, 25.891]], "timestamp": "2025-12-15T09:58:35.181672+00:00"}, {"symbol": "ETHUSDT", "bids": [[3153.15, 58.305], [3153.14, 0.027], [3153.12, 0.007], [3153.11, 0.038], [3153.1, 0.015], [3153.09, 0.06], [3153.08, 0.021], [3153.07, 0.007], [3153.06, 0.396], [3153.05, 0.358], [3153.04, 0.036], [3153.03, 0.158], [3153.02, 0.06], [3153.01, 0.059], [3153.0, 0.612], [3152.99, 0.552], [3152.98, 0.035], [3152.97, 0.476], [3152.96, 0.007], [3152.95, 0.539]], "asks": [[3153.16, 64.113], [3153.17, 0.073], [3153.18, 0.123], [3153.19, 0.634], [3153.2, 1.956], [3153.21, 0.038], [3153.22, 0.02], [3153.23, 0.015], [3153.24, 0.007], [3153.25, 3.458], [3153.26, 2.833], [3153.27, 0.462], [3153.28, 0.02], [3153.29, 0.992], [3153.3, 0.604], [3153.31, 31.969], [3153.32, 12.014], [3153.33, 0.26], [3153.34, 11.791], [3153.36, 2.18]], "timestamp": "2025-12-15T09:59:29.067930+00:00"}, {"symbol": "ETHUSDT", "bids": [[3153.99, 321.665], [3153.98, 7.125], [3153.97, 0.576], [3153.96, 15.223], [3153.95, 0.117], [3153.94, 0.133], [3153.92, 0.021], [3153.9, 0.52], [3153.89, 92.542], [3153.88, 0.086], [3153.87, 2.235], [3153.86, 1.507], [3153.85, 0.456], [3153.84, 0.023], [3153.82, 0.022], [3153.81, 0.058], [3153.8, 0.042], [3153.79, 0.882], [3153.78, 0.656], [3153.77, 1.586]], "asks": [[3154.0, 5.973], [3154.01, 0.664], [3154.02, 0.064], [3154.03, 0.115], [3154.04, 0.013], [3154.05, 0.037], [3154.06, 5.622], [3154.07, 0.087], [3154.08, 0.015], [3154.09, 0.017], [3154.1, 1.523], [3154.11, 0.074], [3154.12, 1.444], [3154.13, 0.166], [3154.14, 0.604], [3154.15, 0.038], [3154.16, 0.03], [3154.17, 1.608], [3154.19, 0.159], [3154.2, 0.067]], "timestamp": "2025-12-15T10:00:23.207145+00:00"}, {"symbol": "ETHUSDT", "bids": [[3151.73, 203.507], [3151.72, 0.047], [3151.71, 1.745], [3151.68, 0.016], [3151.67, 0.038], [3151.66, 0.008], [3151.65, 15.229], [3151.64, 20.0], [3151.63, 2.28], [3151.62, 0.079], [3151.61, 1.594], [3151.6, 1.5], [3151.59, 1.005], [3151.58, 0.008], [3151.57, 0.007], [3151.56, 0.03], [3151.55, 0.061], [3151.54, 0.015], [3151.53, 0.166], [3151.52, 0.227]], "asks": [[3151.74, 0.996], [3151.75, 0.02], [3151.76, 1.839], [3151.77, 0.046], [3151.79, 0.008], [3151.8, 1.481], [3151.81, 1.334], [3151.83, 0.008], [3151.84, 0.01], [3151.85, 0.021], [3151.86, 0.038], [3151.87, 0.015], [3151.88, 0.013], [3151.9, 0.018], [3151.91, 0.02], [3151.92, 8.405], [3151.93, 0.066], [3151.94, 0.032], [3151.95, 0.021], [3151.96, 0.008]], "timestamp": "2025-12-15T10:01:17.172570+00:00"}, {"symbol": "ETHUSDT", "bids": [[3151.58, 163.072], [3151.57, 0.007], [3151.54, 0.038], [3151.53, 0.008], [3151.51, 0.021], [3151.5, 0.014], [3151.47, 0.059], [3151.44, 0.008], [3151.43, 56.002], [3151.42, 0.975], [3151.41, 5.639], [3151.4, 0.545], [3151.39, 0.098], [3151.37, 0.022], [3151.36, 0.008], [3151.35, 0.007], [3151.34, 0.534], [3151.33, 6.065], [3151.32, 9.209], [3151.31, 0.043]], "asks": [[3151.59, 40.235], [3151.6, 0.08], [3151.61, 0.007], [3151.62, 0.649], [3151.63, 0.022], [3151.64, 1.265], [3151.65, 0.42], [3151.66, 0.053], [3151.67, 0.442], [3151.68, 0.324], [3151.69, 0.015], [3151.7, 0.025], [3151.71, 0.038], [3151.72, 0.023], [3151.73, 0.1], [3151.74, 1.684], [3151.75, 1.934], [3151.76, 1.839], [3151.77, 0.031], [3151.78, 0.261]], "timestamp": "2025-12-15T10:02:11.137875+00:00"}, {"symbol": "ETHUSDT", "bids": [[3152.5, 56.385], [3152.49, 0.567], [3152.48, 0.08], [3152.47, 0.007], [3152.46, 0.007], [3152.45, 0.008], [3152.43, 1.328], [3152.4, 0.04], [3152.39, 0.031], [3152.38, 0.008], [3152.37, 0.051], [3152.36, 0.008], [3152.33, 0.035], [3152.31, 1.587], [3152.3, 0.465], [3152.29, 6.023], [3152.28, 0.496], [3152.27, 25.757], [3152.26, 6.215], [3152.25, 0.014]], "asks": [[3152.51, 62.296], [3152.52, 0.634], [3152.53, 0.473], [3152.54, 0.008], [3152.55, 0.237], [3152.56, 0.008], [3152.57, 0.844], [3152.59, 0.323], [3152.6, 0.461], [3152.61, 0.438], [3152.62, 1.933], [3152.63, 0.992], [3152.64, 0.55], [3152.65, 1.368], [3152.66, 1.302], [3152.67, 0.042], [3152.68, 0.466], [3152.7, 0.059], [3152.71, 0.076], [3152.72, 2.192]], "timestamp": "2025-12-15T10:03:04.693330+00:00"}, {"symbol": "ETHUSDT", "bids": [[3154.42, 171.873], [3154.41, 0.116], [3154.4, 0.095], [3154.39, 0.14], [3154.38, 0.174], [3154.37, 0.103], [3154.36, 0.095], [3154.35, 0.14], [3154.34, 0.124], [3154.33, 0.095], [3154.32, 0.015], [3154.31, 0.051], [3154.3, 0.459], [3154.28, 0.021], [3154.27, 0.21], [3154.26, 1.4], [3154.25, 0.781], [3154.24, 0.871], [3154.23, 0.045], [3154.22, 0.035]], "asks": [[3154.43, 11.331], [3154.44, 0.065], [3154.45, 0.077], [3154.46, 0.008], [3154.47, 0.038], [3154.48, 0.966], [3154.49, 0.026], [3154.5, 0.407], [3154.51, 0.051], [3154.52, 0.008], [3154.53, 0.262], [3154.54, 0.103], [3154.55, 1.631], [3154.56, 0.519], [3154.58, 0.102], [3154.59, 0.129], [3154.6, 1.148], [3154.61, 0.313], [3154.62, 1.894], [3154.63, 1.484]], "timestamp": "2025-12-15T10:03:58.556618+00:00"}, {"symbol": "ETHUSDT", "bids": [[3155.65, 133.5], [3155.64, 10.646], [3155.63, 83.427], [3155.62, 40.527], [3155.61, 16.815], [3155.6, 507.01], [3155.59, 0.113], [3155.58, 0.178], [3155.57, 0.008], [3155.56, 0.045], [3155.55, 1.066], [3155.54, 0.007], [3155.53, 0.665], [3155.52, 1.644], [3155.51, 0.098], [3155.5, 0.021], [3155.49, 0.323], [3155.48, 0.028], [3155.47, 0.007], [3155.46, 2.665]], "asks": [[3155.66, 1.982], [3155.67, 0.304], [3155.68, 0.097], [3155.69, 0.007], [3155.7, 0.349], [3155.71, 0.222], [3155.72, 1.637], [3155.73, 0.323], [3155.74, 1.437], [3155.75, 0.052], [3155.76, 5.283], [3155.77, 0.794], [3155.78, 1.426], [3155.79, 1.63], [3155.8, 6.407], [3155.81, 6.516], [3155.82, 1.53], [3155.83, 0.224], [3155.84, 32.01], [3155.85, 0.449]], "timestamp": "2025-12-15T10:04:52.318136+00:00"}, {"symbol": "ETHUSDT", "bids": [[3154.97, 196.829], [3154.96, 0.046], [3154.95, 0.007], [3154.93, 0.007], [3154.92, 0.016], [3154.91, 0.038], [3154.9, 0.018], [3154.89, 0.013], [3154.88, 1.483], [3154.87, 0.027], [3154.86, 0.445], [3154.84, 1.791], [3154.83, 1.605], [3154.82, 1.233], [3154.81, 0.008], [3154.8, 0.21], [3154.79, 0.066], [3154.77, 0.035], [3154.76, 0.01], [3154.75, 0.647]], "asks": [[3154.98, 73.777], [3154.99, 0.007], [3155.0, 0.007], [3155.01, 0.29], [3155.02, 0.008], [3155.03, 1.668], [3155.04, 0.016], [3155.05, 0.405], [3155.06, 0.428], [3155.07, 0.361], [3155.08, 0.008], [3155.09, 0.007], [3155.1, 1.475], [3155.11, 0.328], [3155.12, 0.007], [3155.13, 0.665], [3155.14, 0.014], [3155.15, 0.008], [3155.16, 0.691], [3155.17, 2.637]], "timestamp": "2025-12-15T10:05:45.873235+00:00"}, {"symbol": "ETHUSDT", "bids": [[3153.77, 13.956], [3153.76, 0.626], [3153.75, 0.014], [3153.74, 1.5], [3153.73, 0.038], [3153.72, 0.008], [3153.7, 0.008], [3153.69, 0.051], [3153.68, 0.01], [3153.67, 0.013], [3153.66, 0.008], [3153.65, 0.079], [3153.63, 0.053], [3153.6, 0.059], [3153.58, 0.038], [3153.57, 0.179], [3153.56, 0.007], [3153.54, 0.069], [3153.53, 0.021], [3153.52, 1.861]], "asks": [[3153.78, 52.609], [3153.79, 3.108], [3153.8, 2.343], [3153.81, 0.045], [3153.82, 0.008], [3153.83, 3.093], [3153.84, 10.208], [3153.85, 0.355], [3153.86, 0.178], [3153.87, 0.158], [3153.88, 0.053], [3153.89, 0.03], [3153.9, 1.947], [3153.91, 3.373], [3153.92, 0.655], [3153.93, 0.045], [3153.94, 6.725], [3153.95, 1.614], [3153.96, 23.089], [3153.97, 11.298]], "timestamp": "2025-12-15T10:06:39.531325+00:00"}, {"symbol": "ETHUSDT", "bids": [[3150.42, 22.079], [3150.41, 2.039], [3150.4, 0.008], [3150.39, 0.015], [3150.38, 0.038], [3150.37, 0.008], [3150.36, 0.016], [3150.35, 0.008], [3150.34, 0.013], [3150.33, 0.124], [3150.32, 0.008], [3150.31, 0.013], [3150.3, 0.014], [3150.29, 0.066], [3150.26, 0.028], [3150.25, 1.551], [3150.24, 5.731], [3150.23, 0.021], [3150.22, 0.014], [3150.21, 1.271]], "asks": [[3150.43, 146.764], [3150.44, 0.021], [3150.45, 0.007], [3150.46, 6.197], [3150.47, 1.563], [3150.48, 33.782], [3150.49, 5.863], [3150.5, 0.807], [3150.51, 0.388], [3150.52, 0.031], [3150.54, 0.53], [3150.55, 0.056], [3150.56, 1.596], [3150.57, 0.023], [3150.58, 0.008], [3150.59, 0.668], [3150.6, 0.12], [3150.61, 0.021], [3150.63, 0.241], [3150.64, 1.621]], "timestamp": "2025-12-15T10:07:33.394635+00:00"}, {"symbol": "ETHUSDT", "bids": [[3152.6, 113.444], [3152.59, 0.03], [3152.56, 0.038], [3152.55, 0.015], [3152.53, 0.008], [3152.52, 0.067], [3152.5, 0.013], [3152.49, 0.008], [3152.48, 1.594], [3152.47, 0.038], [3152.46, 0.021], [3152.43, 0.021], [3152.4, 4.274], [3152.39, 0.007], [3152.37, 0.008], [3152.36, 7.777], [3152.35, 1.612], [3152.34, 0.017], [3152.33, 0.021], [3152.32, 30.117]], "asks": [[3152.61, 118.738], [3152.62, 0.028], [3152.63, 0.015], [3152.64, 0.01], [3152.65, 0.054], [3152.66, 0.01], [3152.67, 0.008], [3152.68, 0.642], [3152.69, 0.583], [3152.7, 0.794], [3152.71, 0.008], [3152.72, 1.359], [3152.73, 0.023], [3152.74, 0.146], [3152.75, 0.015], [3152.76, 3.424], [3152.78, 0.059], [3152.79, 0.007], [3152.8, 0.374], [3152.81, 0.884]], "timestamp": "2025-12-15T10:08:27.155017+00:00"}, {"symbol": "ETHUSDT", "bids": [[3153.26, 112.05], [3153.25, 0.045], [3153.24, 1.277], [3153.23, 0.007], [3153.21, 0.008], [3153.2, 0.054], [3153.19, 0.008], [3153.18, 0.02], [3153.16, 0.008], [3153.15, 0.065], [3153.14, 0.008], [3153.13, 8.34], [3153.12, 5.971], [3153.11, 0.086], [3153.1, 0.348], [3153.09, 9.535], [3153.08, 0.008], [3153.06, 2.257], [3153.05, 0.124], [3153.04, 0.07]], "asks": [[3153.27, 38.907], [3153.28, 0.007], [3153.29, 0.087], [3153.3, 0.069], [3153.32, 0.008], [3153.34, 0.01], [3153.35, 1.01], [3153.37, 0.007], [3153.38, 0.021], [3153.4, 0.023], [3153.41, 0.053], [3153.42, 0.019], [3153.43, 0.978], [3153.44, 1.594], [3153.45, 1.559], [3153.46, 0.021], [3153.47, 0.794], [3153.48, 0.066], [3153.49, 0.027], [3153.51, 0.584]], "timestamp": "2025-12-15T10:09:20.813156+00:00"}, {"symbol": "ETHUSDT", "bids": [[3153.81, 31.714], [3153.8, 18.744], [3153.79, 0.014], [3153.78, 1.515], [3153.77, 1.814], [3153.76, 0.015], [3153.75, 0.014], [3153.74, 0.008], [3153.73, 0.058], [3153.72, 4.406], [3153.71, 0.007], [3153.7, 0.015], [3153.69, 1.644], [3153.67, 0.028], [3153.66, 0.024], [3153.65, 0.45], [3153.64, 0.203], [3153.63, 0.634], [3153.62, 0.65], [3153.61, 0.021]], "asks": [[3153.82, 105.598], [3153.83, 0.056], [3153.84, 0.038], [3153.85, 1.5], [3153.86, 0.053], [3153.87, 0.013], [3153.88, 0.007], [3153.89, 0.015], [3153.9, 0.051], [3153.91, 0.009], [3153.92, 0.046], [3153.93, 0.331], [3153.94, 6.255], [3153.95, 0.377], [3153.96, 11.069], [3153.97, 23.254], [3153.98, 2.772], [3153.99, 0.641], [3154.0, 15.634], [3154.01, 0.253]], "timestamp": "2025-12-15T10:10:14.778788+00:00"}, {"symbol": "ETHUSDT", "bids": [[3154.93, 410.251], [3154.92, 10.259], [3154.91, 0.032], [3154.9, 0.007], [3154.88, 0.008], [3154.86, 0.054], [3154.85, 2.062], [3154.84, 1.271], [3154.83, 0.143], [3154.82, 0.053], [3154.8, 0.542], [3154.79, 1.289], [3154.77, 0.648], [3154.76, 0.007], [3154.75, 0.059], [3154.74, 0.331], [3154.73, 0.013], [3154.72, 9.854], [3154.71, 0.051], [3154.7, 0.413]], "asks": [[3154.94, 30.974], [3154.95, 0.029], [3154.96, 0.046], [3154.97, 5.107], [3154.99, 0.008], [3155.0, 158.665], [3155.01, 0.027], [3155.02, 0.383], [3155.03, 0.008], [3155.04, 0.051], [3155.05, 0.007], [3155.06, 0.018], [3155.07, 2.339], [3155.08, 2.833], [3155.09, 0.037], [3155.1, 1.621], [3155.11, 0.635], [3155.12, 0.141], [3155.13, 0.344], [3155.14, 0.59]], "timestamp": "2025-12-15T10:11:08.539398+00:00"}, {"symbol": "ETHUSDT", "bids": [[3154.72, 138.463], [3154.71, 0.072], [3154.69, 0.023], [3154.68, 0.038], [3154.67, 0.008], [3154.65, 0.015], [3154.64, 0.051], [3154.63, 0.032], [3154.62, 0.029], [3154.61, 0.008], [3154.6, 0.386], [3154.59, 0.792], [3154.58, 0.029], [3154.56, 0.355], [3154.55, 0.426], [3154.53, 4.54], [3154.52, 0.083], [3154.51, 0.007], [3154.5, 0.031], [3154.49, 0.073]], "asks": [[3154.73, 45.909], [3154.74, 0.13], [3154.75, 0.007], [3154.76, 0.205], [3154.77, 0.038], [3154.78, 0.015], [3154.79, 0.007], [3154.8, 0.039], [3154.81, 0.051], [3154.82, 2.226], [3154.83, 33.309], [3154.84, 0.036], [3154.86, 0.045], [3154.87, 0.028], [3154.9, 0.383], [3154.92, 10.031], [3154.93, 0.045], [3154.94, 0.014], [3154.95, 0.42], [3154.96, 0.685]], "timestamp": "2025-12-15T10:12:01.993001+00:00"}, {"symbol": "ETHUSDT", "bids": [[3156.08, 63.426], [3156.07, 0.007], [3156.05, 0.028], [3156.04, 0.038], [3156.03, 0.015], [3156.01, 0.692], [3156.0, 2.961], [3155.99, 1.29], [3155.98, 1.622], [3155.97, 0.021], [3155.94, 0.075], [3155.92, 0.016], [3155.91, 0.028], [3155.9, 0.008], [3155.89, 0.038], [3155.88, 2.406], [3155.87, 0.007], [3155.85, 0.421], [3155.83, 4.818], [3155.82, 0.997]], "asks": [[3156.09, 59.18], [3156.1, 0.039], [3156.11, 0.008], [3156.12, 0.038], [3156.13, 0.007], [3156.14, 1.593], [3156.15, 0.035], [3156.16, 0.015], [3156.17, 0.038], [3156.18, 0.084], [3156.2, 0.788], [3156.21, 0.254], [3156.22, 0.634], [3156.23, 0.043], [3156.24, 11.812], [3156.25, 20.96], [3156.26, 1.627], [3156.27, 21.556], [3156.28, 0.428], [3156.29, 27.354]], "timestamp": "2025-12-15T10:12:56.060720+00:00"}, {"symbol": "ETHUSDT", "bids": [[3156.48, 55.901], [3156.47, 1.74], [3156.46, 0.014], [3156.45, 0.007], [3156.44, 0.007], [3156.43, 0.008], [3156.42, 0.008], [3156.41, 0.007], [3156.4, 0.309], [3156.39, 0.02], [3156.38, 0.084], [3156.37, 0.181], [3156.36, 0.053], [3156.35, 0.355], [3156.34, 0.013], [3156.33, 0.649], [3156.31, 3.778], [3156.3, 0.621], [3156.28, 0.045], [3156.27, 0.536]], "asks": [[3156.49, 15.817], [3156.5, 2.027], [3156.51, 1.592], [3156.52, 0.107], [3156.53, 0.668], [3156.54, 0.323], [3156.55, 0.038], [3156.56, 0.035], [3156.57, 0.014], [3156.58, 0.013], [3156.59, 14.861], [3156.6, 96.167], [3156.61, 1.157], [3156.62, 1.629], [3156.63, 0.158], [3156.64, 0.046], [3156.65, 0.038], [3156.66, 0.008], [3156.67, 0.669], [3156.69, 1.442]], "timestamp": "2025-12-15T10:13:49.718712+00:00"}, {"symbol": "ETHUSDT", "bids": [[3157.18, 193.025], [3157.17, 0.084], [3157.13, 0.015], [3157.12, 0.038], [3157.11, 0.049], [3157.1, 0.013], [3157.09, 5.064], [3157.08, 1.075], [3157.07, 0.688], [3157.06, 3.714], [3157.05, 0.431], [3157.04, 0.028], [3157.03, 0.046], [3157.02, 0.173], [3157.01, 0.027], [3157.0, 0.372], [3156.99, 28.29], [3156.98, 0.022], [3156.97, 0.022], [3156.96, 0.014]], "asks": [[3157.19, 15.766], [3157.2, 1.092], [3157.21, 6.195], [3157.22, 0.045], [3157.23, 0.365], [3157.24, 1.088], [3157.25, 0.027], [3157.26, 0.008], [3157.27, 0.061], [3157.28, 7.441], [3157.29, 0.806], [3157.3, 1.589], [3157.31, 1.605], [3157.32, 0.038], [3157.33, 0.051], [3157.34, 0.585], [3157.35, 1.41], [3157.36, 1.464], [3157.37, 4.204], [3157.38, 1.286]], "timestamp": "2025-12-15T10:14:43.376917+00:00"}, {"symbol": "ETHUSDT", "bids": [[3157.19, 140.878], [3157.18, 4.85], [3157.16, 1.638], [3157.15, 0.007], [3157.14, 0.166], [3157.13, 0.015], [3157.12, 0.135], [3157.11, 0.008], [3157.1, 0.783], [3157.09, 0.008], [3157.08, 0.051], [3157.05, 0.993], [3157.04, 0.048], [3157.02, 0.021], [3157.01, 0.379], [3157.0, 3.367], [3156.99, 0.008], [3156.98, 0.831], [3156.97, 20.0], [3156.96, 1.014]], "asks": [[3157.2, 2.291], [3157.21, 0.007], [3157.22, 0.046], [3157.23, 1.528], [3157.25, 0.015], [3157.26, 0.013], [3157.27, 0.053], [3157.28, 0.007], [3157.29, 0.046], [3157.3, 0.022], [3157.31, 0.008], [3157.32, 1.084], [3157.33, 0.023], [3157.34, 0.007], [3157.35, 0.007], [3157.36, 0.066], [3157.37, 1.203], [3157.39, 0.022], [3157.4, 0.058], [3157.41, 0.008]], "timestamp": "2025-12-15T10:15:38.386000+00:00"}, {"symbol": "ETHUSDT", "bids": [[3155.76, 41.916], [3155.75, 0.014], [3155.74, 0.046], [3155.72, 0.01], [3155.71, 0.008], [3155.7, 0.014], [3155.68, 0.067], [3155.66, 0.009], [3155.65, 0.008], [3155.64, 0.02], [3155.63, 3.486], [3155.62, 0.065], [3155.61, 2.308], [3155.6, 0.021], [3155.59, 0.024], [3155.58, 0.021], [3155.57, 0.055], [3155.56, 0.568], [3155.55, 0.42], [3155.54, 2.21]], "asks": [[3155.77, 70.485], [3155.78, 12.887], [3155.79, 0.007], [3155.8, 0.007], [3155.82, 0.008], [3155.83, 0.007], [3155.84, 12.396], [3155.85, 0.533], [3155.86, 0.641], [3155.87, 0.009], [3155.88, 0.028], [3155.89, 0.015], [3155.9, 7.928], [3155.91, 2.541], [3155.94, 1.21], [3155.95, 2.886], [3155.96, 1.635], [3155.97, 0.336], [3155.98, 0.015], [3155.99, 27.779]], "timestamp": "2025-12-15T10:16:32.331897+00:00"}, {"symbol": "ETHUSDT", "bids": [[3156.52, 1.361], [3156.51, 0.007], [3156.5, 0.028], [3156.48, 0.046], [3156.47, 0.808], [3156.46, 0.028], [3156.45, 0.015], [3156.44, 0.007], [3156.43, 0.153], [3156.42, 0.316], [3156.41, 0.007], [3156.4, 0.022], [3156.39, 0.215], [3156.38, 0.007], [3156.37, 0.032], [3156.36, 0.014], [3156.35, 0.798], [3156.34, 0.588], [3156.33, 0.798], [3156.32, 0.593]], "asks": [[3156.53, 276.656], [3156.54, 61.272], [3156.55, 0.007], [3156.58, 42.219], [3156.59, 0.226], [3156.6, 0.287], [3156.61, 0.013], [3156.62, 0.897], [3156.64, 6.24], [3156.65, 0.168], [3156.66, 4.757], [3156.67, 1.244], [3156.68, 0.038], [3156.69, 1.625], [3156.7, 0.348], [3156.71, 0.644], [3156.72, 0.692], [3156.73, 1.688], [3156.74, 3.773], [3156.75, 0.432]], "timestamp": "2025-12-15T10:17:25.990149+00:00"}, {"symbol": "ETHUSDT", "bids": [[3155.87, 6.152], [3155.86, 0.007], [3155.85, 0.022], [3155.84, 0.017], [3155.83, 0.008], [3155.82, 0.007], [3155.81, 0.47], [3155.8, 0.363], [3155.78, 0.007], [3155.77, 5.942], [3155.76, 16.503], [3155.75, 0.427], [3155.73, 0.073], [3155.72, 3.524], [3155.71, 4.645], [3155.7, 0.031], [3155.69, 6.76], [3155.68, 5.751], [3155.67, 0.061], [3155.66, 7.059]], "asks": [[3155.88, 212.266], [3155.89, 0.109], [3155.9, 0.183], [3155.91, 0.736], [3155.92, 0.133], [3155.93, 0.103], [3155.95, 0.008], [3155.96, 1.231], [3155.97, 7.937], [3155.98, 0.183], [3155.99, 0.021], [3156.0, 0.014], [3156.01, 0.007], [3156.02, 0.021], [3156.03, 0.008], [3156.04, 0.102], [3156.05, 0.015], [3156.06, 1.598], [3156.08, 0.015], [3156.09, 3.773]], "timestamp": "2025-12-15T10:18:19.444050+00:00"}, {"symbol": "ETHUSDT", "bids": [[3153.98, 90.657], [3153.97, 1.6], [3153.96, 4.756], [3153.95, 0.212], [3153.94, 0.024], [3153.93, 0.044], [3153.92, 0.021], [3153.91, 0.016], [3153.9, 0.072], [3153.89, 0.011], [3153.88, 0.021], [3153.87, 1.744], [3153.86, 5.206], [3153.85, 0.407], [3153.84, 0.209], [3153.83, 4.754], [3153.82, 21.385], [3153.81, 3.689], [3153.8, 0.053], [3153.79, 0.423]], "asks": [[3153.99, 18.194], [3154.0, 372.302], [3154.01, 1.261], [3154.02, 0.215], [3154.03, 1.507], [3154.04, 0.046], [3154.05, 0.035], [3154.06, 1.012], [3154.07, 0.028], [3154.08, 0.724], [3154.09, 0.008], [3154.1, 0.435], [3154.11, 0.008], [3154.12, 0.058], [3154.13, 0.091], [3154.14, 0.021], [3154.15, 1.045], [3154.16, 0.045], [3154.17, 0.035], [3154.18, 0.247]], "timestamp": "2025-12-15T10:19:13.101920+00:00"}, {"symbol": "ETHUSDT", "bids": [[3154.87, 38.918], [3154.86, 25.927], [3154.84, 0.401], [3154.83, 0.045], [3154.82, 0.8], [3154.8, 0.043], [3154.79, 0.281], [3154.77, 0.008], [3154.76, 0.048], [3154.75, 0.038], [3154.74, 0.022], [3154.72, 3.003], [3154.7, 0.058], [3154.69, 0.007], [3154.68, 9.067], [3154.67, 0.008], [3154.66, 0.015], [3154.65, 1.455], [3154.64, 0.028], [3154.62, 7.564]], "asks": [[3154.88, 102.483], [3154.89, 0.045], [3154.9, 0.783], [3154.91, 1.585], [3154.92, 0.008], [3154.93, 0.038], [3154.95, 0.022], [3154.96, 0.013], [3154.98, 0.649], [3154.99, 0.051], [3155.0, 5.068], [3155.01, 1.641], [3155.02, 0.097], [3155.03, 0.008], [3155.04, 22.636], [3155.05, 0.296], [3155.07, 0.082], [3155.08, 0.008], [3155.09, 0.646], [3155.1, 0.502]], "timestamp": "2025-12-15T10:20:06.760515+00:00"}, {"symbol": "ETHUSDT", "bids": [[3152.77, 221.772], [3152.76, 0.047], [3152.73, 1.118], [3152.72, 1.119], [3152.7, 0.06], [3152.69, 0.013], [3152.68, 0.635], [3152.67, 2.195], [3152.66, 0.008], [3152.65, 0.789], [3152.63, 0.008], [3152.62, 0.076], [3152.61, 0.014], [3152.6, 0.069], [3152.58, 0.028], [3152.57, 0.688], [3152.56, 1.61], [3152.55, 0.554], [3152.54, 0.059], [3152.53, 0.334]], "asks": [[3152.78, 24.547], [3152.79, 4.647], [3152.8, 1.616], [3152.81, 0.418], [3152.82, 5.054], [3152.83, 15.228], [3152.84, 0.44], [3152.85, 3.451], [3152.86, 1.437], [3152.87, 0.014], [3152.88, 0.227], [3152.89, 0.282], [3152.9, 11.72], [3152.91, 0.661], [3152.92, 0.014], [3152.93, 0.015], [3152.94, 0.33], [3152.95, 0.015], [3152.96, 0.06], [3152.97, 1.662]], "timestamp": "2025-12-15T10:21:00.111027+00:00"}, {"symbol": "ETHUSDT", "bids": [[3151.79, 86.021], [3151.78, 0.565], [3151.77, 1.171], [3151.76, 2.489], [3151.75, 0.038], [3151.74, 0.022], [3151.73, 0.42], [3151.72, 1.608], [3151.71, 0.046], [3151.7, 0.007], [3151.69, 0.125], [3151.67, 0.038], [3151.66, 0.878], [3151.65, 0.066], [3151.64, 1.646], [3151.63, 0.059], [3151.62, 1.619], [3151.61, 2.506], [3151.6, 10.675], [3151.59, 4.87]], "asks": [[3151.8, 23.878], [3151.81, 0.007], [3151.84, 0.038], [3151.85, 0.008], [3151.87, 0.008], [3151.88, 0.013], [3151.89, 0.114], [3151.9, 0.008], [3151.91, 0.021], [3151.92, 0.016], [3151.93, 0.339], [3151.94, 0.031], [3151.95, 0.007], [3151.96, 0.046], [3151.97, 0.028], [3152.0, 0.226], [3152.01, 0.017], [3152.02, 6.871], [3152.03, 0.021], [3152.04, 0.317]], "timestamp": "2025-12-15T10:21:53.564557+00:00"}, {"symbol": "ETHUSDT", "bids": [[3156.32, 36.773], [3156.31, 0.021], [3156.3, 0.021], [3156.29, 0.016], [3156.28, 0.066], [3156.27, 0.015], [3156.26, 0.007], [3156.25, 0.02], [3156.24, 0.215], [3156.23, 0.059], [3156.22, 0.007], [3156.21, 1.533], [3156.2, 0.008], [3156.19, 0.058], [3156.18, 0.21], [3156.17, 0.035], [3156.16, 0.007], [3156.15, 0.065], [3156.14, 0.015], [3156.13, 0.83]], "asks": [[3156.33, 167.654], [3156.34, 23.429], [3156.35, 1.933], [3156.36, 0.158], [3156.38, 0.008], [3156.39, 0.686], [3156.4, 0.016], [3156.41, 0.013], [3156.42, 0.692], [3156.44, 2.89], [3156.45, 1.822], [3156.46, 0.007], [3156.47, 0.269], [3156.48, 0.038], [3156.49, 0.008], [3156.5, 9.633], [3156.51, 1.593], [3156.52, 0.066], [3156.53, 24.999], [3156.54, 5.038]], "timestamp": "2025-12-15T10:22:47.325245+00:00"}, {"symbol": "ETHUSDT", "bids": [[3154.37, 71.128], [3154.36, 4.769], [3154.35, 2.222], [3154.34, 6.378], [3154.33, 0.022], [3154.32, 1.786], [3154.3, 0.047], [3154.29, 0.687], [3154.28, 0.008], [3154.26, 0.221], [3154.25, 0.007], [3154.24, 6.372], [3154.23, 0.063], [3154.22, 0.059], [3154.21, 0.017], [3154.2, 3.288], [3154.19, 6.349], [3154.18, 0.058], [3154.17, 1.601], [3154.16, 0.089]], "asks": [[3154.38, 18.514], [3154.39, 0.014], [3154.4, 0.355], [3154.41, 1.5], [3154.43, 0.015], [3154.44, 0.513], [3154.45, 0.008], [3154.47, 0.321], [3154.48, 0.483], [3154.49, 0.048], [3154.5, 1.37], [3154.51, 0.015], [3154.52, 0.038], [3154.53, 0.008], [3154.54, 0.029], [3154.55, 1.003], [3154.56, 0.031], [3154.57, 0.008], [3154.59, 0.062], [3154.6, 0.585]], "timestamp": "2025-12-15T10:23:40.983156+00:00"}, {"symbol": "ETHUSDT", "bids": [[3156.05, 26.339], [3156.04, 4.776], [3156.03, 0.038], [3156.02, 0.007], [3156.0, 0.047], [3155.98, 0.015], [3155.97, 0.066], [3155.96, 0.076], [3155.95, 0.007], [3155.94, 0.021], [3155.92, 1.464], [3155.91, 8.788], [3155.89, 0.007], [3155.88, 0.021], [3155.87, 0.045], [3155.86, 0.015], [3155.85, 1.611], [3155.84, 0.035], [3155.83, 0.007], [3155.82, 0.025]], "asks": [[3156.06, 44.545], [3156.07, 0.596], [3156.09, 1.162], [3156.1, 1.93], [3156.11, 0.045], [3156.13, 0.091], [3156.14, 0.021], [3156.15, 2.366], [3156.16, 0.02], [3156.17, 0.649], [3156.18, 0.007], [3156.19, 0.021], [3156.2, 0.545], [3156.21, 0.058], [3156.22, 2.534], [3156.23, 0.028], [3156.24, 0.007], [3156.25, 0.93], [3156.26, 0.095], [3156.27, 12.217]], "timestamp": "2025-12-15T10:24:35.256106+00:00"}, {"symbol": "ETHUSDT", "bids": [[3157.36, 184.504], [3157.35, 1.643], [3157.32, 0.007], [3157.31, 2.864], [3157.3, 8.785], [3157.29, 0.059], [3157.28, 0.101], [3157.27, 9.017], [3157.25, 1.605], [3157.24, 0.056], [3157.22, 0.021], [3157.2, 0.128], [3157.19, 0.028], [3157.18, 0.007], [3157.17, 1.189], [3157.16, 0.684], [3157.15, 0.046], [3157.14, 1.604], [3157.12, 0.008], [3157.11, 0.046]], "asks": [[3157.37, 7.697], [3157.38, 0.026], [3157.39, 0.305], [3157.4, 0.579], [3157.41, 0.344], [3157.42, 0.021], [3157.43, 0.201], [3157.44, 0.046], [3157.45, 0.523], [3157.47, 1.115], [3157.48, 0.122], [3157.49, 0.027], [3157.5, 0.534], [3157.51, 0.021], [3157.52, 0.048], [3157.53, 0.018], [3157.54, 0.813], [3157.55, 0.801], [3157.56, 7.12], [3157.57, 0.028]], "timestamp": "2025-12-15T10:25:29.221719+00:00"}, {"symbol": "ETHUSDT", "bids": [[3157.05, 57.356], [3157.04, 4.765], [3157.02, 0.01], [3157.01, 2.596], [3157.0, 21.183], [3156.99, 0.007], [3156.98, 0.015], [3156.97, 1.597], [3156.95, 0.048], [3156.94, 0.028], [3156.92, 1.726], [3156.91, 5.904], [3156.9, 0.228], [3156.88, 0.028], [3156.87, 0.66], [3156.85, 25.965], [3156.84, 0.007], [3156.83, 0.533], [3156.82, 3.334], [3156.81, 4.96]], "asks": [[3157.06, 1.262], [3157.07, 0.622], [3157.08, 0.015], [3157.09, 0.007], [3157.1, 0.056], [3157.11, 0.076], [3157.12, 0.014], [3157.13, 0.008], [3157.14, 0.319], [3157.15, 0.007], [3157.16, 0.016], [3157.17, 0.028], [3157.18, 0.031], [3157.19, 0.038], [3157.2, 0.029], [3157.22, 0.007], [3157.23, 0.043], [3157.24, 0.038], [3157.26, 0.385], [3157.27, 0.007]], "timestamp": "2025-12-15T10:26:22.367957+00:00"}, {"symbol": "ETHUSDT", "bids": [[3158.07, 30.003], [3158.06, 8.081], [3158.05, 0.753], [3158.04, 0.158], [3158.03, 0.017], [3158.02, 0.053], [3158.01, 0.01], [3158.0, 0.038], [3157.99, 0.026], [3157.98, 0.361], [3157.97, 0.007], [3157.96, 0.021], [3157.95, 0.03], [3157.94, 0.014], [3157.93, 0.075], [3157.92, 0.007], [3157.91, 5.519], [3157.9, 0.958], [3157.89, 0.007], [3157.88, 0.038]], "asks": [[3158.08, 52.645], [3158.09, 1.671], [3158.1, 0.032], [3158.11, 0.684], [3158.12, 1.424], [3158.13, 5.053], [3158.14, 1.584], [3158.15, 0.007], [3158.16, 0.661], [3158.17, 0.038], [3158.18, 0.014], [3158.19, 0.036], [3158.2, 0.008], [3158.21, 0.375], [3158.22, 0.007], [3158.23, 0.349], [3158.24, 0.338], [3158.25, 0.765], [3158.26, 23.008], [3158.27, 1.929]], "timestamp": "2025-12-15T10:27:16.689722+00:00"}, {"symbol": "ETHUSDT", "bids": [[3164.94, 2.475], [3164.93, 0.007], [3164.92, 0.038], [3164.89, 0.008], [3164.88, 0.038], [3164.87, 0.021], [3164.85, 0.007], [3164.84, 0.055], [3164.83, 0.021], [3164.82, 1.58], [3164.8, 0.054], [3164.77, 0.008], [3164.76, 0.038], [3164.74, 0.016], [3164.72, 0.038], [3164.71, 0.038], [3164.7, 0.439], [3164.69, 0.425], [3164.68, 18.924], [3164.67, 32.519]], "asks": [[3164.95, 109.167], [3164.96, 0.035], [3164.97, 0.645], [3164.98, 0.046], [3164.99, 0.961], [3165.0, 0.124], [3165.01, 0.021], [3165.02, 6.987], [3165.03, 0.069], [3165.04, 0.031], [3165.05, 8.424], [3165.06, 0.076], [3165.07, 0.059], [3165.08, 0.013], [3165.1, 1.778], [3165.11, 0.038], [3165.13, 1.816], [3165.14, 12.806], [3165.15, 14.486], [3165.16, 0.989]], "timestamp": "2025-12-15T10:28:10.401493+00:00"}, {"symbol": "ETHUSDT", "bids": [[3171.02, 19.358], [3171.01, 0.164], [3171.0, 140.058], [3170.99, 0.727], [3170.98, 0.2], [3170.97, 0.175], [3170.96, 0.007], [3170.95, 0.021], [3170.94, 0.007], [3170.93, 0.008], [3170.92, 0.062], [3170.9, 0.015], [3170.89, 0.013], [3170.87, 8.615], [3170.86, 52.84], [3170.85, 0.235], [3170.84, 0.301], [3170.83, 0.78], [3170.82, 0.463], [3170.81, 0.024]], "asks": [[3171.03, 80.745], [3171.04, 0.602], [3171.05, 0.354], [3171.06, 0.072], [3171.07, 0.016], [3171.08, 0.008], [3171.09, 0.038], [3171.1, 0.008], [3171.11, 0.441], [3171.12, 0.01], [3171.13, 0.015], [3171.14, 9.013], [3171.15, 0.015], [3171.16, 0.02], [3171.19, 0.085], [3171.2, 12.627], [3171.21, 0.656], [3171.22, 0.007], [3171.23, 1.6], [3171.24, 2.122]], "timestamp": "2025-12-15T10:29:04.469419+00:00"}