[{"id": "2671424500", "price": 2962.76, "amount": 0.05, "side": "buy", "timestamp": 1765842122119}, {"id": "2671424501", "price": 2962.78, "amount": 0.048, "side": "buy", "timestamp": 1765842122119}, {"id": "2671424502", "price": 2962.79, "amount": 0.079, "side": "buy", "timestamp": 1765842122119}, {"id": "2671424503", "price": 2962.8, "amount": 0.33, "side": "buy", "timestamp": 1765842122123}, {"id": "2671424504", "price": 2962.81, "amount": 0.014, "side": "buy", "timestamp": 1765842122125}, {"id": "2671424505", "price": 2962.82, "amount": 0.008, "side": "buy", "timestamp": 1765842122125}, {"id": "2671424506", "price": 2962.83, "amount": 0.04, "side": "buy", "timestamp": 1765842122125}, {"id": "2671424507", "price": 2962.84, "amount": 0.371, "side": "buy", "timestamp": 1765842122125}, {"id": "2671424508", "price": 2962.85, "amount": 0.008, "side": "buy", "timestamp": 1765842122130}, {"id": "2671424509", "price": 2962.86, "amount": 0.385, "side": "buy", "timestamp": 1765842122130}, {"id": "2671424510", "price": 2962.87, "amount": 0.008, "side": "buy", "timestamp": 1765842122130}, {"id": "2671424511", "price": 2962.88, "amount": 0.441, "side": "buy", "timestamp": 1765842122130}, {"id": "2671424512", "price": 2962.89, "amount": 0.047, "side": "buy", "timestamp": 1765842122130}, {"id": "2671424513", "price": 2962.9, "amount": 0.015, "side": "buy", "timestamp": 1765842122135}, {"id": "2671424514", "price": 2962.91, "amount": 0.014, "side": "buy", "timestamp": 1765842122135}, {"id": "2671424515", "price": 2962.92, "amount": 0.047, "side": "buy", "timestamp": 1765842122139}, {"id": "2671424516", "price": 2962.93, "amount": 0.649, "side": "buy", "timestamp": 1765842122141}, {"id": "2671424517", "price": 2962.95, "amount": 0.08, "side": "buy", "timestamp": 1765842122141}, {"id": "2671424518", "price": 2962.96, "amount": 0.016, "side": "buy", "timestamp": 1765842122142}, {"id": "2671424519", "price": 2962.97, "amount": 0.187, "side": "buy", "timestamp": 1765842122142}, {"id": "2671424520", "price": 2962.98, "amount": 11.806, "side": "buy", "timestamp": 1765842122142}, {"id": "2671424521", "price": 2962.98, "amount": 0.342, "side": "buy", "timestamp": 1765842122302}, {"id": "2671424522", "price": 2962.98, "amount": 0.24, "side": "buy", "timestamp": 1765842122464}, {"id": "2671424523", "price": 2962.98, "amount": 0.075, "side": "buy", "timestamp": 1765842122674}, {"id": "2671424524", "price": 2962.98, "amount": 0.668, "side": "buy", "timestamp": 1765842122830}, {"id": "2671424525", "price": 2962.97, "amount": 0.637, "side": "sell", "timestamp": 1765842123013}, {"id": "2671424526", "price": 2962.98, "amount": 0.107, "side": "buy", "timestamp": 1765842123030}, {"id": "2671424527", "price": 2962.97, "amount": 0.021, "side": "sell", "timestamp": 1765842123399}, {"id": "2671424528", "price": 2962.97, "amount": 0.038, "side": "sell", "timestamp": 1765842123505}, {"id": "2671424529", "price": 2962.97, "amount": 0.088, "side": "sell", "timestamp": 1765842123640}, {"id": "2671424530", "price": 2962.98, "amount": 0.152, "side": "buy", "timestamp": 1765842123656}, {"id": "2671424531", "price": 2962.97, "amount": 0.023, "side": "sell", "timestamp": 1765842123664}, {"id": "2671424532", "price": 2962.98, "amount": 1.195, "side": "buy", "timestamp": 1765842123794}, {"id": "2671424533", "price": 2962.97, "amount": 0.955, "side": "sell", "timestamp": 1765842123864}, {"id": "2671424534", "price": 2962.98, "amount": 0.026, "side": "buy", "timestamp": 1765842123947}, {"id": "2671424535", "price": 2962.97, "amount": 0.055, "side": "sell", "timestamp": 1765842124038}, {"id": "2671424536", "price": 2962.98, "amount": 0.338, "side": "buy", "timestamp": 1765842124291}, {"id": "2671424537", "price": 2962.98, "amount": 0.407, "side": "buy", "timestamp": 1765842124432}, {"id": "2671424538", "price": 2962.97, "amount": 0.034, "side": "sell", "timestamp": 1765842124667}, {"id": "2671424539", "price": 2962.98, "amount": 0.895, "side": "buy", "timestamp": 1765842124674}, {"id": "2671424540", "price": 2962.97, "amount": 0.035, "side": "sell", "timestamp": 1765842124737}, {"id": "2671424541", "price": 2962.98, "amount": 0.038, "side": "buy", "timestamp": 1765842125045}, {"id": "2671424542", "price": 2962.97, "amount": 1.719, "side": "sell", "timestamp": 1765842125363}, {"id": "2671424543", "price": 2962.98, "amount": 0.086, "side": "buy", "timestamp": 1765842125414}, {"id": "2671424544", "price": 2962.98, "amount": 6.41, "side": "buy", "timestamp": 1765842125909}, {"id": "2671424545", "price": 2962.98, "amount": 0.631, "side": "buy", "timestamp": 1765842126295}, {"id": "2671424546", "price": 2962.97, "amount": 3.375, "side": "sell", "timestamp": 1765842126425}, {"id": "2671424547", "price": 2962.98, "amount": 0.168, "side": "buy", "timestamp": 1765842127299}, {"id": "2671424548", "price": 2962.97, "amount": 0.131, "side": "sell", "timestamp": 1765842127650}, {"id": "2671424549", "price": 2962.98, "amount": 0.03, "side": "buy", "timestamp": 1765842127689}, {"id": "2671425393", "price": 2963.24, "amount": 0.378, "side": "sell", "timestamp": 1765842182240}, {"id": "2671425394", "price": 2963.23, "amount": 0.082, "side": "sell", "timestamp": 1765842182240}, {"id": "2671425395", "price": 2963.22, "amount": 0.606, "side": "sell", "timestamp": 1765842182240}, {"id": "2671425396", "price": 2963.21, "amount": 0.015, "side": "sell", "timestamp": 1765842182240}, {"id": "2671425397", "price": 2963.2, "amount": 0.441, "side": "sell", "timestamp": 1765842182240}, {"id": "2671425398", "price": 2963.19, "amount": 0.08, "side": "sell", "timestamp": 1765842182240}, {"id": "2671425399", "price": 2963.18, "amount": 0.024, "side": "sell", "timestamp": 1765842182240}, {"id": "2671425400", "price": 2963.17, "amount": 6.144, "side": "sell", "timestamp": 1765842182240}, {"id": "2671425401", "price": 2963.16, "amount": 1.024, "side": "sell", "timestamp": 1765842182248}, {"id": "2671425402", "price": 2963.15, "amount": 0.306, "side": "sell", "timestamp": 1765842182248}, {"id": "2671425403", "price": 2963.14, "amount": 0.047, "side": "sell", "timestamp": 1765842182248}, {"id": "2671425404", "price": 2963.13, "amount": 0.664, "side": "sell", "timestamp": 1765842182248}, {"id": "2671425405", "price": 2963.12, "amount": 0.13, "side": "sell", "timestamp": 1765842182248}, {"id": "2671425406", "price": 2963.11, "amount": 1.441, "side": "sell", "timestamp": 1765842182248}, {"id": "2671425407", "price": 2963.1, "amount": 0.037, "side": "sell", "timestamp": 1765842182248}, {"id": "2671425408", "price": 2963.09, "amount": 48.512, "side": "sell", "timestamp": 1765842182248}, {"id": "2671425409", "price": 2963.08, "amount": 0.014, "side": "sell", "timestamp": 1765842182323}, {"id": "2671425410", "price": 2963.07, "amount": 0.036, "side": "sell", "timestamp": 1765842182323}, {"id": "2671425411", "price": 2963.06, "amount": 0.008, "side": "sell", "timestamp": 1765842182323}, {"id": "2671425412", "price": 2963.05, "amount": 0.022, "side": "sell", "timestamp": 1765842182323}, {"id": "2671425413", "price": 2963.04, "amount": 0.007, "side": "sell", "timestamp": 1765842182323}, {"id": "2671425414", "price": 2963.03, "amount": 0.021, "side": "sell", "timestamp": 1765842182323}, {"id": "2671425415", "price": 2963.02, "amount": 0.031, "side": "sell", "timestamp": 1765842182323}, {"id": "2671425416", "price": 2963.01, "amount": 0.007, "side": "sell", "timestamp": 1765842182323}, {"id": "2671425417", "price": 2963.0, "amount": 5.24, "side": "sell", "timestamp": 1765842182323}, {"id": "2671425418", "price": 2962.99, "amount": 0.015, "side": "sell", "timestamp": 1765842182323}, {"id": "2671425419", "price": 2962.98, "amount": 0.029, "side": "sell", "timestamp": 1765842182323}, {"id": "2671425420", "price": 2962.97, "amount": 0.029, "side": "sell", "timestamp": 1765842182323}, {"id": "2671425421", "price": 2962.96, "amount": 0.03, "side": "sell", "timestamp": 1765842182323}, {"id": "2671425422", "price": 2962.95, "amount": 0.255, "side": "sell", "timestamp": 1765842182323}, {"id": "2671425423", "price": 2962.94, "amount": 0.008, "side": "sell", "timestamp": 1765842182323}, {"id": "2671425424", "price": 2962.93, "amount": 0.066, "side": "sell", "timestamp": 1765842182323}, {"id": "2671425425", "price": 2962.92, "amount": 0.007, "side": "sell", "timestamp": 1765842182323}, {"id": "2671425426", "price": 2962.91, "amount": 0.022, "side": "sell", "timestamp": 1765842182323}, {"id": "2671425427", "price": 2962.9, "amount": 0.015, "side": "sell", "timestamp": 1765842182323}, {"id": "2671425428", "price": 2962.89, "amount": 0.022, "side": "sell", "timestamp": 1765842182323}, {"id": "2671425429", "price": 2962.88, "amount": 0.008, "side": "sell", "timestamp": 1765842182323}, {"id": "2671425430", "price": 2962.87, "amount": 0.062, "side": "sell", "timestamp": 1765842182323}, {"id": "2671425431", "price": 2962.86, "amount": 0.1, "side": "sell", "timestamp": 1765842182323}, {"id": "2671425432", "price": 2962.85, "amount": 0.053, "side": "sell", "timestamp": 1765842182323}, {"id": "2671425433", "price": 2962.84, "amount": 0.08, "side": "sell", "timestamp": 1765842182323}, {"id": "2671425434", "price": 2962.83, "amount": 0.054, "side": "sell", "timestamp": 1765842182323}, {"id": "2671425435", "price": 2962.81, "amount": 4.235, "side": "sell", "timestamp": 1765842182323}, {"id": "2671425436", "price": 2962.8, "amount": 0.054, "side": "sell", "timestamp": 1765842182329}, {"id": "2671425437", "price": 2962.78, "amount": 0.022, "side": "sell", "timestamp": 1765842182329}, {"id": "2671425438", "price": 2962.77, "amount": 0.334, "side": "sell", "timestamp": 1765842182339}, {"id": "2671425439", "price": 2962.77, "amount": 0.01, "side": "sell", "timestamp": 1765842182578}, {"id": "2671425440", "price": 2962.78, "amount": 0.15, "side": "buy", "timestamp": 1765842182688}, {"id": "2671425441", "price": 2962.77, "amount": 3.076, "side": "sell", "timestamp": 1765842182936}, {"id": "2671425442", "price": 2962.78, "amount": 1.539, "side": "buy", "timestamp": 1765842183161}, {"id": "2671426122", "price": 2963.96, "amount": 4.809, "side": "buy", "timestamp": 1765842230506}, {"id": "2671426123", "price": 2963.96, "amount": 0.07, "side": "buy", "timestamp": 1765842230727}, {"id": "2671426124", "price": 2963.96, "amount": 0.143, "side": "buy", "timestamp": 1765842230898}, {"id": "2671426125", "price": 2963.96, "amount": 0.013, "side": "buy", "timestamp": 1765842231190}, {"id": "2671426126", "price": 2963.95, "amount": 0.034, "side": "sell", "timestamp": 1765842231212}, {"id": "2671426127", "price": 2963.96, "amount": 20.32, "side": "buy", "timestamp": 1765842231323}, {"id": "2671426128", "price": 2963.95, "amount": 0.044, "side": "sell", "timestamp": 1765842231529}, {"id": "2671426129", "price": 2963.96, "amount": 0.007, "side": "buy", "timestamp": 1765842231816}, {"id": "2671426130", "price": 2963.95, "amount": 0.674, "side": "sell", "timestamp": 1765842231835}, {"id": "2671426131", "price": 2963.96, "amount": 0.014, "side": "buy", "timestamp": 1765842231895}, {"id": "2671426132", "price": 2963.96, "amount": 0.271, "side": "buy", "timestamp": 1765842232067}, {"id": "2671426133", "price": 2963.96, "amount": 0.337, "side": "buy", "timestamp": 1765842232223}, {"id": "2671426134", "price": 2963.95, "amount": 0.013, "side": "sell", "timestamp": 1765842232541}, {"id": "2671426135", "price": 2963.95, "amount": 0.024, "side": "sell", "timestamp": 1765842232652}, {"id": "2671426136", "price": 2963.95, "amount": 0.192, "side": "sell", "timestamp": 1765842233101}, {"id": "2671426137", "price": 2963.95, "amount": 1.256, "side": "sell", "timestamp": 1765842233218}, {"id": "2671426138", "price": 2963.95, "amount": 2.742, "side": "sell", "timestamp": 1765842233336}, {"id": "2671426139", "price": 2963.96, "amount": 0.071, "side": "buy", "timestamp": 1765842233418}, {"id": "2671426140", "price": 2963.96, "amount": 5.147, "side": "buy", "timestamp": 1765842233521}, {"id": "2671426141", "price": 2963.95, "amount": 0.166, "side": "sell", "timestamp": 1765842233619}, {"id": "2671426142", "price": 2963.96, "amount": 0.276, "side": "buy", "timestamp": 1765842234598}, {"id": "2671426143", "price": 2963.95, "amount": 0.024, "side": "sell", "timestamp": 1765842234920}, {"id": "2671426144", "price": 2963.96, "amount": 0.015, "side": "buy", "timestamp": 1765842235169}, {"id": "2671426145", "price": 2963.95, "amount": 3.503, "side": "sell", "timestamp": 1765842235482}, {"id": "2671426146", "price": 2963.94, "amount": 0.046, "side": "sell", "timestamp": 1765842235486}, {"id": "2671426147", "price": 2963.92, "amount": 0.034, "side": "sell", "timestamp": 1765842235491}, {"id": "2671426148", "price": 2963.92, "amount": 2.394, "side": "sell", "timestamp": 1765842235655}, {"id": "2671426149", "price": 2963.91, "amount": 0.016, "side": "sell", "timestamp": 1765842235727}, {"id": "2671426150", "price": 2963.9, "amount": 0.029, "side": "sell", "timestamp": 1765842235727}, {"id": "2671426151", "price": 2963.89, "amount": 0.055, "side": "sell", "timestamp": 1765842235727}, {"id": "2671426152", "price": 2963.88, "amount": 0.103, "side": "sell", "timestamp": 1765842235727}, {"id": "2671426153", "price": 2963.87, "amount": 0.007, "side": "sell", "timestamp": 1765842235729}, {"id": "2671426154", "price": 2963.86, "amount": 0.015, "side": "sell", "timestamp": 1765842235729}, {"id": "2671426155", "price": 2963.85, "amount": 0.04, "side": "sell", "timestamp": 1765842235730}, {"id": "2671426156", "price": 2963.84, "amount": 0.007, "side": "sell", "timestamp": 1765842235730}, {"id": "2671426157", "price": 2963.83, "amount": 0.015, "side": "sell", "timestamp": 1765842235730}, {"id": "2671426158", "price": 2963.82, "amount": 0.048, "side": "sell", "timestamp": 1765842235730}, {"id": "2671426159", "price": 2963.81, "amount": 0.126, "side": "sell", "timestamp": 1765842235730}, {"id": "2671426160", "price": 2963.8, "amount": 0.675, "side": "sell", "timestamp": 1765842235858}, {"id": "2671426161", "price": 2963.81, "amount": 0.046, "side": "buy", "timestamp": 1765842236354}, {"id": "2671426162", "price": 2963.8, "amount": 1.327, "side": "sell", "timestamp": 1765842236440}, {"id": "2671426163", "price": 2963.81, "amount": 0.03, "side": "buy", "timestamp": 1765842236520}, {"id": "2671426164", "price": 2963.81, "amount": 0.113, "side": "buy", "timestamp": 1765842236687}, {"id": "2671426165", "price": 2963.8, "amount": 0.143, "side": "sell", "timestamp": 1765842236752}, {"id": "2671426166", "price": 2963.8, "amount": 1.064, "side": "sell", "timestamp": 1765842236990}, {"id": "2671426167", "price": 2963.81, "amount": 0.011, "side": "buy", "timestamp": 1765842237126}, {"id": "2671426168", "price": 2963.81, "amount": 0.5, "side": "buy", "timestamp": 1765842237227}, {"id": "2671426169", "price": 2963.8, "amount": 0.377, "side": "sell", "timestamp": 1765842237517}, {"id": "2671426170", "price": 2963.8, "amount": 0.195, "side": "sell", "timestamp": 1765842237679}, {"id": "2671426171", "price": 2963.8, "amount": 0.102, "side": "sell", "timestamp": 1765842237871}, {"id": "2671426668", "price": 2963.93, "amount": 0.106, "side": "buy", "timestamp": 1765842292800}, {"id": "2671426669", "price": 2963.94, "amount": 0.054, "side": "buy", "timestamp": 1765842292800}, {"id": "2671426670", "price": 2963.95, "amount": 0.008, "side": "buy", "timestamp": 1765842292800}, {"id": "2671426671", "price": 2963.96, "amount": 0.179, "side": "buy", "timestamp": 1765842292800}, {"id": "2671426672", "price": 2963.97, "amount": 0.054, "side": "buy", "timestamp": 1765842292800}, {"id": "2671426673", "price": 2963.98, "amount": 0.016, "side": "buy", "timestamp": 1765842292800}, {"id": "2671426674", "price": 2963.99, "amount": 0.021, "side": "buy", "timestamp": 1765842292800}, {"id": "2671426675", "price": 2964.0, "amount": 0.865, "side": "buy", "timestamp": 1765842292800}, {"id": "2671426676", "price": 2964.01, "amount": 0.022, "side": "buy", "timestamp": 1765842292800}, {"id": "2671426677", "price": 2964.02, "amount": 0.019, "side": "buy", "timestamp": 1765842292800}, {"id": "2671426678", "price": 2964.03, "amount": 0.514, "side": "buy", "timestamp": 1765842292800}, {"id": "2671426679", "price": 2964.04, "amount": 3.61, "side": "buy", "timestamp": 1765842292800}, {"id": "2671426680", "price": 2964.05, "amount": 0.008, "side": "buy", "timestamp": 1765842292800}, {"id": "2671426681", "price": 2964.06, "amount": 0.367, "side": "buy", "timestamp": 1765842292800}, {"id": "2671426682", "price": 2964.07, "amount": 0.055, "side": "buy", "timestamp": 1765842292800}, {"id": "2671426683", "price": 2964.08, "amount": 0.192, "side": "buy", "timestamp": 1765842292800}, {"id": "2671426684", "price": 2964.09, "amount": 0.015, "side": "buy", "timestamp": 1765842292800}, {"id": "2671426685", "price": 2964.1, "amount": 0.022, "side": "buy", "timestamp": 1765842292800}, {"id": "2671426686", "price": 2964.11, "amount": 0.04, "side": "buy", "timestamp": 1765842292800}, {"id": "2671426687", "price": 2964.12, "amount": 0.359, "side": "buy", "timestamp": 1765842292800}, {"id": "2671426688", "price": 2964.13, "amount": 0.025, "side": "buy", "timestamp": 1765842292800}, {"id": "2671426689", "price": 2964.14, "amount": 0.369, "side": "buy", "timestamp": 1765842292800}, {"id": "2671426690", "price": 2964.15, "amount": 0.788, "side": "buy", "timestamp": 1765842292800}, {"id": "2671426691", "price": 2964.17, "amount": 0.686, "side": "buy", "timestamp": 1765842292801}, {"id": "2671426692", "price": 2964.18, "amount": 0.108, "side": "buy", "timestamp": 1765842292802}, {"id": "2671426693", "price": 2964.19, "amount": 0.029, "side": "buy", "timestamp": 1765842292802}, {"id": "2671426694", "price": 2964.2, "amount": 0.021, "side": "buy", "timestamp": 1765842292802}, {"id": "2671426695", "price": 2964.21, "amount": 3.377, "side": "buy", "timestamp": 1765842292802}, {"id": "2671426696", "price": 2964.22, "amount": 0.731, "side": "buy", "timestamp": 1765842292802}, {"id": "2671426697", "price": 2964.23, "amount": 1.335, "side": "buy", "timestamp": 1765842292802}, {"id": "2671426698", "price": 2964.24, "amount": 1.734, "side": "buy", "timestamp": 1765842292802}, {"id": "2671426699", "price": 2964.25, "amount": 0.731, "side": "buy", "timestamp": 1765842292802}, {"id": "2671426700", "price": 2964.26, "amount": 0.698, "side": "buy", "timestamp": 1765842292804}, {"id": "2671426701", "price": 2964.27, "amount": 0.314, "side": "buy", "timestamp": 1765842292804}, {"id": "2671426702", "price": 2964.28, "amount": 0.248, "side": "buy", "timestamp": 1765842292809}, {"id": "2671426703", "price": 2964.27, "amount": 0.014, "side": "sell", "timestamp": 1765842292855}, {"id": "2671426704", "price": 2964.28, "amount": 0.12, "side": "buy", "timestamp": 1765842292873}, {"id": "2671426705", "price": 2964.29, "amount": 0.123, "side": "buy", "timestamp": 1765842292873}, {"id": "2671426706", "price": 2964.3, "amount": 0.023, "side": "buy", "timestamp": 1765842292882}, {"id": "2671426707", "price": 2964.31, "amount": 0.015, "side": "buy", "timestamp": 1765842292883}, {"id": "2671426708", "price": 2964.32, "amount": 0.076, "side": "buy", "timestamp": 1765842292883}, {"id": "2671426709", "price": 2964.33, "amount": 0.014, "side": "buy", "timestamp": 1765842292883}, {"id": "2671426710", "price": 2964.34, "amount": 0.114, "side": "buy", "timestamp": 1765842292889}, {"id": "2671426711", "price": 2964.35, "amount": 0.022, "side": "buy", "timestamp": 1765842292889}, {"id": "2671426712", "price": 2964.36, "amount": 0.009, "side": "buy", "timestamp": 1765842292889}, {"id": "2671426713", "price": 2964.38, "amount": 0.219, "side": "buy", "timestamp": 1765842292889}, {"id": "2671426714", "price": 2964.39, "amount": 0.065, "side": "buy", "timestamp": 1765842292890}, {"id": "2671426715", "price": 2964.4, "amount": 0.64, "side": "buy", "timestamp": 1765842293124}, {"id": "2671426716", "price": 2964.4, "amount": 0.403, "side": "buy", "timestamp": 1765842293295}, {"id": "2671426717", "price": 2964.4, "amount": 0.208, "side": "buy", "timestamp": 1765842293530}, {"id": "2671427374", "price": 2962.66, "amount": 0.009, "side": "sell", "timestamp": 1765842341065}, {"id": "2671427375", "price": 2962.67, "amount": 0.597, "side": "buy", "timestamp": 1765842341363}, {"id": "2671427376", "price": 2962.66, "amount": 0.206, "side": "sell", "timestamp": 1765842341834}, {"id": "2671427377", "price": 2962.67, "amount": 0.091, "side": "buy", "timestamp": 1765842342328}, {"id": "2671427378", "price": 2962.67, "amount": 0.284, "side": "buy", "timestamp": 1765842342506}, {"id": "2671427379", "price": 2962.67, "amount": 2.537, "side": "buy", "timestamp": 1765842343167}, {"id": "2671427380", "price": 2962.68, "amount": 0.143, "side": "buy", "timestamp": 1765842343167}, {"id": "2671427381", "price": 2962.7, "amount": 0.007, "side": "buy", "timestamp": 1765842343167}, {"id": "2671427382", "price": 2962.71, "amount": 0.062, "side": "buy", "timestamp": 1765842343167}, {"id": "2671427383", "price": 2962.71, "amount": 7.75, "side": "sell", "timestamp": 1765842343239}, {"id": "2671427384", "price": 2962.71, "amount": 0.027, "side": "sell", "timestamp": 1765842343738}, {"id": "2671427385", "price": 2962.71, "amount": 0.01, "side": "sell", "timestamp": 1765842344628}, {"id": "2671427386", "price": 2962.72, "amount": 0.103, "side": "buy", "timestamp": 1765842344830}, {"id": "2671427387", "price": 2962.72, "amount": 0.032, "side": "buy", "timestamp": 1765842344985}, {"id": "2671427388", "price": 2962.71, "amount": 0.653, "side": "sell", "timestamp": 1765842345076}, {"id": "2671427389", "price": 2962.71, "amount": 0.008, "side": "sell", "timestamp": 1765842345362}, {"id": "2671427390", "price": 2962.72, "amount": 0.698, "side": "buy", "timestamp": 1765842345389}, {"id": "2671427391", "price": 2962.71, "amount": 1.329, "side": "sell", "timestamp": 1765842345773}, {"id": "2671427392", "price": 2962.72, "amount": 3.552, "side": "buy", "timestamp": 1765842346310}, {"id": "2671427393", "price": 2962.71, "amount": 0.019, "side": "sell", "timestamp": 1765842346449}, {"id": "2671427394", "price": 2962.72, "amount": 0.076, "side": "buy", "timestamp": 1765842346701}, {"id": "2671427395", "price": 2962.72, "amount": 0.086, "side": "buy", "timestamp": 1765842346830}, {"id": "2671427396", "price": 2962.71, "amount": 3.237, "side": "sell", "timestamp": 1765842347077}, {"id": "2671427397", "price": 2962.72, "amount": 0.187, "side": "buy", "timestamp": 1765842347874}, {"id": "2671427398", "price": 2962.72, "amount": 0.15, "side": "buy", "timestamp": 1765842348176}, {"id": "2671427399", "price": 2962.72, "amount": 0.099, "side": "buy", "timestamp": 1765842348475}, {"id": "2671427400", "price": 2962.72, "amount": 0.111, "side": "buy", "timestamp": 1765842348643}, {"id": "2671427401", "price": 2962.72, "amount": 0.1, "side": "buy", "timestamp": 1765842348748}, {"id": "2671427402", "price": 2962.71, "amount": 1.682, "side": "sell", "timestamp": 1765842348807}, {"id": "2671427403", "price": 2962.72, "amount": 0.066, "side": "buy", "timestamp": 1765842348865}, {"id": "2671427404", "price": 2962.71, "amount": 16.689, "side": "sell", "timestamp": 1765842349357}, {"id": "2671427405", "price": 2962.7, "amount": 0.061, "side": "sell", "timestamp": 1765842349369}, {"id": "2671427406", "price": 2962.68, "amount": 0.009, "side": "sell", "timestamp": 1765842349371}, {"id": "2671427407", "price": 2962.67, "amount": 0.018, "side": "sell", "timestamp": 1765842349371}, {"id": "2671427408", "price": 2962.66, "amount": 0.12, "side": "sell", "timestamp": 1765842349371}, {"id": "2671427409", "price": 2962.65, "amount": 0.276, "side": "sell", "timestamp": 1765842349371}, {"id": "2671427410", "price": 2962.64, "amount": 0.022, "side": "sell", "timestamp": 1765842349371}, {"id": "2671427411", "price": 2962.63, "amount": 0.056, "side": "sell", "timestamp": 1765842349371}, {"id": "2671427412", "price": 2962.61, "amount": 0.007, "side": "sell", "timestamp": 1765842349377}, {"id": "2671427413", "price": 2962.6, "amount": 0.392, "side": "sell", "timestamp": 1765842349383}, {"id": "2671427414", "price": 2962.59, "amount": 0.28, "side": "sell", "timestamp": 1765842349383}, {"id": "2671427415", "price": 2962.58, "amount": 0.007, "side": "sell", "timestamp": 1765842349387}, {"id": "2671427416", "price": 2962.57, "amount": 0.098, "side": "sell", "timestamp": 1765842349390}, {"id": "2671427417", "price": 2962.56, "amount": 0.127, "side": "sell", "timestamp": 1765842349390}, {"id": "2671427418", "price": 2962.55, "amount": 0.007, "side": "sell", "timestamp": 1765842349390}, {"id": "2671427419", "price": 2962.53, "amount": 0.094, "side": "sell", "timestamp": 1765842349396}, {"id": "2671427420", "price": 2962.52, "amount": 0.055, "side": "sell", "timestamp": 1765842349396}, {"id": "2671427421", "price": 2962.51, "amount": 0.049, "side": "sell", "timestamp": 1765842349396}, {"id": "2671427422", "price": 2962.5, "amount": 0.015, "side": "sell", "timestamp": 1765842349396}, {"id": "2671427423", "price": 2962.49, "amount": 0.04, "side": "sell", "timestamp": 1765842349399}, {"id": "2671428336", "price": 2962.65, "amount": 1.133, "side": "sell", "timestamp": 1765842404488}, {"id": "2671428337", "price": 2962.64, "amount": 0.014, "side": "sell", "timestamp": 1765842404490}, {"id": "2671428338", "price": 2962.63, "amount": 0.016, "side": "sell", "timestamp": 1765842404490}, {"id": "2671428339", "price": 2962.61, "amount": 0.048, "side": "sell", "timestamp": 1765842404490}, {"id": "2671428340", "price": 2962.6, "amount": 0.177, "side": "sell", "timestamp": 1765842404490}, {"id": "2671428341", "price": 2962.59, "amount": 1.349, "side": "sell", "timestamp": 1765842404574}, {"id": "2671428342", "price": 2962.58, "amount": 0.007, "side": "sell", "timestamp": 1765842404577}, {"id": "2671428343", "price": 2962.57, "amount": 0.047, "side": "sell", "timestamp": 1765842404577}, {"id": "2671428344", "price": 2962.56, "amount": 0.009, "side": "sell", "timestamp": 1765842404577}, {"id": "2671428345", "price": 2962.55, "amount": 0.666, "side": "sell", "timestamp": 1765842404578}, {"id": "2671428346", "price": 2962.54, "amount": 0.04, "side": "sell", "timestamp": 1765842404578}, {"id": "2671428347", "price": 2962.53, "amount": 0.176, "side": "sell", "timestamp": 1765842404578}, {"id": "2671428348", "price": 2962.52, "amount": 0.015, "side": "sell", "timestamp": 1765842404582}, {"id": "2671428349", "price": 2962.51, "amount": 0.068, "side": "sell", "timestamp": 1765842404582}, {"id": "2671428350", "price": 2962.5, "amount": 0.042, "side": "sell", "timestamp": 1765842404582}, {"id": "2671428351", "price": 2962.5, "amount": 0.739, "side": "buy", "timestamp": 1765842404620}, {"id": "2671428352", "price": 2962.49, "amount": 8.166, "side": "sell", "timestamp": 1765842404698}, {"id": "2671428353", "price": 2962.48, "amount": 0.007, "side": "sell", "timestamp": 1765842404698}, {"id": "2671428354", "price": 2962.47, "amount": 0.009, "side": "sell", "timestamp": 1765842404989}, {"id": "2671428355", "price": 2962.48, "amount": 0.1, "side": "buy", "timestamp": 1765842405008}, {"id": "2671428356", "price": 2962.47, "amount": 2.092, "side": "sell", "timestamp": 1765842405173}, {"id": "2671428357", "price": 2962.46, "amount": 0.114, "side": "sell", "timestamp": 1765842405183}, {"id": "2671428358", "price": 2962.45, "amount": 1.312, "side": "sell", "timestamp": 1765842405183}, {"id": "2671428359", "price": 2962.44, "amount": 0.008, "side": "sell", "timestamp": 1765842405183}, {"id": "2671428360", "price": 2962.42, "amount": 0.683, "side": "sell", "timestamp": 1765842405183}, {"id": "2671428361", "price": 2962.41, "amount": 0.008, "side": "sell", "timestamp": 1765842405183}, {"id": "2671428362", "price": 2962.4, "amount": 0.034, "side": "sell", "timestamp": 1765842405193}, {"id": "2671428363", "price": 2962.39, "amount": 0.04, "side": "sell", "timestamp": 1765842405193}, {"id": "2671428364", "price": 2962.38, "amount": 0.008, "side": "sell", "timestamp": 1765842405193}, {"id": "2671428365", "price": 2962.36, "amount": 0.16, "side": "sell", "timestamp": 1765842405193}, {"id": "2671428366", "price": 2962.35, "amount": 0.636, "side": "sell", "timestamp": 1765842405268}, {"id": "2671428367", "price": 2962.34, "amount": 0.007, "side": "sell", "timestamp": 1765842405268}, {"id": "2671428368", "price": 2962.33, "amount": 0.008, "side": "sell", "timestamp": 1765842405268}, {"id": "2671428369", "price": 2962.32, "amount": 0.008, "side": "sell", "timestamp": 1765842405268}, {"id": "2671428370", "price": 2962.3, "amount": 1.731, "side": "sell", "timestamp": 1765842405268}, {"id": "2671428371", "price": 2962.29, "amount": 0.022, "side": "sell", "timestamp": 1765842405268}, {"id": "2671428372", "price": 2962.27, "amount": 0.062, "side": "sell", "timestamp": 1765842405281}, {"id": "2671428373", "price": 2962.26, "amount": 0.047, "side": "sell", "timestamp": 1765842405281}, {"id": "2671428374", "price": 2962.25, "amount": 0.022, "side": "sell", "timestamp": 1765842405281}, {"id": "2671428375", "price": 2962.24, "amount": 0.023, "side": "sell", "timestamp": 1765842405281}, {"id": "2671428376", "price": 2962.23, "amount": 0.048, "side": "sell", "timestamp": 1765842405281}, {"id": "2671428377", "price": 2962.22, "amount": 0.04, "side": "sell", "timestamp": 1765842405281}, {"id": "2671428378", "price": 2962.21, "amount": 1.04, "side": "sell", "timestamp": 1765842405322}, {"id": "2671428379", "price": 2962.2, "amount": 0.459, "side": "sell", "timestamp": 1765842405327}, {"id": "2671428380", "price": 2962.19, "amount": 0.1, "side": "sell", "timestamp": 1765842405336}, {"id": "2671428381", "price": 2962.17, "amount": 0.008, "side": "sell", "timestamp": 1765842405336}, {"id": "2671428382", "price": 2962.16, "amount": 0.04, "side": "sell", "timestamp": 1765842405336}, {"id": "2671428383", "price": 2962.15, "amount": 0.008, "side": "sell", "timestamp": 1765842405336}, {"id": "2671428384", "price": 2962.14, "amount": 0.008, "side": "sell", "timestamp": 1765842405336}, {"id": "2671428385", "price": 2962.13, "amount": 0.04, "side": "sell", "timestamp": 1765842405336}, {"id": "2671429575", "price": 2964.63, "amount": 0.009, "side": "buy", "timestamp": 1765842455922}, {"id": "2671429576", "price": 2964.64, "amount": 0.04, "side": "buy", "timestamp": 1765842455922}, {"id": "2671429577", "price": 2964.65, "amount": 0.008, "side": "buy", "timestamp": 1765842455922}, {"id": "2671429578", "price": 2964.67, "amount": 0.473, "side": "buy", "timestamp": 1765842455932}, {"id": "2671429579", "price": 2964.67, "amount": 0.115, "side": "buy", "timestamp": 1765842456123}, {"id": "2671429580", "price": 2964.68, "amount": 0.049, "side": "buy", "timestamp": 1765842456147}, {"id": "2671429581", "price": 2964.7, "amount": 0.01, "side": "buy", "timestamp": 1765842456147}, {"id": "2671429582", "price": 2964.71, "amount": 0.088, "side": "buy", "timestamp": 1765842456147}, {"id": "2671429583", "price": 2964.72, "amount": 0.024, "side": "buy", "timestamp": 1765842456147}, {"id": "2671429584", "price": 2964.73, "amount": 0.014, "side": "buy", "timestamp": 1765842456147}, {"id": "2671429585", "price": 2964.74, "amount": 0.04, "side": "buy", "timestamp": 1765842456147}, {"id": "2671429586", "price": 2964.75, "amount": 0.232, "side": "buy", "timestamp": 1765842456211}, {"id": "2671429587", "price": 2964.76, "amount": 0.009, "side": "buy", "timestamp": 1765842456211}, {"id": "2671429588", "price": 2964.77, "amount": 0.04, "side": "buy", "timestamp": 1765842456211}, {"id": "2671429589", "price": 2964.78, "amount": 0.009, "side": "buy", "timestamp": 1765842456214}, {"id": "2671429590", "price": 2964.79, "amount": 0.022, "side": "buy", "timestamp": 1765842456219}, {"id": "2671429591", "price": 2964.78, "amount": 0.135, "side": "sell", "timestamp": 1765842456340}, {"id": "2671429592", "price": 2964.78, "amount": 1.0, "side": "sell", "timestamp": 1765842457129}, {"id": "2671429593", "price": 2964.79, "amount": 0.014, "side": "buy", "timestamp": 1765842457298}, {"id": "2671429594", "price": 2964.79, "amount": 7.68, "side": "buy", "timestamp": 1765842457956}, {"id": "2671429595", "price": 2964.8, "amount": 4.401, "side": "buy", "timestamp": 1765842457956}, {"id": "2671429596", "price": 2964.82, "amount": 0.008, "side": "buy", "timestamp": 1765842457956}, {"id": "2671429597", "price": 2964.83, "amount": 0.016, "side": "buy", "timestamp": 1765842457956}, {"id": "2671429598", "price": 2964.84, "amount": 0.007, "side": "buy", "timestamp": 1765842457956}, {"id": "2671429599", "price": 2964.85, "amount": 0.029, "side": "buy", "timestamp": 1765842457959}, {"id": "2671429600", "price": 2964.86, "amount": 0.554, "side": "buy", "timestamp": 1765842457971}, {"id": "2671429601", "price": 2964.87, "amount": 0.009, "side": "buy", "timestamp": 1765842457971}, {"id": "2671429602", "price": 2964.88, "amount": 0.008, "side": "buy", "timestamp": 1765842457971}, {"id": "2671429603", "price": 2964.89, "amount": 0.144, "side": "buy", "timestamp": 1765842457971}, {"id": "2671429604", "price": 2964.9, "amount": 0.191, "side": "buy", "timestamp": 1765842457971}, {"id": "2671429605", "price": 2964.91, "amount": 0.023, "side": "buy", "timestamp": 1765842457971}, {"id": "2671429606", "price": 2964.92, "amount": 0.048, "side": "buy", "timestamp": 1765842457971}, {"id": "2671429607", "price": 2964.94, "amount": 0.016, "side": "buy", "timestamp": 1765842457971}, {"id": "2671429608", "price": 2964.95, "amount": 0.147, "side": "buy", "timestamp": 1765842457971}, {"id": "2671429609", "price": 2964.96, "amount": 0.022, "side": "buy", "timestamp": 1765842457971}, {"id": "2671429610", "price": 2964.97, "amount": 0.022, "side": "buy", "timestamp": 1765842457971}, {"id": "2671429611", "price": 2964.98, "amount": 0.062, "side": "buy", "timestamp": 1765842457971}, {"id": "2671429612", "price": 2964.99, "amount": 0.008, "side": "buy", "timestamp": 1765842457971}, {"id": "2671429613", "price": 2965.0, "amount": 1.293, "side": "buy", "timestamp": 1765842457971}, {"id": "2671429614", "price": 2965.01, "amount": 0.048, "side": "buy", "timestamp": 1765842457971}, {"id": "2671429615", "price": 2965.02, "amount": 0.03, "side": "buy", "timestamp": 1765842457971}, {"id": "2671429616", "price": 2965.03, "amount": 0.33, "side": "buy", "timestamp": 1765842458092}, {"id": "2671429617", "price": 2965.02, "amount": 0.064, "side": "sell", "timestamp": 1765842458293}, {"id": "2671429618", "price": 2965.03, "amount": 0.032, "side": "buy", "timestamp": 1765842458476}, {"id": "2671429619", "price": 2965.03, "amount": 0.178, "side": "buy", "timestamp": 1765842458920}, {"id": "2671429620", "price": 2965.03, "amount": 0.074, "side": "buy", "timestamp": 1765842459092}, {"id": "2671429621", "price": 2965.03, "amount": 0.98, "side": "buy", "timestamp": 1765842459450}, {"id": "2671429622", "price": 2965.02, "amount": 1.004, "side": "sell", "timestamp": 1765842459549}, {"id": "2671429623", "price": 2965.03, "amount": 0.337, "side": "buy", "timestamp": 1765842460253}, {"id": "2671429624", "price": 2965.03, "amount": 0.313, "side": "buy", "timestamp": 1765842461133}, {"id": "2671430270", "price": 2962.78, "amount": 0.02, "side": "buy", "timestamp": 1765842509180}, {"id": "2671430271", "price": 2962.77, "amount": 20.0, "side": "sell", "timestamp": 1765842509599}, {"id": "2671430272", "price": 2962.77, "amount": 0.611, "side": "sell", "timestamp": 1765842509718}, {"id": "2671430273", "price": 2962.77, "amount": 0.006, "side": "sell", "timestamp": 1765842510353}, {"id": "2671430274", "price": 2962.78, "amount": 0.5, "side": "buy", "timestamp": 1765842510531}, {"id": "2671430275", "price": 2962.77, "amount": 0.007, "side": "sell", "timestamp": 1765842510622}, {"id": "2671430276", "price": 2962.78, "amount": 0.407, "side": "buy", "timestamp": 1765842510727}, {"id": "2671430277", "price": 2962.77, "amount": 0.426, "side": "sell", "timestamp": 1765842510911}, {"id": "2671430278", "price": 2962.77, "amount": 1.0, "side": "sell", "timestamp": 1765842511377}, {"id": "2671430279", "price": 2962.77, "amount": 0.151, "side": "sell", "timestamp": 1765842511499}, {"id": "2671430280", "price": 2962.77, "amount": 0.125, "side": "sell", "timestamp": 1765842511643}, {"id": "2671430281", "price": 2962.78, "amount": 1.568, "side": "buy", "timestamp": 1765842511673}, {"id": "2671430282", "price": 2962.77, "amount": 2.349, "side": "sell", "timestamp": 1765842511694}, {"id": "2671430283", "price": 2962.78, "amount": 0.855, "side": "buy", "timestamp": 1765842512193}, {"id": "2671430284", "price": 2962.77, "amount": 0.083, "side": "sell", "timestamp": 1765842512237}, {"id": "2671430285", "price": 2962.78, "amount": 0.068, "side": "buy", "timestamp": 1765842512720}, {"id": "2671430286", "price": 2962.78, "amount": 1.012, "side": "buy", "timestamp": 1765842512827}, {"id": "2671430287", "price": 2962.77, "amount": 0.948, "side": "sell", "timestamp": 1765842513042}, {"id": "2671430288", "price": 2962.77, "amount": 6.175, "side": "sell", "timestamp": 1765842513253}, {"id": "2671430289", "price": 2962.76, "amount": 0.469, "side": "sell", "timestamp": 1765842513254}, {"id": "2671430290", "price": 2962.74, "amount": 0.272, "side": "sell", "timestamp": 1765842513254}, {"id": "2671430291", "price": 2962.73, "amount": 0.603, "side": "sell", "timestamp": 1765842513254}, {"id": "2671430292", "price": 2962.72, "amount": 0.683, "side": "sell", "timestamp": 1765842513254}, {"id": "2671430293", "price": 2962.71, "amount": 0.344, "side": "sell", "timestamp": 1765842513254}, {"id": "2671430294", "price": 2962.7, "amount": 1.62, "side": "sell", "timestamp": 1765842513254}, {"id": "2671430295", "price": 2962.68, "amount": 0.231, "side": "sell", "timestamp": 1765842513254}, {"id": "2671430296", "price": 2962.67, "amount": 1.269, "side": "sell", "timestamp": 1765842513254}, {"id": "2671430297", "price": 2962.66, "amount": 0.022, "side": "sell", "timestamp": 1765842513255}, {"id": "2671430298", "price": 2962.65, "amount": 0.017, "side": "sell", "timestamp": 1765842513255}, {"id": "2671430299", "price": 2962.64, "amount": 0.139, "side": "sell", "timestamp": 1765842513255}, {"id": "2671430300", "price": 2962.63, "amount": 0.008, "side": "sell", "timestamp": 1765842513255}, {"id": "2671430301", "price": 2962.62, "amount": 0.712, "side": "sell", "timestamp": 1765842513255}, {"id": "2671430302", "price": 2962.61, "amount": 0.081, "side": "sell", "timestamp": 1765842513255}, {"id": "2671430303", "price": 2962.6, "amount": 0.032, "side": "sell", "timestamp": 1765842513264}, {"id": "2671430304", "price": 2962.59, "amount": 0.014, "side": "sell", "timestamp": 1765842513266}, {"id": "2671430305", "price": 2962.58, "amount": 0.054, "side": "sell", "timestamp": 1765842513266}, {"id": "2671430306", "price": 2962.57, "amount": 0.647, "side": "buy", "timestamp": 1765842513275}, {"id": "2671430307", "price": 2962.56, "amount": 0.009, "side": "sell", "timestamp": 1765842513281}, {"id": "2671430308", "price": 2962.55, "amount": 0.108, "side": "sell", "timestamp": 1765842513281}, {"id": "2671430309", "price": 2962.53, "amount": 0.027, "side": "sell", "timestamp": 1765842513281}, {"id": "2671430310", "price": 2962.52, "amount": 0.058, "side": "sell", "timestamp": 1765842513281}, {"id": "2671430311", "price": 2962.52, "amount": 0.01, "side": "buy", "timestamp": 1765842513797}, {"id": "2671430312", "price": 2962.52, "amount": 0.917, "side": "buy", "timestamp": 1765842514153}, {"id": "2671430313", "price": 2962.52, "amount": 0.035, "side": "buy", "timestamp": 1765842514255}, {"id": "2671430314", "price": 2962.51, "amount": 0.03, "side": "sell", "timestamp": 1765842514442}, {"id": "2671430315", "price": 2962.52, "amount": 0.326, "side": "buy", "timestamp": 1765842514518}, {"id": "2671430316", "price": 2962.51, "amount": 1.722, "side": "sell", "timestamp": 1765842515531}, {"id": "2671430317", "price": 2962.52, "amount": 0.004, "side": "buy", "timestamp": 1765842515635}, {"id": "2671430318", "price": 2962.51, "amount": 0.102, "side": "sell", "timestamp": 1765842515803}, {"id": "2671430319", "price": 2962.51, "amount": 0.05, "side": "sell", "timestamp": 1765842516329}, {"id": "2671431169", "price": 2961.58, "amount": 0.11, "side": "buy", "timestamp": 1765842569721}, {"id": "2671431170", "price": 2961.59, "amount": 0.024, "side": "buy", "timestamp": 1765842569721}, {"id": "2671431171", "price": 2961.6, "amount": 0.042, "side": "buy", "timestamp": 1765842569721}, {"id": "2671431172", "price": 2961.61, "amount": 0.061, "side": "buy", "timestamp": 1765842569721}, {"id": "2671431173", "price": 2961.62, "amount": 0.117, "side": "buy", "timestamp": 1765842569721}, {"id": "2671431174", "price": 2961.63, "amount": 1.042, "side": "buy", "timestamp": 1765842569721}, {"id": "2671431175", "price": 2961.64, "amount": 0.051, "side": "buy", "timestamp": 1765842569721}, {"id": "2671431176", "price": 2961.65, "amount": 2.795, "side": "buy", "timestamp": 1765842569721}, {"id": "2671431177", "price": 2961.66, "amount": 0.145, "side": "buy", "timestamp": 1765842569721}, {"id": "2671431178", "price": 2961.67, "amount": 0.016, "side": "buy", "timestamp": 1765842569721}, {"id": "2671431179", "price": 2961.68, "amount": 0.124, "side": "buy", "timestamp": 1765842569721}, {"id": "2671431180", "price": 2961.69, "amount": 4.358, "side": "buy", "timestamp": 1765842569721}, {"id": "2671431181", "price": 2961.7, "amount": 3.318, "side": "buy", "timestamp": 1765842569721}, {"id": "2671431182", "price": 2961.71, "amount": 0.663, "side": "buy", "timestamp": 1765842569721}, {"id": "2671431183", "price": 2961.72, "amount": 0.071, "side": "buy", "timestamp": 1765842569721}, {"id": "2671431184", "price": 2961.73, "amount": 0.706, "side": "buy", "timestamp": 1765842569721}, {"id": "2671431185", "price": 2961.74, "amount": 0.985, "side": "buy", "timestamp": 1765842569721}, {"id": "2671431186", "price": 2961.74, "amount": 1.313, "side": "sell", "timestamp": 1765842569728}, {"id": "2671431187", "price": 2961.75, "amount": 0.008, "side": "buy", "timestamp": 1765842569728}, {"id": "2671431188", "price": 2961.74, "amount": 12.98, "side": "sell", "timestamp": 1765842569728}, {"id": "2671431189", "price": 2961.73, "amount": 0.081, "side": "sell", "timestamp": 1765842569731}, {"id": "2671431190", "price": 2961.7, "amount": 0.048, "side": "sell", "timestamp": 1765842569732}, {"id": "2671431191", "price": 2961.67, "amount": 0.048, "side": "sell", "timestamp": 1765842569732}, {"id": "2671431192", "price": 2961.66, "amount": 0.881, "side": "sell", "timestamp": 1765842569732}, {"id": "2671431193", "price": 2961.74, "amount": 0.03, "side": "buy", "timestamp": 1765842569732}, {"id": "2671431194", "price": 2961.72, "amount": 0.01, "side": "buy", "timestamp": 1765842569734}, {"id": "2671431195", "price": 2961.64, "amount": 0.323, "side": "sell", "timestamp": 1765842569748}, {"id": "2671431196", "price": 2961.63, "amount": 0.028, "side": "sell", "timestamp": 1765842569756}, {"id": "2671431197", "price": 2961.6, "amount": 0.022, "side": "sell", "timestamp": 1765842569756}, {"id": "2671431198", "price": 2961.59, "amount": 0.04, "side": "sell", "timestamp": 1765842569756}, {"id": "2671431199", "price": 2961.57, "amount": 0.016, "side": "sell", "timestamp": 1765842569756}, {"id": "2671431200", "price": 2961.56, "amount": 0.194, "side": "sell", "timestamp": 1765842569759}, {"id": "2671431201", "price": 2961.54, "amount": 0.015, "side": "sell", "timestamp": 1765842569763}, {"id": "2671431202", "price": 2961.53, "amount": 0.04, "side": "sell", "timestamp": 1765842569763}, {"id": "2671431203", "price": 2961.51, "amount": 0.084, "side": "sell", "timestamp": 1765842569768}, {"id": "2671431204", "price": 2961.5, "amount": 0.04, "side": "sell", "timestamp": 1765842569768}, {"id": "2671431205", "price": 2961.5, "amount": 0.034, "side": "buy", "timestamp": 1765842569865}, {"id": "2671431206", "price": 2961.49, "amount": 0.05, "side": "sell", "timestamp": 1765842570411}, {"id": "2671431207", "price": 2961.49, "amount": 2.799, "side": "sell", "timestamp": 1765842570813}, {"id": "2671431208", "price": 2961.48, "amount": 0.321, "side": "sell", "timestamp": 1765842570835}, {"id": "2671431209", "price": 2961.47, "amount": 0.293, "side": "sell", "timestamp": 1765842570835}, {"id": "2671431210", "price": 2961.45, "amount": 0.015, "side": "sell", "timestamp": 1765842570835}, {"id": "2671431211", "price": 2961.44, "amount": 0.051, "side": "sell", "timestamp": 1765842570835}, {"id": "2671431212", "price": 2961.42, "amount": 0.208, "side": "sell", "timestamp": 1765842570837}, {"id": "2671431213", "price": 2961.41, "amount": 0.08, "side": "sell", "timestamp": 1765842570840}, {"id": "2671431214", "price": 2961.4, "amount": 0.227, "side": "sell", "timestamp": 1765842570843}, {"id": "2671431215", "price": 2961.41, "amount": 0.026, "side": "buy", "timestamp": 1765842571480}, {"id": "2671431216", "price": 2961.41, "amount": 0.422, "side": "buy", "timestamp": 1765842571823}, {"id": "2671431217", "price": 2961.41, "amount": 0.01, "side": "buy", "timestamp": 1765842572011}, {"id": "2671431218", "price": 2961.4, "amount": 0.268, "side": "sell", "timestamp": 1765842572091}, {"id": "2671431997", "price": 2962.59, "amount": 0.534, "side": "buy", "timestamp": 1765842621511}, {"id": "2671431998", "price": 2962.58, "amount": 0.041, "side": "sell", "timestamp": 1765842621544}, {"id": "2671431999", "price": 2962.58, "amount": 0.029, "side": "sell", "timestamp": 1765842621869}, {"id": "2671432000", "price": 2962.59, "amount": 0.236, "side": "buy", "timestamp": 1765842621876}, {"id": "2671432001", "price": 2962.59, "amount": 1.507, "side": "buy", "timestamp": 1765842622102}, {"id": "2671432002", "price": 2962.58, "amount": 1.557, "side": "sell", "timestamp": 1765842622241}, {"id": "2671432003", "price": 2962.59, "amount": 0.5, "side": "buy", "timestamp": 1765842622581}, {"id": "2671432004", "price": 2962.58, "amount": 1.112, "side": "sell", "timestamp": 1765842622806}, {"id": "2671432005", "price": 2962.59, "amount": 0.547, "side": "buy", "timestamp": 1765842622930}, {"id": "2671432006", "price": 2962.58, "amount": 1.09, "side": "sell", "timestamp": 1765842623046}, {"id": "2671432007", "price": 2962.59, "amount": 1.493, "side": "buy", "timestamp": 1765842623086}, {"id": "2671432008", "price": 2962.58, "amount": 3.678, "side": "sell", "timestamp": 1765842623090}, {"id": "2671432009", "price": 2962.59, "amount": 0.675, "side": "buy", "timestamp": 1765842623211}, {"id": "2671432010", "price": 2962.58, "amount": 2.058, "side": "sell", "timestamp": 1765842623272}, {"id": "2671432011", "price": 2962.58, "amount": 0.944, "side": "sell", "timestamp": 1765842623391}, {"id": "2671432012", "price": 2962.59, "amount": 22.454, "side": "buy", "timestamp": 1765842623474}, {"id": "2671432013", "price": 2962.58, "amount": 5.129, "side": "sell", "timestamp": 1765842623542}, {"id": "2671432014", "price": 2962.59, "amount": 0.004, "side": "buy", "timestamp": 1765842623639}, {"id": "2671432015", "price": 2962.58, "amount": 0.427, "side": "sell", "timestamp": 1765842623728}, {"id": "2671432016", "price": 2962.58, "amount": 0.03, "side": "sell", "timestamp": 1765842623913}, {"id": "2671432017", "price": 2962.59, "amount": 1.479, "side": "buy", "timestamp": 1765842624119}, {"id": "2671432018", "price": 2962.58, "amount": 1.221, "side": "sell", "timestamp": 1765842624324}, {"id": "2671432019", "price": 2962.58, "amount": 3.033, "side": "sell", "timestamp": 1765842624426}, {"id": "2671432020", "price": 2962.59, "amount": 0.129, "side": "buy", "timestamp": 1765842624641}, {"id": "2671432021", "price": 2962.58, "amount": 0.038, "side": "sell", "timestamp": 1765842624881}, {"id": "2671432022", "price": 2962.59, "amount": 0.117, "side": "buy", "timestamp": 1765842624919}, {"id": "2671432023", "price": 2962.58, "amount": 0.01, "side": "sell", "timestamp": 1765842624935}, {"id": "2671432024", "price": 2962.58, "amount": 1.617, "side": "sell", "timestamp": 1765842625073}, {"id": "2671432025", "price": 2962.59, "amount": 1.465, "side": "buy", "timestamp": 1765842625101}, {"id": "2671432026", "price": 2962.58, "amount": 2.1, "side": "sell", "timestamp": 1765842625239}, {"id": "2671432027", "price": 2962.59, "amount": 0.337, "side": "buy", "timestamp": 1765842625358}, {"id": "2671432028", "price": 2962.59, "amount": 0.192, "side": "buy", "timestamp": 1765842625554}, {"id": "2671432029", "price": 2962.59, "amount": 0.255, "side": "buy", "timestamp": 1765842625661}, {"id": "2671432030", "price": 2962.58, "amount": 0.195, "side": "sell", "timestamp": 1765842625697}, {"id": "2671432031", "price": 2962.58, "amount": 0.834, "side": "sell", "timestamp": 1765842625813}, {"id": "2671432032", "price": 2962.59, "amount": 1.451, "side": "buy", "timestamp": 1765842626055}, {"id": "2671432033", "price": 2962.58, "amount": 1.021, "side": "sell", "timestamp": 1765842626300}, {"id": "2671432034", "price": 2962.59, "amount": 0.034, "side": "buy", "timestamp": 1765842626740}, {"id": "2671432035", "price": 2962.58, "amount": 0.5, "side": "sell", "timestamp": 1765842626791}, {"id": "2671432036", "price": 2962.59, "amount": 0.034, "side": "buy", "timestamp": 1765842626842}, {"id": "2671432037", "price": 2962.58, "amount": 1.091, "side": "sell", "timestamp": 1765842627060}, {"id": "2671432038", "price": 2962.59, "amount": 1.438, "side": "buy", "timestamp": 1765842627067}, {"id": "2671432039", "price": 2962.58, "amount": 1.092, "side": "sell", "timestamp": 1765842627237}, {"id": "2671432040", "price": 2962.59, "amount": 0.5, "side": "buy", "timestamp": 1765842627258}, {"id": "2671432041", "price": 2962.58, "amount": 0.115, "side": "sell", "timestamp": 1765842627412}, {"id": "2671432042", "price": 2962.58, "amount": 0.073, "side": "sell", "timestamp": 1765842627619}, {"id": "2671432043", "price": 2962.58, "amount": 0.182, "side": "sell", "timestamp": 1765842627793}, {"id": "2671432044", "price": 2962.58, "amount": 4.342, "side": "sell", "timestamp": 1765842628031}, {"id": "2671432045", "price": 2962.59, "amount": 0.3, "side": "buy", "timestamp": 1765842628178}, {"id": "2671432046", "price": 2962.58, "amount": 2.764, "side": "sell", "timestamp": 1765842628274}, {"id": "2671432634", "price": 2960.37, "amount": 0.733, "side": "sell", "timestamp": 1765842680999}, {"id": "2671432635", "price": 2960.36, "amount": 0.014, "side": "sell", "timestamp": 1765842681000}, {"id": "2671432636", "price": 2960.35, "amount": 0.437, "side": "sell", "timestamp": 1765842681000}, {"id": "2671432637", "price": 2960.34, "amount": 0.062, "side": "sell", "timestamp": 1765842681000}, {"id": "2671432638", "price": 2960.33, "amount": 0.115, "side": "sell", "timestamp": 1765842681000}, {"id": "2671432639", "price": 2960.32, "amount": 0.041, "side": "sell", "timestamp": 1765842681000}, {"id": "2671432640", "price": 2960.31, "amount": 1.898, "side": "sell", "timestamp": 1765842681000}, {"id": "2671432641", "price": 2960.3, "amount": 0.031, "side": "sell", "timestamp": 1765842681080}, {"id": "2671432642", "price": 2960.29, "amount": 0.635, "side": "sell", "timestamp": 1765842681082}, {"id": "2671432643", "price": 2960.28, "amount": 0.182, "side": "sell", "timestamp": 1765842681083}, {"id": "2671432644", "price": 2960.27, "amount": 0.008, "side": "sell", "timestamp": 1765842681083}, {"id": "2671432645", "price": 2960.25, "amount": 0.065, "side": "sell", "timestamp": 1765842681083}, {"id": "2671432646", "price": 2960.24, "amount": 0.008, "side": "sell", "timestamp": 1765842681083}, {"id": "2671432647", "price": 2960.22, "amount": 0.077, "side": "sell", "timestamp": 1765842681087}, {"id": "2671432648", "price": 2960.21, "amount": 0.008, "side": "sell", "timestamp": 1765842681087}, {"id": "2671432649", "price": 2960.2, "amount": 0.007, "side": "sell", "timestamp": 1765842681336}, {"id": "2671432650", "price": 2960.21, "amount": 0.085, "side": "buy", "timestamp": 1765842681372}, {"id": "2671432651", "price": 2960.2, "amount": 15.002, "side": "sell", "timestamp": 1765842681580}, {"id": "2671432652", "price": 2960.19, "amount": 1.321, "side": "sell", "timestamp": 1765842681580}, {"id": "2671432653", "price": 2960.18, "amount": 0.008, "side": "sell", "timestamp": 1765842681580}, {"id": "2671432654", "price": 2960.17, "amount": 0.007, "side": "sell", "timestamp": 1765842681580}, {"id": "2671432655", "price": 2960.16, "amount": 0.064, "side": "sell", "timestamp": 1765842681580}, {"id": "2671432656", "price": 2960.15, "amount": 1.527, "side": "sell", "timestamp": 1765842681580}, {"id": "2671432657", "price": 2960.14, "amount": 1.414, "side": "sell", "timestamp": 1765842681580}, {"id": "2671432658", "price": 2960.13, "amount": 0.094, "side": "sell", "timestamp": 1765842681580}, {"id": "2671432659", "price": 2960.12, "amount": 0.052, "side": "sell", "timestamp": 1765842681580}, {"id": "2671432660", "price": 2960.11, "amount": 0.007, "side": "sell", "timestamp": 1765842681580}, {"id": "2671432661", "price": 2960.1, "amount": 0.106, "side": "sell", "timestamp": 1765842681580}, {"id": "2671432662", "price": 2960.09, "amount": 0.085, "side": "sell", "timestamp": 1765842681580}, {"id": "2671432663", "price": 2960.08, "amount": 0.022, "side": "sell", "timestamp": 1765842681580}, {"id": "2671432664", "price": 2960.07, "amount": 0.08, "side": "sell", "timestamp": 1765842681580}, {"id": "2671432665", "price": 2960.06, "amount": 10.688, "side": "sell", "timestamp": 1765842681580}, {"id": "2671432666", "price": 2960.05, "amount": 0.684, "side": "sell", "timestamp": 1765842681580}, {"id": "2671432667", "price": 2960.04, "amount": 0.054, "side": "sell", "timestamp": 1765842681580}, {"id": "2671432668", "price": 2960.03, "amount": 0.048, "side": "sell", "timestamp": 1765842681580}, {"id": "2671432669", "price": 2960.02, "amount": 1.741, "side": "sell", "timestamp": 1765842681580}, {"id": "2671432670", "price": 2960.01, "amount": 21.26, "side": "sell", "timestamp": 1765842681580}, {"id": "2671432671", "price": 2960.0, "amount": 15.736, "side": "sell", "timestamp": 1765842681580}, {"id": "2671432672", "price": 2960.01, "amount": 0.007, "side": "buy", "timestamp": 1765842681593}, {"id": "2671432673", "price": 2960.0, "amount": 0.102, "side": "sell", "timestamp": 1765842681784}, {"id": "2671432674", "price": 2960.0, "amount": 13.213, "side": "sell", "timestamp": 1765842682033}, {"id": "2671432675", "price": 2960.0, "amount": 2.214, "side": "sell", "timestamp": 1765842682165}, {"id": "2671432676", "price": 2960.0, "amount": 0.727, "side": "sell", "timestamp": 1765842682420}, {"id": "2671432677", "price": 2960.0, "amount": 0.145, "side": "sell", "timestamp": 1765842682682}, {"id": "2671432678", "price": 2960.0, "amount": 0.523, "side": "sell", "timestamp": 1765842683088}, {"id": "2671432679", "price": 2960.0, "amount": 0.036, "side": "sell", "timestamp": 1765842683197}, {"id": "2671432680", "price": 2960.0, "amount": 0.073, "side": "sell", "timestamp": 1765842683338}, {"id": "2671432681", "price": 2960.01, "amount": 0.1, "side": "buy", "timestamp": 1765842683371}, {"id": "2671432682", "price": 2960.0, "amount": 2.397, "side": "sell", "timestamp": 1765842683421}, {"id": "2671432683", "price": 2960.0, "amount": 1.453, "side": "sell", "timestamp": 1765842683623}, {"id": "2671433913", "price": 2960.01, "amount": 0.38, "side": "buy", "timestamp": 1765842729562}, {"id": "2671433914", "price": 2960.01, "amount": 0.449, "side": "buy", "timestamp": 1765842729814}, {"id": "2671433915", "price": 2960.0, "amount": 0.327, "side": "sell", "timestamp": 1765842730020}, {"id": "2671433916", "price": 2960.01, "amount": 0.008, "side": "buy", "timestamp": 1765842730107}, {"id": "2671433917", "price": 2960.01, "amount": 0.4, "side": "buy", "timestamp": 1765842730285}, {"id": "2671433918", "price": 2960.01, "amount": 1.326, "side": "buy", "timestamp": 1765842730430}, {"id": "2671433919", "price": 2960.01, "amount": 0.135, "side": "buy", "timestamp": 1765842730765}, {"id": "2671433920", "price": 2960.01, "amount": 0.041, "side": "buy", "timestamp": 1765842730945}, {"id": "2671433921", "price": 2960.01, "amount": 0.001, "side": "buy", "timestamp": 1765842731167}, {"id": "2671433922", "price": 2960.0, "amount": 0.662, "side": "sell", "timestamp": 1765842731284}, {"id": "2671433923", "price": 2960.01, "amount": 1.316, "side": "buy", "timestamp": 1765842731369}, {"id": "2671433924", "price": 2960.0, "amount": 0.333, "side": "sell", "timestamp": 1765842731592}, {"id": "2671433925", "price": 2960.01, "amount": 0.004, "side": "buy", "timestamp": 1765842731633}, {"id": "2671433926", "price": 2960.01, "amount": 0.368, "side": "buy", "timestamp": 1765842731987}, {"id": "2671433927", "price": 2960.01, "amount": 4.37, "side": "buy", "timestamp": 1765842732291}, {"id": "2671433928", "price": 2960.01, "amount": 0.078, "side": "buy", "timestamp": 1765842732614}, {"id": "2671433929", "price": 2960.01, "amount": 0.087, "side": "buy", "timestamp": 1765842732819}, {"id": "2671433930", "price": 2960.01, "amount": 1.296, "side": "buy", "timestamp": 1765842733340}, {"id": "2671433931", "price": 2960.01, "amount": 1.343, "side": "buy", "timestamp": 1765842733965}, {"id": "2671433932", "price": 2960.0, "amount": 1.312, "side": "sell", "timestamp": 1765842734037}, {"id": "2671433933", "price": 2960.0, "amount": 0.027, "side": "sell", "timestamp": 1765842734244}, {"id": "2671433934", "price": 2960.01, "amount": 1.287, "side": "buy", "timestamp": 1765842734295}, {"id": "2671433935", "price": 2960.0, "amount": 6.256, "side": "sell", "timestamp": 1765842734461}, {"id": "2671433936", "price": 2960.01, "amount": 3.981, "side": "buy", "timestamp": 1765842734581}, {"id": "2671433937", "price": 2960.0, "amount": 0.017, "side": "sell", "timestamp": 1765842735297}, {"id": "2671433938", "price": 2960.01, "amount": 1.277, "side": "buy", "timestamp": 1765842735385}, {"id": "2671433939", "price": 2960.01, "amount": 0.057, "side": "buy", "timestamp": 1765842736029}, {"id": "2671433940", "price": 2960.0, "amount": 0.38, "side": "sell", "timestamp": 1765842736209}, {"id": "2671433941", "price": 2960.01, "amount": 2.491, "side": "buy", "timestamp": 1765842736336}, {"id": "2671433942", "price": 2960.0, "amount": 3.123, "side": "sell", "timestamp": 1765842736764}, {"id": "2671433943", "price": 2960.01, "amount": 2.479, "side": "buy", "timestamp": 1765842736784}, {"id": "2671433944", "price": 2960.0, "amount": 4.23, "side": "sell", "timestamp": 1765842736812}, {"id": "2671433945", "price": 2960.0, "amount": 0.018, "side": "sell", "timestamp": 1765842736974}, {"id": "2671433946", "price": 2960.0, "amount": 1.287, "side": "sell", "timestamp": 1765842737075}, {"id": "2671433947", "price": 2960.0, "amount": 0.143, "side": "sell", "timestamp": 1765842737222}, {"id": "2671433948", "price": 2960.01, "amount": 1.33, "side": "buy", "timestamp": 1765842737262}, {"id": "2671433949", "price": 2960.0, "amount": 0.035, "side": "sell", "timestamp": 1765842737367}, {"id": "2671433950", "price": 2960.0, "amount": 0.415, "side": "sell", "timestamp": 1765842737817}, {"id": "2671433951", "price": 2960.01, "amount": 0.975, "side": "buy", "timestamp": 1765842737958}, {"id": "2671433952", "price": 2960.0, "amount": 0.582, "side": "sell", "timestamp": 1765842737979}, {"id": "2671433953", "price": 2960.0, "amount": 0.758, "side": "sell", "timestamp": 1765842738117}, {"id": "2671433954", "price": 2960.0, "amount": 0.072, "side": "sell", "timestamp": 1765842738281}, {"id": "2671433955", "price": 2960.0, "amount": 0.82, "side": "sell", "timestamp": 1765842738399}, {"id": "2671433956", "price": 2960.0, "amount": 0.714, "side": "sell", "timestamp": 1765842738585}, {"id": "2671433957", "price": 2960.01, "amount": 0.2, "side": "buy", "timestamp": 1765842738795}, {"id": "2671433958", "price": 2960.0, "amount": 0.31, "side": "sell", "timestamp": 1765842738877}, {"id": "2671433959", "price": 2960.0, "amount": 0.036, "side": "sell", "timestamp": 1765842739086}, {"id": "2671433960", "price": 2960.01, "amount": 0.171, "side": "buy", "timestamp": 1765842739302}, {"id": "2671433961", "price": 2960.0, "amount": 0.347, "side": "sell", "timestamp": 1765842739718}, {"id": "2671433962", "price": 2960.0, "amount": 0.009, "side": "sell", "timestamp": 1765842739894}, {"id": "2671434565", "price": 2959.97, "amount": 0.035, "side": "sell", "timestamp": 1765842786576}, {"id": "2671434566", "price": 2959.98, "amount": 0.719, "side": "buy", "timestamp": 1765842786711}, {"id": "2671434567", "price": 2959.98, "amount": 1.662, "side": "buy", "timestamp": 1765842786885}, {"id": "2671434568", "price": 2959.97, "amount": 1.0, "side": "sell", "timestamp": 1765842787248}, {"id": "2671434569", "price": 2959.98, "amount": 0.012, "side": "buy", "timestamp": 1765842787256}, {"id": "2671434570", "price": 2959.97, "amount": 1.679, "side": "sell", "timestamp": 1765842787372}, {"id": "2671434571", "price": 2959.98, "amount": 0.007, "side": "buy", "timestamp": 1765842788039}, {"id": "2671434572", "price": 2959.98, "amount": 1.013, "side": "buy", "timestamp": 1765842788354}, {"id": "2671434573", "price": 2959.97, "amount": 1.5, "side": "sell", "timestamp": 1765842789044}, {"id": "2671434574", "price": 2959.98, "amount": 0.981, "side": "buy", "timestamp": 1765842789109}, {"id": "2671434575", "price": 2959.98, "amount": 0.011, "side": "buy", "timestamp": 1765842789867}, {"id": "2671434576", "price": 2959.97, "amount": 0.226, "side": "sell", "timestamp": 1765842789886}, {"id": "2671434577", "price": 2959.98, "amount": 0.02, "side": "buy", "timestamp": 1765842789918}, {"id": "2671434578", "price": 2959.98, "amount": 0.04, "side": "buy", "timestamp": 1765842790040}, {"id": "2671434579", "price": 2959.97, "amount": 26.473, "side": "sell", "timestamp": 1765842790315}, {"id": "2671434580", "price": 2959.98, "amount": 0.036, "side": "buy", "timestamp": 1765842790608}, {"id": "2671434581", "price": 2959.98, "amount": 0.05, "side": "buy", "timestamp": 1765842790777}, {"id": "2671434582", "price": 2959.98, "amount": 0.5, "side": "buy", "timestamp": 1765842790890}, {"id": "2671434583", "price": 2959.98, "amount": 0.061, "side": "buy", "timestamp": 1765842791037}, {"id": "2671434584", "price": 2959.97, "amount": 0.211, "side": "sell", "timestamp": 1765842791062}, {"id": "2671434585", "price": 2959.98, "amount": 0.092, "side": "buy", "timestamp": 1765842791188}, {"id": "2671434586", "price": 2959.98, "amount": 4.26, "side": "buy", "timestamp": 1765842791461}, {"id": "2671434587", "price": 2959.97, "amount": 0.074, "side": "sell", "timestamp": 1765842791665}, {"id": "2671434588", "price": 2959.98, "amount": 0.2, "side": "buy", "timestamp": 1765842792002}, {"id": "2671434589", "price": 2959.98, "amount": 0.96, "side": "buy", "timestamp": 1765842792365}, {"id": "2671434590", "price": 2959.97, "amount": 0.013, "side": "sell", "timestamp": 1765842792376}, {"id": "2671434591", "price": 2959.97, "amount": 0.081, "side": "sell", "timestamp": 1765842793681}, {"id": "2671434592", "price": 2959.98, "amount": 1.5, "side": "buy", "timestamp": 1765842793886}, {"id": "2671434593", "price": 2959.97, "amount": 2.703, "side": "sell", "timestamp": 1765842793954}, {"id": "2671434594", "price": 2959.98, "amount": 0.048, "side": "buy", "timestamp": 1765842794007}, {"id": "2671434595", "price": 2959.97, "amount": 35.339, "side": "sell", "timestamp": 1765842794080}, {"id": "2671434596", "price": 2959.96, "amount": 0.116, "side": "sell", "timestamp": 1765842794092}, {"id": "2671434597", "price": 2959.95, "amount": 0.085, "side": "sell", "timestamp": 1765842794092}, {"id": "2671434598", "price": 2959.94, "amount": 0.135, "side": "sell", "timestamp": 1765842794092}, {"id": "2671434599", "price": 2959.93, "amount": 0.062, "side": "sell", "timestamp": 1765842794092}, {"id": "2671434600", "price": 2959.92, "amount": 0.03, "side": "sell", "timestamp": 1765842794093}, {"id": "2671434601", "price": 2959.91, "amount": 0.017, "side": "sell", "timestamp": 1765842794093}, {"id": "2671434602", "price": 2959.9, "amount": 1.066, "side": "sell", "timestamp": 1765842794094}, {"id": "2671434603", "price": 2959.89, "amount": 0.072, "side": "sell", "timestamp": 1765842794094}, {"id": "2671434604", "price": 2959.88, "amount": 7.783, "side": "sell", "timestamp": 1765842794095}, {"id": "2671434605", "price": 2959.88, "amount": 1.689, "side": "sell", "timestamp": 1765842794520}, {"id": "2671434606", "price": 2959.89, "amount": 5.156, "side": "buy", "timestamp": 1765842794772}, {"id": "2671434607", "price": 2959.88, "amount": 9.636, "side": "sell", "timestamp": 1765842795090}, {"id": "2671434608", "price": 2959.87, "amount": 0.751, "side": "sell", "timestamp": 1765842795093}, {"id": "2671434609", "price": 2959.86, "amount": 0.007, "side": "sell", "timestamp": 1765842795093}, {"id": "2671434610", "price": 2959.85, "amount": 0.358, "side": "sell", "timestamp": 1765842795094}, {"id": "2671434611", "price": 2959.86, "amount": 3.31, "side": "buy", "timestamp": 1765842795287}, {"id": "2671434612", "price": 2959.86, "amount": 0.1, "side": "buy", "timestamp": 1765842795454}, {"id": "2671434613", "price": 2959.85, "amount": 0.017, "side": "sell", "timestamp": 1765842795618}, {"id": "2671434614", "price": 2959.86, "amount": 0.05, "side": "buy", "timestamp": 1765842796056}, {"id": "2671435272", "price": 2962.07, "amount": 3.024, "side": "buy", "timestamp": 1765842851616}, {"id": "2671435273", "price": 2962.08, "amount": 0.112, "side": "buy", "timestamp": 1765842851616}, {"id": "2671435274", "price": 2962.09, "amount": 0.189, "side": "buy", "timestamp": 1765842851616}, {"id": "2671435275", "price": 2962.1, "amount": 1.056, "side": "buy", "timestamp": 1765842851616}, {"id": "2671435276", "price": 2962.11, "amount": 1.309, "side": "buy", "timestamp": 1765842851617}, {"id": "2671435277", "price": 2962.12, "amount": 0.061, "side": "buy", "timestamp": 1765842851617}, {"id": "2671435278", "price": 2962.13, "amount": 0.168, "side": "buy", "timestamp": 1765842851617}, {"id": "2671435279", "price": 2962.14, "amount": 0.054, "side": "buy", "timestamp": 1765842851617}, {"id": "2671435280", "price": 2962.15, "amount": 0.037, "side": "buy", "timestamp": 1765842851617}, {"id": "2671435281", "price": 2962.16, "amount": 0.068, "side": "buy", "timestamp": 1765842851617}, {"id": "2671435282", "price": 2962.17, "amount": 0.022, "side": "buy", "timestamp": 1765842851617}, {"id": "2671435283", "price": 2962.18, "amount": 0.523, "side": "buy", "timestamp": 1765842851617}, {"id": "2671435284", "price": 2962.19, "amount": 0.583, "side": "buy", "timestamp": 1765842851617}, {"id": "2671435285", "price": 2962.2, "amount": 0.543, "side": "buy", "timestamp": 1765842851617}, {"id": "2671435286", "price": 2962.21, "amount": 7.844, "side": "buy", "timestamp": 1765842851617}, {"id": "2671435287", "price": 2962.22, "amount": 0.062, "side": "buy", "timestamp": 1765842851617}, {"id": "2671435288", "price": 2962.23, "amount": 0.047, "side": "buy", "timestamp": 1765842851617}, {"id": "2671435289", "price": 2962.24, "amount": 0.516, "side": "buy", "timestamp": 1765842851617}, {"id": "2671435290", "price": 2962.25, "amount": 4.479, "side": "buy", "timestamp": 1765842851617}, {"id": "2671435291", "price": 2962.26, "amount": 0.696, "side": "buy", "timestamp": 1765842851617}, {"id": "2671435292", "price": 2962.27, "amount": 0.037, "side": "buy", "timestamp": 1765842851617}, {"id": "2671435293", "price": 2962.28, "amount": 6.806, "side": "buy", "timestamp": 1765842851617}, {"id": "2671435294", "price": 2962.29, "amount": 4.262, "side": "buy", "timestamp": 1765842851617}, {"id": "2671435295", "price": 2962.28, "amount": 4.158, "side": "sell", "timestamp": 1765842851630}, {"id": "2671435296", "price": 2962.29, "amount": 0.507, "side": "buy", "timestamp": 1765842851630}, {"id": "2671435297", "price": 2962.28, "amount": 9.098, "side": "sell", "timestamp": 1765842851630}, {"id": "2671435298", "price": 2962.29, "amount": 0.861, "side": "buy", "timestamp": 1765842851632}, {"id": "2671435299", "price": 2962.28, "amount": 29.804, "side": "sell", "timestamp": 1765842851634}, {"id": "2671435300", "price": 2962.27, "amount": 0.057, "side": "sell", "timestamp": 1765842851635}, {"id": "2671435301", "price": 2962.28, "amount": 6.559, "side": "sell", "timestamp": 1765842851635}, {"id": "2671435302", "price": 2962.25, "amount": 0.451, "side": "sell", "timestamp": 1765842851636}, {"id": "2671435303", "price": 2962.28, "amount": 0.166, "side": "sell", "timestamp": 1765842851639}, {"id": "2671435304", "price": 2962.24, "amount": 0.097, "side": "sell", "timestamp": 1765842851642}, {"id": "2671435305", "price": 2962.21, "amount": 0.048, "side": "sell", "timestamp": 1765842851642}, {"id": "2671435306", "price": 2962.2, "amount": 0.035, "side": "sell", "timestamp": 1765842851645}, {"id": "2671435307", "price": 2962.18, "amount": 0.069, "side": "sell", "timestamp": 1765842851648}, {"id": "2671435308", "price": 2962.17, "amount": 0.351, "side": "sell", "timestamp": 1765842851648}, {"id": "2671435309", "price": 2962.16, "amount": 0.105, "side": "sell", "timestamp": 1765842851649}, {"id": "2671435310", "price": 2962.15, "amount": 0.048, "side": "sell", "timestamp": 1765842851649}, {"id": "2671435311", "price": 2962.12, "amount": 0.048, "side": "sell", "timestamp": 1765842851649}, {"id": "2671435312", "price": 2962.09, "amount": 0.048, "side": "sell", "timestamp": 1765842851651}, {"id": "2671435313", "price": 2962.08, "amount": 0.867, "side": "sell", "timestamp": 1765842851651}, {"id": "2671435314", "price": 2962.07, "amount": 0.025, "side": "sell", "timestamp": 1765842851651}, {"id": "2671435315", "price": 2962.06, "amount": 0.048, "side": "sell", "timestamp": 1765842851651}, {"id": "2671435316", "price": 2962.05, "amount": 0.021, "side": "sell", "timestamp": 1765842851651}, {"id": "2671435317", "price": 2962.02, "amount": 0.03, "side": "sell", "timestamp": 1765842851665}, {"id": "2671435318", "price": 2962.02, "amount": 0.052, "side": "buy", "timestamp": 1765842851666}, {"id": "2671435319", "price": 2962.01, "amount": 0.068, "side": "sell", "timestamp": 1765842851671}, {"id": "2671435320", "price": 2962.0, "amount": 0.047, "side": "sell", "timestamp": 1765842851671}, {"id": "2671435321", "price": 2961.98, "amount": 0.16, "side": "sell", "timestamp": 1765842851678}, {"id": "2671435846", "price": 2963.24, "amount": 0.048, "side": "buy", "timestamp": 1765842905962}, {"id": "2671435847", "price": 2963.25, "amount": 0.024, "side": "buy", "timestamp": 1765842905962}, {"id": "2671435848", "price": 2963.27, "amount": 0.187, "side": "buy", "timestamp": 1765842905983}, {"id": "2671435849", "price": 2963.28, "amount": 0.008, "side": "buy", "timestamp": 1765842905983}, {"id": "2671435850", "price": 2963.29, "amount": 0.008, "side": "buy", "timestamp": 1765842905983}, {"id": "2671435851", "price": 2963.3, "amount": 0.048, "side": "buy", "timestamp": 1765842905983}, {"id": "2671435852", "price": 2963.31, "amount": 0.583, "side": "buy", "timestamp": 1765842905983}, {"id": "2671435853", "price": 2963.32, "amount": 0.022, "side": "buy", "timestamp": 1765842905983}, {"id": "2671435854", "price": 2963.33, "amount": 0.363, "side": "buy", "timestamp": 1765842905983}, {"id": "2671435855", "price": 2963.34, "amount": 0.041, "side": "buy", "timestamp": 1765842905983}, {"id": "2671435856", "price": 2963.35, "amount": 0.023, "side": "buy", "timestamp": 1765842905985}, {"id": "2671435857", "price": 2963.36, "amount": 0.076, "side": "buy", "timestamp": 1765842905985}, {"id": "2671435858", "price": 2963.37, "amount": 0.008, "side": "buy", "timestamp": 1765842905985}, {"id": "2671435859", "price": 2963.38, "amount": 0.011, "side": "buy", "timestamp": 1765842905985}, {"id": "2671435860", "price": 2963.39, "amount": 0.062, "side": "buy", "timestamp": 1765842905985}, {"id": "2671435861", "price": 2963.4, "amount": 0.586, "side": "buy", "timestamp": 1765842905985}, {"id": "2671435862", "price": 2963.41, "amount": 0.014, "side": "buy", "timestamp": 1765842905986}, {"id": "2671435863", "price": 2963.42, "amount": 0.027, "side": "buy", "timestamp": 1765842905986}, {"id": "2671435864", "price": 2963.41, "amount": 0.277, "side": "sell", "timestamp": 1765842905989}, {"id": "2671435865", "price": 2963.42, "amount": 0.148, "side": "buy", "timestamp": 1765842905996}, {"id": "2671435866", "price": 2963.43, "amount": 1.312, "side": "buy", "timestamp": 1765842906017}, {"id": "2671435867", "price": 2963.45, "amount": 0.048, "side": "buy", "timestamp": 1765842906017}, {"id": "2671435868", "price": 2963.46, "amount": 0.017, "side": "buy", "timestamp": 1765842906017}, {"id": "2671435869", "price": 2963.47, "amount": 0.008, "side": "buy", "timestamp": 1765842906017}, {"id": "2671435870", "price": 2963.48, "amount": 0.071, "side": "buy", "timestamp": 1765842906017}, {"id": "2671435871", "price": 2963.49, "amount": 0.142, "side": "buy", "timestamp": 1765842906017}, {"id": "2671435872", "price": 2963.5, "amount": 0.281, "side": "buy", "timestamp": 1765842906019}, {"id": "2671435873", "price": 2963.51, "amount": 0.064, "side": "buy", "timestamp": 1765842906020}, {"id": "2671435874", "price": 2963.52, "amount": 0.018, "side": "buy", "timestamp": 1765842906020}, {"id": "2671435875", "price": 2963.53, "amount": 0.022, "side": "buy", "timestamp": 1765842906020}, {"id": "2671435876", "price": 2963.54, "amount": 0.04, "side": "buy", "timestamp": 1765842906020}, {"id": "2671435877", "price": 2963.55, "amount": 0.273, "side": "buy", "timestamp": 1765842906074}, {"id": "2671435878", "price": 2963.56, "amount": 0.001, "side": "buy", "timestamp": 1765842906074}, {"id": "2671435879", "price": 2963.55, "amount": 13.527, "side": "sell", "timestamp": 1765842906078}, {"id": "2671435880", "price": 2963.56, "amount": 0.007, "side": "buy", "timestamp": 1765842906083}, {"id": "2671435881", "price": 2963.57, "amount": 0.048, "side": "buy", "timestamp": 1765842906083}, {"id": "2671435882", "price": 2963.59, "amount": 0.027, "side": "buy", "timestamp": 1765842906083}, {"id": "2671435883", "price": 2963.6, "amount": 0.055, "side": "buy", "timestamp": 1765842906083}, {"id": "2671435884", "price": 2963.62, "amount": 0.016, "side": "buy", "timestamp": 1765842906084}, {"id": "2671435885", "price": 2963.63, "amount": 0.127, "side": "buy", "timestamp": 1765842906084}, {"id": "2671435886", "price": 2963.65, "amount": 0.007, "side": "buy", "timestamp": 1765842906101}, {"id": "2671435887", "price": 2963.66, "amount": 0.04, "side": "buy", "timestamp": 1765842906101}, {"id": "2671435888", "price": 2963.67, "amount": 0.008, "side": "buy", "timestamp": 1765842906101}, {"id": "2671435889", "price": 2963.68, "amount": 0.014, "side": "buy", "timestamp": 1765842906101}, {"id": "2671435890", "price": 2963.69, "amount": 0.082, "side": "buy", "timestamp": 1765842906101}, {"id": "2671435891", "price": 2963.69, "amount": 1.396, "side": "sell", "timestamp": 1765842906235}, {"id": "2671435892", "price": 2963.7, "amount": 0.009, "side": "buy", "timestamp": 1765842906268}, {"id": "2671435893", "price": 2963.69, "amount": 0.292, "side": "sell", "timestamp": 1765842906639}, {"id": "2671435894", "price": 2963.7, "amount": 0.1, "side": "buy", "timestamp": 1765842906823}, {"id": "2671435895", "price": 2963.69, "amount": 0.708, "side": "sell", "timestamp": 1765842907048}, {"id": "2671436460", "price": 2962.19, "amount": 0.07, "side": "sell", "timestamp": 1765842956216}, {"id": "2671436461", "price": 2962.18, "amount": 0.025, "side": "sell", "timestamp": 1765842956216}, {"id": "2671436462", "price": 2962.16, "amount": 0.048, "side": "sell", "timestamp": 1765842956216}, {"id": "2671436463", "price": 2962.15, "amount": 0.01, "side": "sell", "timestamp": 1765842956216}, {"id": "2671436464", "price": 2962.14, "amount": 0.108, "side": "sell", "timestamp": 1765842956216}, {"id": "2671436465", "price": 2962.13, "amount": 0.054, "side": "sell", "timestamp": 1765842956216}, {"id": "2671436466", "price": 2962.12, "amount": 0.037, "side": "sell", "timestamp": 1765842956216}, {"id": "2671436467", "price": 2962.11, "amount": 0.286, "side": "sell", "timestamp": 1765842956217}, {"id": "2671436468", "price": 2962.11, "amount": 2.039, "side": "sell", "timestamp": 1765842956642}, {"id": "2671436469", "price": 2962.1, "amount": 0.068, "side": "sell", "timestamp": 1765842956740}, {"id": "2671436470", "price": 2962.09, "amount": 0.008, "side": "sell", "timestamp": 1765842956740}, {"id": "2671436471", "price": 2962.08, "amount": 0.015, "side": "sell", "timestamp": 1765842956740}, {"id": "2671436472", "price": 2962.07, "amount": 1.283, "side": "sell", "timestamp": 1765842956742}, {"id": "2671436473", "price": 2962.06, "amount": 0.08, "side": "sell", "timestamp": 1765842956742}, {"id": "2671436474", "price": 2962.05, "amount": 0.221, "side": "sell", "timestamp": 1765842956742}, {"id": "2671436475", "price": 2962.04, "amount": 0.015, "side": "sell", "timestamp": 1765842956743}, {"id": "2671436476", "price": 2962.03, "amount": 0.054, "side": "sell", "timestamp": 1765842956743}, {"id": "2671436477", "price": 2962.02, "amount": 0.018, "side": "sell", "timestamp": 1765842956743}, {"id": "2671436478", "price": 2962.01, "amount": 0.201, "side": "sell", "timestamp": 1765842956743}, {"id": "2671436479", "price": 2962.0, "amount": 0.768, "side": "sell", "timestamp": 1765842956743}, {"id": "2671436480", "price": 2961.99, "amount": 0.074, "side": "sell", "timestamp": 1765842956743}, {"id": "2671436481", "price": 2961.98, "amount": 0.008, "side": "sell", "timestamp": 1765842956743}, {"id": "2671436482", "price": 2961.97, "amount": 0.008, "side": "sell", "timestamp": 1765842956743}, {"id": "2671436483", "price": 2961.96, "amount": 0.01, "side": "sell", "timestamp": 1765842956743}, {"id": "2671436484", "price": 2961.95, "amount": 0.055, "side": "sell", "timestamp": 1765842956743}, {"id": "2671436485", "price": 2961.94, "amount": 0.008, "side": "sell", "timestamp": 1765842956743}, {"id": "2671436486", "price": 2961.93, "amount": 0.422, "side": "sell", "timestamp": 1765842956752}, {"id": "2671436487", "price": 2961.93, "amount": 1.407, "side": "sell", "timestamp": 1765842957288}, {"id": "2671436488", "price": 2961.94, "amount": 0.12, "side": "buy", "timestamp": 1765842957470}, {"id": "2671436489", "price": 2961.93, "amount": 0.052, "side": "sell", "timestamp": 1765842957920}, {"id": "2671436490", "price": 2961.94, "amount": 3.223, "side": "buy", "timestamp": 1765842957933}, {"id": "2671436491", "price": 2961.93, "amount": 0.42, "side": "sell", "timestamp": 1765842957970}, {"id": "2671436492", "price": 2961.94, "amount": 0.221, "side": "buy", "timestamp": 1765842958020}, {"id": "2671436493", "price": 2961.94, "amount": 0.168, "side": "buy", "timestamp": 1765842958226}, {"id": "2671436494", "price": 2961.93, "amount": 1.566, "side": "sell", "timestamp": 1765842958231}, {"id": "2671436495", "price": 2961.93, "amount": 1.276, "side": "sell", "timestamp": 1765842958428}, {"id": "2671436496", "price": 2961.94, "amount": 0.011, "side": "buy", "timestamp": 1765842958860}, {"id": "2671436497", "price": 2961.93, "amount": 0.025, "side": "sell", "timestamp": 1765842959044}, {"id": "2671436498", "price": 2961.93, "amount": 1.387, "side": "sell", "timestamp": 1765842959215}, {"id": "2671436499", "price": 2961.94, "amount": 0.4, "side": "buy", "timestamp": 1765842959712}, {"id": "2671436500", "price": 2961.94, "amount": 2.607, "side": "buy", "timestamp": 1765842959937}, {"id": "2671436501", "price": 2961.93, "amount": 1.378, "side": "sell", "timestamp": 1765842960155}, {"id": "2671436502", "price": 2961.93, "amount": 0.884, "side": "sell", "timestamp": 1765842960763}, {"id": "2671436503", "price": 2961.93, "amount": 0.307, "side": "sell", "timestamp": 1765842960916}, {"id": "2671436504", "price": 2961.93, "amount": 1.368, "side": "sell", "timestamp": 1765842961166}, {"id": "2671436505", "price": 2961.94, "amount": 0.968, "side": "buy", "timestamp": 1765842961389}, {"id": "2671436506", "price": 2961.93, "amount": 0.012, "side": "sell", "timestamp": 1765842961415}, {"id": "2671436507", "price": 2961.94, "amount": 0.007, "side": "buy", "timestamp": 1765842961879}, {"id": "2671436508", "price": 2961.93, "amount": 1.358, "side": "sell", "timestamp": 1765842962108}, {"id": "2671436509", "price": 2961.94, "amount": 0.337, "side": "buy", "timestamp": 1765842962319}, {"id": "2671437104", "price": 2962.75, "amount": 0.023, "side": "sell", "timestamp": 1765843006223}, {"id": "2671437105", "price": 2962.74, "amount": 0.063, "side": "sell", "timestamp": 1765843006223}, {"id": "2671437106", "price": 2962.72, "amount": 0.021, "side": "sell", "timestamp": 1765843006223}, {"id": "2671437107", "price": 2962.71, "amount": 0.155, "side": "sell", "timestamp": 1765843006223}, {"id": "2671437108", "price": 2962.69, "amount": 0.238, "side": "sell", "timestamp": 1765843006223}, {"id": "2671437109", "price": 2962.7, "amount": 0.506, "side": "buy", "timestamp": 1765843006347}, {"id": "2671437110", "price": 2962.69, "amount": 0.036, "side": "sell", "timestamp": 1765843006903}, {"id": "2671437111", "price": 2962.7, "amount": 0.008, "side": "buy", "timestamp": 1765843007247}, {"id": "2671437112", "price": 2962.69, "amount": 0.96, "side": "sell", "timestamp": 1765843007250}, {"id": "2671437113", "price": 2962.7, "amount": 0.252, "side": "buy", "timestamp": 1765843007405}, {"id": "2671437114", "price": 2962.69, "amount": 0.953, "side": "sell", "timestamp": 1765843008220}, {"id": "2671437115", "price": 2962.7, "amount": 0.341, "side": "buy", "timestamp": 1765843008443}, {"id": "2671437116", "price": 2962.69, "amount": 0.944, "side": "sell", "timestamp": 1765843008825}, {"id": "2671437117", "price": 2962.69, "amount": 0.43, "side": "sell", "timestamp": 1765843008993}, {"id": "2671437118", "price": 2962.69, "amount": 0.675, "side": "sell", "timestamp": 1765843009146}, {"id": "2671437119", "price": 2962.69, "amount": 0.946, "side": "sell", "timestamp": 1765843009316}, {"id": "2671437120", "price": 2962.69, "amount": 0.003, "side": "sell", "timestamp": 1765843010039}, {"id": "2671437121", "price": 2962.7, "amount": 0.521, "side": "buy", "timestamp": 1765843010065}, {"id": "2671437122", "price": 2962.7, "amount": 1.976, "side": "buy", "timestamp": 1765843010299}, {"id": "2671437123", "price": 2962.69, "amount": 0.939, "side": "sell", "timestamp": 1765843010304}, {"id": "2671437124", "price": 2962.69, "amount": 0.207, "side": "sell", "timestamp": 1765843010427}, {"id": "2671437125", "price": 2962.69, "amount": 0.192, "side": "sell", "timestamp": 1765843010782}, {"id": "2671437126", "price": 2962.69, "amount": 0.312, "side": "sell", "timestamp": 1765843010935}, {"id": "2671437127", "price": 2962.7, "amount": 0.024, "side": "buy", "timestamp": 1765843011053}, {"id": "2671437128", "price": 2962.69, "amount": 0.932, "side": "sell", "timestamp": 1765843011234}, {"id": "2671437129", "price": 2962.7, "amount": 0.322, "side": "buy", "timestamp": 1765843011342}, {"id": "2671437130", "price": 2962.7, "amount": 0.168, "side": "buy", "timestamp": 1765843011959}, {"id": "2671437131", "price": 2962.7, "amount": 0.222, "side": "buy", "timestamp": 1765843012148}, {"id": "2671437132", "price": 2962.69, "amount": 1.046, "side": "sell", "timestamp": 1765843012181}, {"id": "2671437133", "price": 2962.69, "amount": 0.766, "side": "sell", "timestamp": 1765843012354}, {"id": "2671437134", "price": 2962.69, "amount": 0.188, "side": "sell", "timestamp": 1765843012493}, {"id": "2671437135", "price": 2962.69, "amount": 0.007, "side": "sell", "timestamp": 1765843012741}, {"id": "2671437136", "price": 2962.69, "amount": 0.09, "side": "sell", "timestamp": 1765843013034}, {"id": "2671437137", "price": 2962.69, "amount": 0.918, "side": "sell", "timestamp": 1765843013191}, {"id": "2671437138", "price": 2962.7, "amount": 0.01, "side": "buy", "timestamp": 1765843013812}, {"id": "2671437139", "price": 2962.69, "amount": 2.586, "side": "sell", "timestamp": 1765843013973}, {"id": "2671437140", "price": 2962.69, "amount": 0.911, "side": "sell", "timestamp": 1765843014161}, {"id": "2671437141", "price": 2962.7, "amount": 0.026, "side": "buy", "timestamp": 1765843014212}, {"id": "2671437142", "price": 2962.69, "amount": 0.018, "side": "sell", "timestamp": 1765843014529}, {"id": "2671437143", "price": 2962.7, "amount": 2.682, "side": "buy", "timestamp": 1765843014697}, {"id": "2671437144", "price": 2962.69, "amount": 0.153, "side": "sell", "timestamp": 1765843014894}, {"id": "2671437145", "price": 2962.7, "amount": 0.063, "side": "buy", "timestamp": 1765843014899}, {"id": "2671437146", "price": 2962.69, "amount": 0.914, "side": "sell", "timestamp": 1765843015132}, {"id": "2671437147", "price": 2962.7, "amount": 0.033, "side": "buy", "timestamp": 1765843015235}, {"id": "2671437148", "price": 2962.7, "amount": 0.03, "side": "buy", "timestamp": 1765843015935}, {"id": "2671437149", "price": 2962.69, "amount": 0.898, "side": "sell", "timestamp": 1765843016147}, {"id": "2671437150", "price": 2962.7, "amount": 3.015, "side": "buy", "timestamp": 1765843016197}, {"id": "2671437151", "price": 2962.7, "amount": 0.068, "side": "buy", "timestamp": 1765843016561}, {"id": "2671437152", "price": 2962.69, "amount": 0.891, "side": "sell", "timestamp": 1765843017172}, {"id": "2671437153", "price": 2962.7, "amount": 0.72, "side": "buy", "timestamp": 1765843017196}, {"id": "2671437686", "price": 2962.91, "amount": 0.04, "side": "sell", "timestamp": 1765843065585}, {"id": "2671437687", "price": 2962.9, "amount": 0.029, "side": "sell", "timestamp": 1765843065585}, {"id": "2671437688", "price": 2962.89, "amount": 0.002, "side": "sell", "timestamp": 1765843065585}, {"id": "2671437689", "price": 2962.89, "amount": 0.765, "side": "sell", "timestamp": 1765843065734}, {"id": "2671437690", "price": 2962.9, "amount": 0.05, "side": "buy", "timestamp": 1765843066001}, {"id": "2671437691", "price": 2962.89, "amount": 0.007, "side": "sell", "timestamp": 1765843066179}, {"id": "2671437692", "price": 2962.9, "amount": 2.0, "side": "buy", "timestamp": 1765843066239}, {"id": "2671437693", "price": 2962.9, "amount": 1.349, "side": "buy", "timestamp": 1765843066467}, {"id": "2671437694", "price": 2962.89, "amount": 1.247, "side": "sell", "timestamp": 1765843066861}, {"id": "2671437695", "price": 2962.88, "amount": 0.047, "side": "sell", "timestamp": 1765843066861}, {"id": "2671437696", "price": 2962.87, "amount": 0.091, "side": "sell", "timestamp": 1765843066861}, {"id": "2671437697", "price": 2962.86, "amount": 0.008, "side": "sell", "timestamp": 1765843066861}, {"id": "2671437698", "price": 2962.85, "amount": 0.04, "side": "sell", "timestamp": 1765843066863}, {"id": "2671437699", "price": 2962.84, "amount": 0.007, "side": "sell", "timestamp": 1765843066863}, {"id": "2671437700", "price": 2962.83, "amount": 0.014, "side": "sell", "timestamp": 1765843066865}, {"id": "2671437701", "price": 2962.82, "amount": 0.022, "side": "sell", "timestamp": 1765843066865}, {"id": "2671437702", "price": 2962.81, "amount": 0.205, "side": "sell", "timestamp": 1765843066869}, {"id": "2671437703", "price": 2962.8, "amount": 0.009, "side": "sell", "timestamp": 1765843066894}, {"id": "2671437704", "price": 2962.8, "amount": 0.843, "side": "sell", "timestamp": 1765843067612}, {"id": "2671437705", "price": 2962.81, "amount": 1.214, "side": "buy", "timestamp": 1765843067856}, {"id": "2671437706", "price": 2962.81, "amount": 4.25, "side": "buy", "timestamp": 1765843068773}, {"id": "2671437707", "price": 2962.81, "amount": 2.627, "side": "buy", "timestamp": 1765843069146}, {"id": "2671437708", "price": 2962.82, "amount": 0.015, "side": "buy", "timestamp": 1765843069166}, {"id": "2671437709", "price": 2962.84, "amount": 0.04, "side": "buy", "timestamp": 1765843069168}, {"id": "2671437710", "price": 2962.85, "amount": 0.007, "side": "buy", "timestamp": 1765843069168}, {"id": "2671437711", "price": 2962.87, "amount": 0.058, "side": "buy", "timestamp": 1765843069171}, {"id": "2671437712", "price": 2962.88, "amount": 0.014, "side": "buy", "timestamp": 1765843069174}, {"id": "2671437713", "price": 2962.89, "amount": 0.007, "side": "buy", "timestamp": 1765843069176}, {"id": "2671437714", "price": 2962.9, "amount": 0.925, "side": "buy", "timestamp": 1765843069176}, {"id": "2671437715", "price": 2962.91, "amount": 0.131, "side": "buy", "timestamp": 1765843069177}, {"id": "2671437716", "price": 2962.92, "amount": 0.015, "side": "buy", "timestamp": 1765843069177}, {"id": "2671437717", "price": 2962.93, "amount": 0.008, "side": "buy", "timestamp": 1765843069177}, {"id": "2671437718", "price": 2962.94, "amount": 0.063, "side": "buy", "timestamp": 1765843069177}, {"id": "2671437719", "price": 2962.95, "amount": 0.014, "side": "buy", "timestamp": 1765843069177}, {"id": "2671437720", "price": 2962.96, "amount": 0.009, "side": "buy", "timestamp": 1765843069177}, {"id": "2671437721", "price": 2962.97, "amount": 0.008, "side": "buy", "timestamp": 1765843069177}, {"id": "2671437722", "price": 2962.98, "amount": 3.805, "side": "buy", "timestamp": 1765843069177}, {"id": "2671437723", "price": 2962.99, "amount": 0.081, "side": "buy", "timestamp": 1765843069181}, {"id": "2671437724", "price": 2963.0, "amount": 0.029, "side": "buy", "timestamp": 1765843069181}, {"id": "2671437725", "price": 2963.01, "amount": 0.319, "side": "buy", "timestamp": 1765843069185}, {"id": "2671437726", "price": 2963.02, "amount": 0.008, "side": "buy", "timestamp": 1765843069190}, {"id": "2671437727", "price": 2963.03, "amount": 0.005, "side": "buy", "timestamp": 1765843069190}, {"id": "2671437728", "price": 2963.04, "amount": 0.188, "side": "buy", "timestamp": 1765843069193}, {"id": "2671437729", "price": 2963.06, "amount": 0.008, "side": "buy", "timestamp": 1765843069195}, {"id": "2671437730", "price": 2963.06, "amount": 0.008, "side": "sell", "timestamp": 1765843069774}, {"id": "2671437731", "price": 2963.07, "amount": 0.162, "side": "buy", "timestamp": 1765843070008}, {"id": "2671437732", "price": 2963.07, "amount": 0.015, "side": "buy", "timestamp": 1765843071093}, {"id": "2671437733", "price": 2963.07, "amount": 1.687, "side": "buy", "timestamp": 1765843071243}, {"id": "2671437734", "price": 2963.07, "amount": 0.653, "side": "buy", "timestamp": 1765843071500}, {"id": "2671437735", "price": 2963.07, "amount": 1.012, "side": "buy", "timestamp": 1765843072589}, {"id": "2671438108", "price": 2963.5, "amount": 0.05, "side": "buy", "timestamp": 1765843120019}, {"id": "2671438109", "price": 2963.49, "amount": 1.557, "side": "sell", "timestamp": 1765843120043}, {"id": "2671438110", "price": 2963.48, "amount": 0.007, "side": "sell", "timestamp": 1765843120043}, {"id": "2671438111", "price": 2963.46, "amount": 0.048, "side": "sell", "timestamp": 1765843120043}, {"id": "2671438112", "price": 2963.43, "amount": 0.055, "side": "sell", "timestamp": 1765843120045}, {"id": "2671438113", "price": 2963.42, "amount": 0.014, "side": "sell", "timestamp": 1765843120045}, {"id": "2671438114", "price": 2963.4, "amount": 0.112, "side": "sell", "timestamp": 1765843120048}, {"id": "2671438115", "price": 2963.38, "amount": 0.04, "side": "sell", "timestamp": 1765843120048}, {"id": "2671438116", "price": 2963.37, "amount": 0.008, "side": "sell", "timestamp": 1765843120048}, {"id": "2671438117", "price": 2963.35, "amount": 0.04, "side": "sell", "timestamp": 1765843120048}, {"id": "2671438118", "price": 2963.34, "amount": 0.061, "side": "sell", "timestamp": 1765843120052}, {"id": "2671438119", "price": 2963.33, "amount": 0.007, "side": "sell", "timestamp": 1765843120052}, {"id": "2671438120", "price": 2963.31, "amount": 0.008, "side": "sell", "timestamp": 1765843120052}, {"id": "2671438121", "price": 2963.29, "amount": 0.04, "side": "sell", "timestamp": 1765843120052}, {"id": "2671438122", "price": 2963.28, "amount": 0.157, "side": "sell", "timestamp": 1765843120354}, {"id": "2671438123", "price": 2963.28, "amount": 0.075, "side": "sell", "timestamp": 1765843120784}, {"id": "2671438124", "price": 2963.29, "amount": 3.827, "side": "buy", "timestamp": 1765843121015}, {"id": "2671438125", "price": 2963.28, "amount": 0.143, "side": "sell", "timestamp": 1765843121119}, {"id": "2671438126", "price": 2963.29, "amount": 0.857, "side": "buy", "timestamp": 1765843121238}, {"id": "2671438127", "price": 2963.29, "amount": 0.345, "side": "buy", "timestamp": 1765843121970}, {"id": "2671438128", "price": 2963.29, "amount": 0.506, "side": "buy", "timestamp": 1765843123864}, {"id": "2671438129", "price": 2963.29, "amount": 0.211, "side": "buy", "timestamp": 1765843124271}, {"id": "2671438130", "price": 2963.28, "amount": 0.258, "side": "sell", "timestamp": 1765843124437}, {"id": "2671438131", "price": 2963.28, "amount": 0.674, "side": "sell", "timestamp": 1765843125022}, {"id": "2671438132", "price": 2963.29, "amount": 0.409, "side": "buy", "timestamp": 1765843125225}, {"id": "2671438133", "price": 2963.3, "amount": 0.058, "side": "buy", "timestamp": 1765843125231}, {"id": "2671438134", "price": 2963.32, "amount": 0.04, "side": "buy", "timestamp": 1765843125231}, {"id": "2671438135", "price": 2963.33, "amount": 0.008, "side": "buy", "timestamp": 1765843125231}, {"id": "2671438136", "price": 2963.34, "amount": 0.014, "side": "buy", "timestamp": 1765843125231}, {"id": "2671438137", "price": 2963.35, "amount": 0.04, "side": "buy", "timestamp": 1765843125231}, {"id": "2671438138", "price": 2963.36, "amount": 0.37, "side": "buy", "timestamp": 1765843125234}, {"id": "2671438139", "price": 2963.35, "amount": 5.723, "side": "sell", "timestamp": 1765843125662}, {"id": "2671438140", "price": 2963.36, "amount": 0.319, "side": "buy", "timestamp": 1765843126097}, {"id": "2671438141", "price": 2963.35, "amount": 0.01, "side": "sell", "timestamp": 1765843127362}, {"id": "2671438142", "price": 2963.35, "amount": 0.749, "side": "sell", "timestamp": 1765843128006}, {"id": "2671438143", "price": 2963.36, "amount": 0.367, "side": "buy", "timestamp": 1765843128805}, {"id": "2671438144", "price": 2963.36, "amount": 0.187, "side": "buy", "timestamp": 1765843129144}, {"id": "2671438145", "price": 2963.36, "amount": 0.931, "side": "buy", "timestamp": 1765843129571}, {"id": "2671438146", "price": 2963.36, "amount": 0.052, "side": "buy", "timestamp": 1765843129690}, {"id": "2671438147", "price": 2963.35, "amount": 0.008, "side": "sell", "timestamp": 1765843130299}, {"id": "2671438148", "price": 2963.35, "amount": 24.059, "side": "sell", "timestamp": 1765843130709}, {"id": "2671438149", "price": 2963.34, "amount": 0.047, "side": "sell", "timestamp": 1765843130709}, {"id": "2671438150", "price": 2963.33, "amount": 0.007, "side": "sell", "timestamp": 1765843130709}, {"id": "2671438151", "price": 2963.31, "amount": 0.055, "side": "sell", "timestamp": 1765843130709}, {"id": "2671438152", "price": 2963.3, "amount": 0.021, "side": "sell", "timestamp": 1765843130709}, {"id": "2671438153", "price": 2963.29, "amount": 1.997, "side": "sell", "timestamp": 1765843130709}, {"id": "2671438154", "price": 2963.28, "amount": 10.305, "side": "sell", "timestamp": 1765843130709}, {"id": "2671438155", "price": 2963.27, "amount": 0.007, "side": "sell", "timestamp": 1765843130709}, {"id": "2671438156", "price": 2963.26, "amount": 0.094, "side": "sell", "timestamp": 1765843130709}, {"id": "2671438157", "price": 2963.25, "amount": 0.029, "side": "sell", "timestamp": 1765843130709}, {"id": "2671438552", "price": 2963.4, "amount": 0.966, "side": "sell", "timestamp": 1765843177145}, {"id": "2671438553", "price": 2963.39, "amount": 0.014, "side": "sell", "timestamp": 1765843177145}, {"id": "2671438554", "price": 2963.38, "amount": 0.008, "side": "sell", "timestamp": 1765843177145}, {"id": "2671438555", "price": 2963.37, "amount": 1.353, "side": "sell", "timestamp": 1765843177247}, {"id": "2671438556", "price": 2963.37, "amount": 1.214, "side": "sell", "timestamp": 1765843177563}, {"id": "2671438557", "price": 2963.38, "amount": 0.061, "side": "buy", "timestamp": 1765843177831}, {"id": "2671438558", "price": 2963.37, "amount": 11.503, "side": "sell", "timestamp": 1765843177964}, {"id": "2671438559", "price": 2963.38, "amount": 2.282, "side": "buy", "timestamp": 1765843178214}, {"id": "2671438560", "price": 2963.37, "amount": 0.241, "side": "sell", "timestamp": 1765843178382}, {"id": "2671438561", "price": 2963.37, "amount": 23.927, "side": "sell", "timestamp": 1765843178487}, {"id": "2671438562", "price": 2963.37, "amount": 0.359, "side": "sell", "timestamp": 1765843178600}, {"id": "2671438563", "price": 2963.36, "amount": 0.242, "side": "sell", "timestamp": 1765843178603}, {"id": "2671438564", "price": 2963.36, "amount": 6.87, "side": "sell", "timestamp": 1765843178744}, {"id": "2671438565", "price": 2963.37, "amount": 3.651, "side": "buy", "timestamp": 1765843178880}, {"id": "2671438566", "price": 2963.36, "amount": 0.086, "side": "sell", "timestamp": 1765843179324}, {"id": "2671438567", "price": 2963.37, "amount": 0.168, "side": "buy", "timestamp": 1765843179590}, {"id": "2671438568", "price": 2963.36, "amount": 0.007, "side": "sell", "timestamp": 1765843179599}, {"id": "2671438569", "price": 2963.37, "amount": 0.35, "side": "buy", "timestamp": 1765843179896}, {"id": "2671438570", "price": 2963.37, "amount": 0.02, "side": "buy", "timestamp": 1765843180213}, {"id": "2671438571", "price": 2963.36, "amount": 1.485, "side": "sell", "timestamp": 1765843180832}, {"id": "2671438572", "price": 2963.35, "amount": 0.338, "side": "sell", "timestamp": 1765843180832}, {"id": "2671438573", "price": 2963.34, "amount": 0.047, "side": "sell", "timestamp": 1765843180832}, {"id": "2671438574", "price": 2963.33, "amount": 0.048, "side": "sell", "timestamp": 1765843180832}, {"id": "2671438575", "price": 2963.32, "amount": 0.265, "side": "sell", "timestamp": 1765843180835}, {"id": "2671438576", "price": 2963.33, "amount": 0.002, "side": "buy", "timestamp": 1765843180865}, {"id": "2671438577", "price": 2963.32, "amount": 0.052, "side": "sell", "timestamp": 1765843180866}, {"id": "2671438578", "price": 2963.31, "amount": 0.014, "side": "sell", "timestamp": 1765843180887}, {"id": "2671438579", "price": 2963.3, "amount": 0.047, "side": "sell", "timestamp": 1765843180887}, {"id": "2671438580", "price": 2963.29, "amount": 0.008, "side": "sell", "timestamp": 1765843180887}, {"id": "2671438581", "price": 2963.28, "amount": 0.007, "side": "sell", "timestamp": 1765843180887}, {"id": "2671438582", "price": 2963.27, "amount": 0.047, "side": "sell", "timestamp": 1765843180887}, {"id": "2671438583", "price": 2963.26, "amount": 0.008, "side": "sell", "timestamp": 1765843180887}, {"id": "2671438584", "price": 2963.26, "amount": 0.001, "side": "buy", "timestamp": 1765843181440}, {"id": "2671438585", "price": 2963.25, "amount": 0.018, "side": "sell", "timestamp": 1765843181618}, {"id": "2671438586", "price": 2963.26, "amount": 0.016, "side": "buy", "timestamp": 1765843181662}, {"id": "2671438587", "price": 2963.25, "amount": 0.577, "side": "sell", "timestamp": 1765843181670}, {"id": "2671438588", "price": 2963.26, "amount": 0.014, "side": "buy", "timestamp": 1765843181850}, {"id": "2671438589", "price": 2963.26, "amount": 0.027, "side": "buy", "timestamp": 1765843182080}, {"id": "2671438590", "price": 2963.25, "amount": 4.364, "side": "sell", "timestamp": 1765843182432}, {"id": "2671438591", "price": 2963.26, "amount": 0.174, "side": "buy", "timestamp": 1765843182825}, {"id": "2671438592", "price": 2963.25, "amount": 0.099, "side": "sell", "timestamp": 1765843183445}, {"id": "2671438593", "price": 2963.26, "amount": 1.0, "side": "buy", "timestamp": 1765843183448}, {"id": "2671438594", "price": 2963.26, "amount": 0.085, "side": "buy", "timestamp": 1765843183726}, {"id": "2671438595", "price": 2963.25, "amount": 0.587, "side": "sell", "timestamp": 1765843183949}, {"id": "2671438596", "price": 2963.25, "amount": 3.712, "side": "sell", "timestamp": 1765843184067}, {"id": "2671438597", "price": 2963.26, "amount": 2.024, "side": "buy", "timestamp": 1765843184488}, {"id": "2671438598", "price": 2963.25, "amount": 0.179, "side": "sell", "timestamp": 1765843184718}