[{"symbol": "DOGEUSDT", "bids": [[0.14014, 138726.0], [0.14013, 219152.0], [0.14012, 354856.0], [0.14011, 381536.0], [0.1401, 843697.0], [0.14009, 879739.0], [0.14008, 797826.0], [0.14007, 544702.0], [0.14006, 493970.0], [0.14005, 608455.0], [0.14004, 380504.0], [0.14003, 458367.0], [0.14002, 791661.0], [0.14001, 650063.0], [0.14, 607750.0], [0.13999, 599297.0], [0.13998, 368610.0], [0.13997, 749697.0], [0.13996, 743025.0], [0.13995, 1307895.0]], "asks": [[0.14015, 131316.0], [0.14016, 255787.0], [0.14017, 232962.0], [0.14018, 538061.0], [0.14019, 817110.0], [0.1402, 527920.0], [0.14021, 445903.0], [0.14022, 851076.0], [0.14023, 383317.0], [0.14024, 325587.0], [0.14025, 508732.0], [0.14026, 574325.0], [0.14027, 543063.0], [0.14028, 554204.0], [0.14029, 1317523.0], [0.1403, 794824.0], [0.14031, 803258.0], [0.14032, 728869.0], [0.14033, 656059.0], [0.14034, 823353.0]], "timestamp": "2025-12-12T08:49:34.350927+00:00"}, {"symbol": "DOGEUSDT", "bids": [[0.14023, 35397.0], [0.14022, 234878.0], [0.14021, 576013.0], [0.1402, 542775.0], [0.14019, 1092938.0], [0.14018, 591137.0], [0.14017, 614827.0], [0.14016, 391687.0], [0.14015, 343172.0], [0.14014, 469806.0], [0.14013, 413103.0], [0.14012, 456802.0], [0.14011, 417018.0], [0.1401, 431044.0], [0.14009, 548800.0], [0.14008, 443392.0], [0.14007, 339437.0], [0.14006, 466266.0], [0.14005, 1210412.0], [0.14004, 638635.0]], "asks": [[0.14024, 200192.0], [0.14025, 286033.0], [0.14026, 233358.0], [0.14027, 439469.0], [0.14028, 739907.0], [0.14029, 473776.0], [0.1403, 466387.0], [0.14031, 584113.0], [0.14032, 676885.0], [0.14033, 544475.0], [0.14034, 614084.0], [0.14035, 461947.0], [0.14036, 617450.0], [0.14037, 698237.0], [0.14038, 1313352.0], [0.14039, 409591.0], [0.1404, 635888.0], [0.14041, 478458.0], [0.14042, 711602.0], [0.14043, 384255.0]], "timestamp": "2025-12-12T08:50:27.767504+00:00"}, {"symbol": "DOGEUSDT", "bids": [[0.1402, 140556.0], [0.14019, 221020.0], [0.14018, 292343.0], [0.14017, 419640.0], [0.14016, 668990.0], [0.14015, 468468.0], [0.14014, 746054.0], [0.14013, 498248.0], [0.14012, 335817.0], [0.14011, 525480.0], [0.1401, 356395.0], [0.14009, 428655.0], [0.14008, 359229.0], [0.14007, 296766.0], [0.14006, 507145.0], [0.14005, 863503.0], [0.14004, 569883.0], [0.14003, 1096542.0], [0.14002, 685747.0], [0.14001, 1049052.0]], "asks": [[0.14021, 126299.0], [0.14022, 200940.0], [0.14023, 395239.0], [0.14024, 433622.0], [0.14025, 654082.0], [0.14026, 461087.0], [0.14027, 464785.0], [0.14028, 903827.0], [0.14029, 464144.0], [0.1403, 413337.0], [0.14031, 681010.0], [0.14032, 746437.0], [0.14033, 523847.0], [0.14034, 889481.0], [0.14035, 1503502.0], [0.14036, 1202385.0], [0.14037, 502732.0], [0.14038, 1104970.0], [0.14039, 341520.0], [0.1404, 582231.0]], "timestamp": "2025-12-12T08:51:20.732455+00:00"}, {"symbol": "DOGEUSDT", "bids": [[0.1402, 4897.0], [0.14019, 43558.0], [0.14018, 264287.0], [0.14017, 277166.0], [0.14016, 577509.0], [0.14015, 361641.0], [0.14014, 538241.0], [0.14013, 619750.0], [0.14012, 454210.0], [0.14011, 432194.0], [0.1401, 656022.0], [0.14009, 415848.0], [0.14008, 246965.0], [0.14007, 267885.0], [0.14006, 443451.0], [0.14005, 668948.0], [0.14004, 659663.0], [0.14003, 1433318.0], [0.14002, 834132.0], [0.14001, 666279.0]], "asks": [[0.14021, 319476.0], [0.14022, 348480.0], [0.14023, 373698.0], [0.14024, 457259.0], [0.14025, 431463.0], [0.14026, 528554.0], [0.14027, 714157.0], [0.14028, 649630.0], [0.14029, 328553.0], [0.1403, 473710.0], [0.14031, 422832.0], [0.14032, 557387.0], [0.14033, 647291.0], [0.14034, 1467508.0], [0.14035, 598739.0], [0.14036, 709138.0], [0.14037, 535795.0], [0.14038, 403259.0], [0.14039, 422703.0], [0.1404, 688688.0]], "timestamp": "2025-12-12T08:52:13.882143+00:00"}, {"symbol": "DOGEUSDT", "bids": [[0.14022, 121117.0], [0.14021, 188002.0], [0.1402, 228921.0], [0.14019, 399226.0], [0.14018, 789693.0], [0.14017, 689569.0], [0.14016, 541833.0], [0.14015, 1303824.0], [0.14014, 454214.0], [0.14013, 530556.0], [0.14012, 458698.0], [0.14011, 584774.0], [0.1401, 546371.0], [0.14009, 421036.0], [0.14008, 348494.0], [0.14007, 675677.0], [0.14006, 1105667.0], [0.14005, 766314.0], [0.14004, 490131.0], [0.14003, 535414.0]], "asks": [[0.14023, 150383.0], [0.14024, 216565.0], [0.14025, 357530.0], [0.14026, 469805.0], [0.14027, 633793.0], [0.14028, 508063.0], [0.14029, 387365.0], [0.1403, 570423.0], [0.14031, 412580.0], [0.14032, 647899.0], [0.14033, 523543.0], [0.14034, 497880.0], [0.14035, 678495.0], [0.14036, 1734883.0], [0.14037, 1221586.0], [0.14038, 455423.0], [0.14039, 669643.0], [0.1404, 635824.0], [0.14041, 459648.0], [0.14042, 683523.0]], "timestamp": "2025-12-12T08:53:06.921660+00:00"}, {"symbol": "DOGEUSDT", "bids": [[0.14023, 122856.0], [0.14022, 229105.0], [0.14021, 177065.0], [0.1402, 504640.0], [0.14019, 609818.0], [0.14018, 368343.0], [0.14017, 926286.0], [0.14016, 731468.0], [0.14015, 1262852.0], [0.14014, 384287.0], [0.14013, 499376.0], [0.14012, 355385.0], [0.14011, 324527.0], [0.1401, 568011.0], [0.14009, 677981.0], [0.14008, 354089.0], [0.14007, 557799.0], [0.14006, 444554.0], [0.14005, 893423.0], [0.14004, 423122.0]], "asks": [[0.14024, 112180.0], [0.14025, 196734.0], [0.14026, 315001.0], [0.14027, 385527.0], [0.14028, 725990.0], [0.14029, 495266.0], [0.1403, 518134.0], [0.14031, 388068.0], [0.14032, 673728.0], [0.14033, 486645.0], [0.14034, 474480.0], [0.14035, 602782.0], [0.14036, 873095.0], [0.14037, 1350559.0], [0.14038, 417082.0], [0.14039, 536164.0], [0.1404, 702737.0], [0.14041, 756934.0], [0.14042, 574573.0], [0.14043, 360847.0]], "timestamp": "2025-12-12T08:54:00.052913+00:00"}, {"symbol": "DOGEUSDT", "bids": [[0.14027, 105290.0], [0.14026, 90917.0], [0.14025, 276999.0], [0.14024, 324117.0], [0.14023, 600892.0], [0.14022, 468088.0], [0.14021, 430823.0], [0.1402, 529436.0], [0.14019, 382083.0], [0.14018, 572684.0], [0.14017, 593482.0], [0.14016, 410231.0], [0.14015, 451385.0], [0.14014, 713076.0], [0.14013, 1344032.0], [0.14012, 517929.0], [0.14011, 592859.0], [0.1401, 976885.0], [0.14009, 755068.0], [0.14008, 1740702.0]], "asks": [[0.14028, 100850.0], [0.14029, 164390.0], [0.1403, 554394.0], [0.14031, 540305.0], [0.14032, 741178.0], [0.14033, 518732.0], [0.14034, 907171.0], [0.14035, 1267033.0], [0.14036, 299229.0], [0.14037, 380100.0], [0.14038, 461100.0], [0.14039, 512463.0], [0.1404, 872838.0], [0.14041, 700259.0], [0.14042, 1235153.0], [0.14043, 642635.0], [0.14044, 594945.0], [0.14045, 706649.0], [0.14046, 1039210.0], [0.14047, 684831.0]], "timestamp": "2025-12-12T08:54:53.950841+00:00"}, {"symbol": "DOGEUSDT", "bids": [[0.14022, 55301.0], [0.14021, 65130.0], [0.1402, 210836.0], [0.14019, 303969.0], [0.14018, 706615.0], [0.14017, 628916.0], [0.14016, 1489956.0], [0.14015, 418824.0], [0.14014, 490921.0], [0.14013, 428666.0], [0.14012, 462065.0], [0.14011, 358806.0], [0.1401, 873713.0], [0.14009, 459941.0], [0.14008, 442064.0], [0.14007, 575083.0], [0.14006, 455063.0], [0.14005, 1145792.0], [0.14004, 503683.0], [0.14003, 1266988.0]], "asks": [[0.14023, 344021.0], [0.14024, 291782.0], [0.14025, 463321.0], [0.14026, 394841.0], [0.14027, 546884.0], [0.14028, 776249.0], [0.14029, 430224.0], [0.1403, 713324.0], [0.14031, 442312.0], [0.14032, 376729.0], [0.14033, 534398.0], [0.14034, 849651.0], [0.14035, 666630.0], [0.14036, 1239477.0], [0.14037, 629907.0], [0.14038, 1319994.0], [0.14039, 694666.0], [0.1404, 803182.0], [0.14041, 504802.0], [0.14042, 512114.0]], "timestamp": "2025-12-12T08:55:47.463723+00:00"}, {"symbol": "DOGEUSDT", "bids": [[0.14029, 240251.0], [0.14028, 430665.0], [0.14027, 312038.0], [0.14026, 388596.0], [0.14025, 923981.0], [0.14024, 667324.0], [0.14023, 718218.0], [0.14022, 695598.0], [0.14021, 525480.0], [0.1402, 438694.0], [0.14019, 285301.0], [0.14018, 370339.0], [0.14017, 817747.0], [0.14016, 312292.0], [0.14015, 405652.0], [0.14014, 540549.0], [0.14013, 592872.0], [0.14012, 1389762.0], [0.14011, 639064.0], [0.1401, 1112408.0]], "asks": [[0.1403, 101598.0], [0.14031, 193361.0], [0.14032, 250150.0], [0.14033, 475531.0], [0.14034, 1874015.0], [0.14035, 437669.0], [0.14036, 414933.0], [0.14037, 431903.0], [0.14038, 399734.0], [0.14039, 542634.0], [0.1404, 689086.0], [0.14041, 672957.0], [0.14042, 612784.0], [0.14043, 1316627.0], [0.14044, 603740.0], [0.14045, 647876.0], [0.14046, 532678.0], [0.14047, 1551651.0], [0.14048, 493258.0], [0.14049, 595796.0]], "timestamp": "2025-12-12T08:56:40.814758+00:00"}, {"symbol": "DOGEUSDT", "bids": [[0.14026, 22304.0], [0.14025, 193906.0], [0.14024, 235092.0], [0.14023, 317499.0], [0.14022, 687993.0], [0.14021, 345740.0], [0.1402, 561467.0], [0.14019, 631903.0], [0.14018, 1554874.0], [0.14017, 758128.0], [0.14016, 406575.0], [0.14015, 258419.0], [0.14014, 521920.0], [0.14013, 628158.0], [0.14012, 732527.0], [0.14011, 369520.0], [0.1401, 1012545.0], [0.14009, 469702.0], [0.14008, 470324.0], [0.14007, 1052404.0]], "asks": [[0.14027, 68640.0], [0.14028, 210432.0], [0.14029, 378114.0], [0.1403, 479273.0], [0.14031, 554690.0], [0.14032, 809701.0], [0.14033, 627294.0], [0.14034, 453134.0], [0.14035, 440597.0], [0.14036, 412265.0], [0.14037, 608283.0], [0.14038, 687615.0], [0.14039, 620624.0], [0.1404, 1652925.0], [0.14041, 698546.0], [0.14042, 1427241.0], [0.14043, 326046.0], [0.14044, 731928.0], [0.14045, 751855.0], [0.14046, 547670.0]], "timestamp": "2025-12-12T08:57:33.963420+00:00"}, {"symbol": "DOGEUSDT", "bids": [[0.14031, 609034.0], [0.1403, 123275.0], [0.14029, 260537.0], [0.14028, 347338.0], [0.14027, 876561.0], [0.14026, 695902.0], [0.14025, 514390.0], [0.14024, 521777.0], [0.14023, 588724.0], [0.14022, 392719.0], [0.14021, 430206.0], [0.1402, 498848.0], [0.14019, 578109.0], [0.14018, 2027685.0], [0.14017, 963718.0], [0.14016, 855432.0], [0.14015, 585851.0], [0.14014, 535945.0], [0.14013, 428167.0], [0.14012, 428611.0]], "asks": [[0.14032, 13810.0], [0.14033, 181779.0], [0.14034, 377159.0], [0.14035, 344021.0], [0.14036, 727126.0], [0.14037, 649739.0], [0.14038, 816773.0], [0.14039, 958136.0], [0.1404, 1536846.0], [0.14041, 549236.0], [0.14042, 398391.0], [0.14043, 321291.0], [0.14044, 667138.0], [0.14045, 562707.0], [0.14046, 806069.0], [0.14047, 777282.0], [0.14048, 1327407.0], [0.14049, 703230.0], [0.1405, 932650.0], [0.14051, 779784.0]], "timestamp": "2025-12-12T08:58:27.211398+00:00"}, {"symbol": "DOGEUSDT", "bids": [[0.14029, 270514.0], [0.14028, 255561.0], [0.14027, 268953.0], [0.14026, 409046.0], [0.14025, 849702.0], [0.14024, 392540.0], [0.14023, 520689.0], [0.14022, 578174.0], [0.14021, 703278.0], [0.1402, 915251.0], [0.14019, 1836801.0], [0.14018, 514815.0], [0.14017, 788059.0], [0.14016, 783185.0], [0.14015, 437634.0], [0.14014, 428804.0], [0.14013, 435054.0], [0.14012, 440676.0], [0.14011, 447570.0], [0.1401, 1924011.0]], "asks": [[0.1403, 70566.0], [0.14031, 175862.0], [0.14032, 460853.0], [0.14033, 428983.0], [0.14034, 676766.0], [0.14035, 436202.0], [0.14036, 535670.0], [0.14037, 466627.0], [0.14038, 636225.0], [0.14039, 613694.0], [0.1404, 793103.0], [0.14041, 1289093.0], [0.14042, 417983.0], [0.14043, 401107.0], [0.14044, 1601362.0], [0.14045, 681782.0], [0.14046, 670422.0], [0.14047, 639157.0], [0.14048, 412859.0], [0.14049, 706110.0]], "timestamp": "2025-12-12T08:59:20.458271+00:00"}, {"symbol": "DOGEUSDT", "bids": [[0.14039, 147759.0], [0.14038, 323635.0], [0.14037, 195639.0], [0.14036, 426996.0], [0.14035, 902237.0], [0.14034, 569376.0], [0.14033, 307349.0], [0.14032, 787105.0], [0.14031, 520251.0], [0.1403, 279875.0], [0.14029, 445394.0], [0.14028, 335303.0], [0.14027, 513451.0], [0.14026, 1377492.0], [0.14025, 186245.0], [0.14024, 312575.0], [0.14023, 660708.0], [0.14022, 683339.0], [0.14021, 357995.0], [0.1402, 1097575.0]], "asks": [[0.1404, 115103.0], [0.14041, 167944.0], [0.14042, 250757.0], [0.14043, 418683.0], [0.14044, 559605.0], [0.14045, 779555.0], [0.14046, 786643.0], [0.14047, 509043.0], [0.14048, 1259057.0], [0.14049, 488124.0], [0.1405, 479699.0], [0.14051, 536484.0], [0.14052, 597140.0], [0.14053, 470746.0], [0.14054, 406043.0], [0.14055, 482795.0], [0.14056, 710310.0], [0.14057, 525549.0], [0.14058, 789096.0], [0.14059, 1226934.0]], "timestamp": "2025-12-12T09:00:13.114024+00:00"}, {"symbol": "DOGEUSDT", "bids": [[0.14033, 83888.0], [0.14032, 70266.0], [0.14031, 224278.0], [0.1403, 260358.0], [0.14029, 777262.0], [0.14028, 529378.0], [0.14027, 601159.0], [0.14026, 641468.0], [0.14025, 583497.0], [0.14024, 1407860.0], [0.14023, 612978.0], [0.14022, 657884.0], [0.14021, 926618.0], [0.1402, 898762.0], [0.14019, 725924.0], [0.14018, 650369.0], [0.14017, 545963.0], [0.14016, 575422.0], [0.14015, 1404886.0], [0.14014, 721417.0]], "asks": [[0.14034, 239682.0], [0.14035, 273603.0], [0.14036, 442638.0], [0.14037, 653919.0], [0.14038, 717367.0], [0.14039, 615160.0], [0.1404, 774417.0], [0.14041, 856912.0], [0.14042, 845120.0], [0.14043, 547467.0], [0.14044, 523628.0], [0.14045, 663778.0], [0.14046, 1640537.0], [0.14047, 422533.0], [0.14048, 413764.0], [0.14049, 1579924.0], [0.1405, 821590.0], [0.14051, 928981.0], [0.14052, 715386.0], [0.14053, 309442.0]], "timestamp": "2025-12-12T09:01:06.546440+00:00"}, {"symbol": "DOGEUSDT", "bids": [[0.14033, 239173.0], [0.14032, 192892.0], [0.14031, 269274.0], [0.1403, 284269.0], [0.14029, 858510.0], [0.14028, 386540.0], [0.14027, 866328.0], [0.14026, 574096.0], [0.14025, 568532.0], [0.14024, 1511558.0], [0.14023, 650076.0], [0.14022, 680445.0], [0.14021, 618220.0], [0.1402, 885857.0], [0.14019, 463543.0], [0.14018, 702851.0], [0.14017, 795852.0], [0.14016, 636400.0], [0.14015, 574312.0], [0.14014, 817050.0]], "asks": [[0.14034, 42445.0], [0.14035, 152451.0], [0.14036, 303372.0], [0.14037, 447296.0], [0.14038, 718166.0], [0.14039, 647637.0], [0.1404, 772074.0], [0.14041, 700425.0], [0.14042, 1015583.0], [0.14043, 486528.0], [0.14044, 606866.0], [0.14045, 878823.0], [0.14046, 1553192.0], [0.14047, 349281.0], [0.14048, 607165.0], [0.14049, 1548110.0], [0.1405, 661562.0], [0.14051, 829029.0], [0.14052, 743289.0], [0.14053, 332899.0]], "timestamp": "2025-12-12T09:01:59.695538+00:00"}, {"symbol": "DOGEUSDT", "bids": [[0.14036, 86165.0], [0.14035, 142653.0], [0.14034, 532860.0], [0.14033, 509528.0], [0.14032, 760685.0], [0.14031, 466065.0], [0.1403, 597906.0], [0.14029, 515724.0], [0.14028, 517248.0], [0.14027, 715586.0], [0.14026, 386957.0], [0.14025, 295583.0], [0.14024, 480481.0], [0.14023, 638018.0], [0.14022, 938038.0], [0.14021, 420364.0], [0.1402, 981562.0], [0.14019, 520127.0], [0.14018, 595307.0], [0.14017, 989001.0]], "asks": [[0.14037, 180301.0], [0.14038, 287644.0], [0.14039, 389284.0], [0.1404, 564571.0], [0.14041, 896716.0], [0.14042, 883327.0], [0.14043, 593121.0], [0.14044, 491104.0], [0.14045, 538936.0], [0.14046, 771067.0], [0.14047, 616266.0], [0.14048, 406986.0], [0.14049, 707886.0], [0.1405, 1371791.0], [0.14051, 790627.0], [0.14052, 990659.0], [0.14053, 1046764.0], [0.14054, 412161.0], [0.14055, 602893.0], [0.14056, 535568.0]], "timestamp": "2025-12-12T09:02:53.350496+00:00"}, {"symbol": "DOGEUSDT", "bids": [[0.14017, 220555.0], [0.14016, 160827.0], [0.14015, 362063.0], [0.14014, 327590.0], [0.14013, 853442.0], [0.14012, 635402.0], [0.14011, 622189.0], [0.1401, 712325.0], [0.14009, 305023.0], [0.14008, 374550.0], [0.14007, 457307.0], [0.14006, 379812.0], [0.14005, 726844.0], [0.14004, 599786.0], [0.14003, 904736.0], [0.14002, 1189369.0], [0.14001, 564660.0], [0.14, 1902812.0], [0.13999, 656787.0], [0.13998, 1272359.0]], "asks": [[0.14018, 59292.0], [0.14019, 107408.0], [0.1402, 219270.0], [0.14021, 352304.0], [0.14022, 497657.0], [0.14023, 558422.0], [0.14024, 590852.0], [0.14025, 501983.0], [0.14026, 1024219.0], [0.14027, 674770.0], [0.14028, 275036.0], [0.14029, 391858.0], [0.1403, 628416.0], [0.14031, 1211038.0], [0.14032, 412695.0], [0.14033, 421331.0], [0.14034, 773646.0], [0.14035, 850370.0], [0.14036, 697034.0], [0.14037, 622574.0]], "timestamp": "2025-12-12T09:03:46.614052+00:00"}, {"symbol": "DOGEUSDT", "bids": [[0.14021, 153367.0], [0.1402, 183464.0], [0.14019, 250674.0], [0.14018, 525025.0], [0.14017, 755746.0], [0.14016, 470779.0], [0.14015, 491190.0], [0.14014, 355880.0], [0.14013, 630216.0], [0.14012, 519433.0], [0.14011, 452825.0], [0.1401, 554256.0], [0.14009, 486072.0], [0.14008, 243029.0], [0.14007, 730235.0], [0.14006, 470392.0], [0.14005, 815159.0], [0.14004, 626518.0], [0.14003, 614866.0], [0.14002, 1700994.0]], "asks": [[0.14022, 158348.0], [0.14023, 241044.0], [0.14024, 307710.0], [0.14025, 435911.0], [0.14026, 861257.0], [0.14027, 850474.0], [0.14028, 438169.0], [0.14029, 372727.0], [0.1403, 569300.0], [0.14031, 371889.0], [0.14032, 592925.0], [0.14033, 540230.0], [0.14034, 826738.0], [0.14035, 1471034.0], [0.14036, 468443.0], [0.14037, 777407.0], [0.14038, 971663.0], [0.14039, 539122.0], [0.1404, 1487063.0], [0.14041, 586303.0]], "timestamp": "2025-12-12T09:04:40.292292+00:00"}, {"symbol": "DOGEUSDT", "bids": [[0.14023, 9338.0], [0.14022, 85163.0], [0.14021, 307576.0], [0.1402, 345446.0], [0.14019, 731935.0], [0.14018, 496590.0], [0.14017, 593163.0], [0.14016, 430710.0], [0.14015, 640391.0], [0.14014, 471817.0], [0.14013, 534814.0], [0.14012, 297331.0], [0.14011, 457314.0], [0.1401, 527869.0], [0.14009, 563283.0], [0.14008, 498053.0], [0.14007, 1000848.0], [0.14006, 492853.0], [0.14005, 689348.0], [0.14004, 604803.0]], "asks": [[0.14024, 455891.0], [0.14025, 253603.0], [0.14026, 307732.0], [0.14027, 482893.0], [0.14028, 497425.0], [0.14029, 731700.0], [0.1403, 600439.0], [0.14031, 423061.0], [0.14032, 316733.0], [0.14033, 571496.0], [0.14034, 634943.0], [0.14035, 493790.0], [0.14036, 687436.0], [0.14037, 1547923.0], [0.14038, 910753.0], [0.14039, 480946.0], [0.1404, 923675.0], [0.14041, 624918.0], [0.14042, 735000.0], [0.14043, 817832.0]], "timestamp": "2025-12-12T09:05:33.608433+00:00"}, {"symbol": "DOGEUSDT", "bids": [[0.14022, 398081.0], [0.14021, 369225.0], [0.1402, 463982.0], [0.14019, 517452.0], [0.14018, 752880.0], [0.14017, 536599.0], [0.14016, 625328.0], [0.14015, 742224.0], [0.14014, 322837.0], [0.14013, 370754.0], [0.14012, 329391.0], [0.14011, 540599.0], [0.1401, 1017780.0], [0.14009, 426902.0], [0.14008, 277145.0], [0.14007, 731548.0], [0.14006, 440281.0], [0.14005, 684022.0], [0.14004, 539957.0], [0.14003, 745598.0]], "asks": [[0.14023, 75669.0], [0.14024, 110822.0], [0.14025, 268256.0], [0.14026, 270660.0], [0.14027, 640973.0], [0.14028, 563082.0], [0.14029, 478979.0], [0.1403, 567354.0], [0.14031, 318149.0], [0.14032, 495147.0], [0.14033, 530562.0], [0.14034, 641159.0], [0.14035, 541943.0], [0.14036, 1425378.0], [0.14037, 571611.0], [0.14038, 549573.0], [0.14039, 581017.0], [0.1404, 904692.0], [0.14041, 1268661.0], [0.14042, 860960.0]], "timestamp": "2025-12-12T09:06:27.471798+00:00"}, {"symbol": "DOGEUSDT", "bids": [[0.14028, 300343.0], [0.14027, 460430.0], [0.14026, 289335.0], [0.14025, 414675.0], [0.14024, 759572.0], [0.14023, 618356.0], [0.14022, 694900.0], [0.14021, 557137.0], [0.1402, 599803.0], [0.14019, 581852.0], [0.14018, 253428.0], [0.14017, 515557.0], [0.14016, 731178.0], [0.14015, 744625.0], [0.14014, 363073.0], [0.14013, 464106.0], [0.14012, 708635.0], [0.14011, 735517.0], [0.1401, 634706.0], [0.14009, 440139.0]], "asks": [[0.14029, 36134.0], [0.1403, 167165.0], [0.14031, 217130.0], [0.14032, 292653.0], [0.14033, 414216.0], [0.14034, 730373.0], [0.14035, 630017.0], [0.14036, 462603.0], [0.14037, 664879.0], [0.14038, 651375.0], [0.14039, 550979.0], [0.1404, 623115.0], [0.14041, 688348.0], [0.14042, 870078.0], [0.14043, 967284.0], [0.14044, 1077877.0], [0.14045, 723563.0], [0.14046, 1616813.0], [0.14047, 419817.0], [0.14048, 411856.0]], "timestamp": "2025-12-12T09:07:20.926619+00:00"}, {"symbol": "DOGEUSDT", "bids": [[0.14024, 220302.0], [0.14023, 136917.0], [0.14022, 367444.0], [0.14021, 540438.0], [0.1402, 815338.0], [0.14019, 596323.0], [0.14018, 384405.0], [0.14017, 607106.0], [0.14016, 683683.0], [0.14015, 654991.0], [0.14014, 334582.0], [0.14013, 523181.0], [0.14012, 375586.0], [0.14011, 725238.0], [0.1401, 625060.0], [0.14009, 368563.0], [0.14008, 423398.0], [0.14007, 976547.0], [0.14006, 1118841.0], [0.14005, 1181012.0]], "asks": [[0.14025, 36961.0], [0.14026, 142982.0], [0.14027, 192404.0], [0.14028, 280575.0], [0.14029, 745731.0], [0.1403, 533106.0], [0.14031, 512815.0], [0.14032, 525853.0], [0.14033, 346921.0], [0.14034, 559179.0], [0.14035, 407855.0], [0.14036, 583239.0], [0.14037, 716026.0], [0.14038, 1543082.0], [0.14039, 566865.0], [0.1404, 896848.0], [0.14041, 606682.0], [0.14042, 811274.0], [0.14043, 824572.0], [0.14044, 456682.0]], "timestamp": "2025-12-12T09:08:13.764194+00:00"}, {"symbol": "DOGEUSDT", "bids": [[0.14015, 141019.0], [0.14014, 178550.0], [0.14013, 616968.0], [0.14012, 462353.0], [0.14011, 712807.0], [0.1401, 611735.0], [0.14009, 344248.0], [0.14008, 660169.0], [0.14007, 641789.0], [0.14006, 345953.0], [0.14005, 538924.0], [0.14004, 292279.0], [0.14003, 295363.0], [0.14002, 607265.0], [0.14001, 478450.0], [0.14, 816917.0], [0.13999, 526478.0], [0.13998, 826035.0], [0.13997, 902667.0], [0.13996, 824019.0]], "asks": [[0.14016, 79424.0], [0.14017, 267562.0], [0.14018, 411684.0], [0.14019, 648016.0], [0.1402, 941670.0], [0.14021, 778382.0], [0.14022, 557566.0], [0.14023, 374477.0], [0.14024, 428507.0], [0.14025, 566882.0], [0.14026, 732712.0], [0.14027, 401787.0], [0.14028, 610305.0], [0.14029, 584041.0], [0.1403, 1590225.0], [0.14031, 694136.0], [0.14032, 522230.0], [0.14033, 1045063.0], [0.14034, 728281.0], [0.14035, 792576.0]], "timestamp": "2025-12-12T09:09:06.705567+00:00"}, {"symbol": "DOGEUSDT", "bids": [[0.14009, 12322.0], [0.14008, 147943.0], [0.14007, 114552.0], [0.14006, 503229.0], [0.14005, 607063.0], [0.14004, 652876.0], [0.14003, 492820.0], [0.14002, 884325.0], [0.14001, 462758.0], [0.14, 744620.0], [0.13999, 525582.0], [0.13998, 470934.0], [0.13997, 458233.0], [0.13996, 483229.0], [0.13995, 842594.0], [0.13994, 953535.0], [0.13993, 591863.0], [0.13992, 1468870.0], [0.13991, 401382.0], [0.1399, 699572.0]], "asks": [[0.1401, 295402.0], [0.14011, 267013.0], [0.14012, 279855.0], [0.14013, 581085.0], [0.14014, 499212.0], [0.14015, 502223.0], [0.14016, 671523.0], [0.14017, 419548.0], [0.14018, 585142.0], [0.14019, 602833.0], [0.1402, 446621.0], [0.14021, 387165.0], [0.14022, 731680.0], [0.14023, 1134025.0], [0.14024, 458222.0], [0.14025, 1022466.0], [0.14026, 767546.0], [0.14027, 350422.0], [0.14028, 570883.0], [0.14029, 467216.0]], "timestamp": "2025-12-12T09:10:00.162704+00:00"}, {"symbol": "DOGEUSDT", "bids": [[0.14014, 180372.0], [0.14013, 443376.0], [0.14012, 491595.0], [0.14011, 645711.0], [0.1401, 1176044.0], [0.14009, 668229.0], [0.14008, 725317.0], [0.14007, 510522.0], [0.14006, 437711.0], [0.14005, 504776.0], [0.14004, 273858.0], [0.14003, 375836.0], [0.14002, 671280.0], [0.14001, 317032.0], [0.14, 826931.0], [0.13999, 928283.0], [0.13998, 607398.0], [0.13997, 681583.0], [0.13996, 370867.0], [0.13995, 590684.0]], "asks": [[0.14015, 77063.0], [0.14016, 219627.0], [0.14017, 155106.0], [0.14018, 454422.0], [0.14019, 503612.0], [0.1402, 589593.0], [0.14021, 567835.0], [0.14022, 654747.0], [0.14023, 370608.0], [0.14024, 551809.0], [0.14025, 736126.0], [0.14026, 617263.0], [0.14027, 511667.0], [0.14028, 546875.0], [0.14029, 563222.0], [0.1403, 1532126.0], [0.14031, 591995.0], [0.14032, 423922.0], [0.14033, 1053927.0], [0.14034, 699183.0]], "timestamp": "2025-12-12T09:10:53.643615+00:00"}, {"symbol": "DOGEUSDT", "bids": [[0.14026, 404414.0], [0.14025, 254846.0], [0.14024, 449150.0], [0.14023, 525042.0], [0.14022, 717259.0], [0.14021, 740171.0], [0.1402, 993299.0], [0.14019, 527806.0], [0.14018, 717252.0], [0.14017, 802545.0], [0.14016, 618645.0], [0.14015, 409835.0], [0.14014, 639010.0], [0.14013, 393781.0], [0.14012, 295063.0], [0.14011, 706672.0], [0.1401, 615829.0], [0.14009, 600981.0], [0.14008, 562102.0], [0.14007, 830956.0]], "asks": [[0.14027, 33584.0], [0.14028, 112912.0], [0.14029, 226372.0], [0.1403, 117267.0], [0.14031, 350776.0], [0.14032, 669666.0], [0.14033, 586033.0], [0.14034, 539620.0], [0.14035, 487044.0], [0.14036, 476120.0], [0.14037, 659223.0], [0.14038, 696027.0], [0.14039, 399848.0], [0.1404, 543738.0], [0.14041, 558432.0], [0.14042, 681637.0], [0.14043, 571026.0], [0.14044, 654185.0], [0.14045, 873823.0], [0.14046, 819328.0]], "timestamp": "2025-12-12T09:11:47.203961+00:00"}, {"symbol": "DOGEUSDT", "bids": [[0.14023, 233393.0], [0.14022, 227253.0], [0.14021, 321628.0], [0.1402, 321709.0], [0.14019, 808403.0], [0.14018, 441865.0], [0.14017, 688561.0], [0.14016, 543102.0], [0.14015, 478484.0], [0.14014, 812608.0], [0.14013, 422122.0], [0.14012, 335142.0], [0.14011, 655263.0], [0.1401, 601360.0], [0.14009, 272169.0], [0.14008, 623802.0], [0.14007, 936947.0], [0.14006, 479922.0], [0.14005, 515521.0], [0.14004, 515590.0]], "asks": [[0.14024, 99539.0], [0.14025, 236519.0], [0.14026, 647263.0], [0.14027, 443685.0], [0.14028, 683568.0], [0.14029, 538084.0], [0.1403, 696926.0], [0.14031, 573869.0], [0.14032, 600552.0], [0.14033, 576785.0], [0.14034, 830473.0], [0.14035, 515598.0], [0.14036, 603042.0], [0.14037, 464140.0], [0.14038, 1368044.0], [0.14039, 542417.0], [0.1404, 681657.0], [0.14041, 615331.0], [0.14042, 625247.0], [0.14043, 1422177.0]], "timestamp": "2025-12-12T09:12:41.068657+00:00"}, {"symbol": "DOGEUSDT", "bids": [[0.14033, 263494.0], [0.14032, 250612.0], [0.14031, 389893.0], [0.1403, 535517.0], [0.14029, 999986.0], [0.14028, 588302.0], [0.14027, 570426.0], [0.14026, 1008288.0], [0.14025, 658618.0], [0.14024, 596879.0], [0.14023, 523808.0], [0.14022, 505093.0], [0.14021, 228497.0], [0.1402, 404759.0], [0.14019, 535318.0], [0.14018, 866199.0], [0.14017, 3511567.0], [0.14016, 557424.0], [0.14015, 715125.0], [0.14014, 938647.0]], "asks": [[0.14034, 125501.0], [0.14035, 131388.0], [0.14036, 271884.0], [0.14037, 448983.0], [0.14038, 1097911.0], [0.14039, 2396243.0], [0.1404, 693564.0], [0.14041, 535596.0], [0.14042, 556324.0], [0.14043, 514686.0], [0.14044, 630791.0], [0.14045, 344771.0], [0.14046, 734195.0], [0.14047, 614268.0], [0.14048, 704496.0], [0.14049, 303895.0], [0.1405, 600033.0], [0.14051, 794892.0], [0.14052, 1613824.0], [0.14053, 592627.0]], "timestamp": "2025-12-12T09:13:33.768282+00:00"}, {"symbol": "DOGEUSDT", "bids": [[0.1404, 80379.0], [0.14039, 116850.0], [0.14038, 320812.0], [0.14037, 626880.0], [0.14036, 933743.0], [0.14035, 706887.0], [0.14034, 640142.0], [0.14033, 828487.0], [0.14032, 632945.0], [0.14031, 569435.0], [0.1403, 722452.0], [0.14029, 1187815.0], [0.14028, 3210363.0], [0.14027, 323653.0], [0.14026, 646918.0], [0.14025, 245081.0], [0.14024, 403374.0], [0.14023, 895642.0], [0.14022, 666102.0], [0.14021, 267505.0]], "asks": [[0.14041, 164643.0], [0.14042, 130686.0], [0.14043, 283210.0], [0.14044, 448706.0], [0.14045, 495169.0], [0.14046, 686173.0], [0.14047, 748636.0], [0.14048, 573340.0], [0.14049, 913224.0], [0.1405, 2325616.0], [0.14051, 585081.0], [0.14052, 491377.0], [0.14053, 388985.0], [0.14054, 270643.0], [0.14055, 556076.0], [0.14056, 680725.0], [0.14057, 484110.0], [0.14058, 1840988.0], [0.14059, 544719.0], [0.1406, 719891.0]], "timestamp": "2025-12-12T09:14:26.874055+00:00"}, {"symbol": "DOGEUSDT", "bids": [[0.14043, 237682.0], [0.14042, 214196.0], [0.14041, 340522.0], [0.1404, 387321.0], [0.14039, 900297.0], [0.14038, 645391.0], [0.14037, 638278.0], [0.14036, 805920.0], [0.14035, 653137.0], [0.14034, 678179.0], [0.14033, 500719.0], [0.14032, 712548.0], [0.14031, 505895.0], [0.1403, 602474.0], [0.14029, 825345.0], [0.14028, 725701.0], [0.14027, 940316.0], [0.14026, 549738.0], [0.14025, 378761.0], [0.14024, 1239943.0]], "asks": [[0.14044, 76050.0], [0.14045, 186748.0], [0.14046, 268874.0], [0.14047, 387977.0], [0.14048, 533170.0], [0.14049, 489198.0], [0.1405, 622638.0], [0.14051, 741390.0], [0.14052, 916770.0], [0.14053, 2443096.0], [0.14054, 362824.0], [0.14055, 443660.0], [0.14056, 382938.0], [0.14057, 322879.0], [0.14058, 749207.0], [0.14059, 1391739.0], [0.1406, 742419.0], [0.14061, 860200.0], [0.14062, 512834.0], [0.14063, 1782180.0]], "timestamp": "2025-12-12T09:15:19.963594+00:00"}, {"symbol": "DOGEUSDT", "bids": [[0.14044, 219914.0], [0.14043, 251790.0], [0.14042, 343544.0], [0.14041, 528442.0], [0.1404, 984517.0], [0.14039, 887263.0], [0.14038, 1023308.0], [0.14037, 707427.0], [0.14036, 748421.0], [0.14035, 541269.0], [0.14034, 689285.0], [0.14033, 485677.0], [0.14032, 709674.0], [0.14031, 522180.0], [0.1403, 676028.0], [0.14029, 712816.0], [0.14028, 585974.0], [0.14027, 869689.0], [0.14026, 523885.0], [0.14025, 1213344.0]], "asks": [[0.14045, 150029.0], [0.14046, 116155.0], [0.14047, 267910.0], [0.14048, 415482.0], [0.14049, 595238.0], [0.1405, 439115.0], [0.14051, 502186.0], [0.14052, 528389.0], [0.14053, 367083.0], [0.14054, 417561.0], [0.14055, 591015.0], [0.14056, 556778.0], [0.14057, 485283.0], [0.14058, 1489498.0], [0.14059, 499800.0], [0.1406, 708448.0], [0.14061, 1008352.0], [0.14062, 660240.0], [0.14063, 1739237.0], [0.14064, 409269.0]], "timestamp": "2025-12-12T09:16:12.747516+00:00"}, {"symbol": "DOGEUSDT", "bids": [[0.14044, 56793.0], [0.14043, 54455.0], [0.14042, 312629.0], [0.14041, 442186.0], [0.1404, 978016.0], [0.14039, 705856.0], [0.14038, 1333857.0], [0.14037, 3095418.0], [0.14036, 570342.0], [0.14035, 569664.0], [0.14034, 671620.0], [0.14033, 416407.0], [0.14032, 771641.0], [0.14031, 657614.0], [0.1403, 512558.0], [0.14029, 625005.0], [0.14028, 560373.0], [0.14027, 518920.0], [0.14026, 805216.0], [0.14025, 999533.0]], "asks": [[0.14045, 154979.0], [0.14046, 295351.0], [0.14047, 297014.0], [0.14048, 323787.0], [0.14049, 611236.0], [0.1405, 657476.0], [0.14051, 497270.0], [0.14052, 504497.0], [0.14053, 412099.0], [0.14054, 527402.0], [0.14055, 437924.0], [0.14056, 508004.0], [0.14057, 738468.0], [0.14058, 1664887.0], [0.14059, 2352197.0], [0.1406, 479968.0], [0.14061, 533226.0], [0.14062, 708057.0], [0.14063, 486833.0], [0.14064, 356798.0]], "timestamp": "2025-12-12T09:17:06.184018+00:00"}, {"symbol": "DOGEUSDT", "bids": [[0.14042, 225773.0], [0.14041, 267465.0], [0.1404, 260084.0], [0.14039, 503793.0], [0.14038, 1371740.0], [0.14037, 2877670.0], [0.14036, 406553.0], [0.14035, 542063.0], [0.14034, 722664.0], [0.14033, 396734.0], [0.14032, 602165.0], [0.14031, 271367.0], [0.1403, 500866.0], [0.14029, 603637.0], [0.14028, 702932.0], [0.14027, 848255.0], [0.14026, 665966.0], [0.14025, 306110.0], [0.14024, 407235.0], [0.14023, 920473.0]], "asks": [[0.14043, 17616.0], [0.14044, 132225.0], [0.14045, 299786.0], [0.14046, 476891.0], [0.14047, 476579.0], [0.14048, 442644.0], [0.14049, 744345.0], [0.1405, 807644.0], [0.14051, 454364.0], [0.14052, 638466.0], [0.14053, 670926.0], [0.14054, 561598.0], [0.14055, 442840.0], [0.14056, 553599.0], [0.14057, 1134482.0], [0.14058, 959862.0], [0.14059, 2336503.0], [0.1406, 413192.0], [0.14061, 662648.0], [0.14062, 743794.0]], "timestamp": "2025-12-12T09:17:59.500707+00:00"}, {"symbol": "DOGEUSDT", "bids": [[0.14044, 376569.0], [0.14043, 313742.0], [0.14042, 181413.0], [0.14041, 503028.0], [0.1404, 615348.0], [0.14039, 701681.0], [0.14038, 685809.0], [0.14037, 323066.0], [0.14036, 389969.0], [0.14035, 650619.0], [0.14034, 646408.0], [0.14033, 811371.0], [0.14032, 3283697.0], [0.14031, 259935.0], [0.1403, 486065.0], [0.14029, 585416.0], [0.14028, 439985.0], [0.14027, 838951.0], [0.14026, 662803.0], [0.14025, 539026.0]], "asks": [[0.14045, 6492.0], [0.14046, 153395.0], [0.14047, 121972.0], [0.14048, 422227.0], [0.14049, 544933.0], [0.1405, 572346.0], [0.14051, 730939.0], [0.14052, 751011.0], [0.14053, 821532.0], [0.14054, 2601528.0], [0.14055, 348557.0], [0.14056, 449568.0], [0.14057, 288093.0], [0.14058, 671283.0], [0.14059, 474238.0], [0.1406, 389590.0], [0.14061, 580778.0], [0.14062, 1764295.0], [0.14063, 760864.0], [0.14064, 1196886.0]], "timestamp": "2025-12-12T09:18:52.754741+00:00"}, {"symbol": "DOGEUSDT", "bids": [[0.14046, 21032.0], [0.14045, 165386.0], [0.14044, 314218.0], [0.14043, 252712.0], [0.14042, 809381.0], [0.14041, 625752.0], [0.1404, 520873.0], [0.14039, 495613.0], [0.14038, 774485.0], [0.14037, 487162.0], [0.14036, 453192.0], [0.14035, 570720.0], [0.14034, 660529.0], [0.14033, 495801.0], [0.14032, 658386.0], [0.14031, 676755.0], [0.1403, 402959.0], [0.14029, 438603.0], [0.14028, 618107.0], [0.14027, 1986709.0]], "asks": [[0.14047, 212092.0], [0.14048, 269531.0], [0.14049, 415540.0], [0.1405, 374330.0], [0.14051, 590082.0], [0.14052, 424292.0], [0.14053, 450173.0], [0.14054, 527991.0], [0.14055, 430120.0], [0.14056, 433927.0], [0.14057, 553146.0], [0.14058, 560645.0], [0.14059, 682560.0], [0.1406, 1412520.0], [0.14061, 455613.0], [0.14062, 774094.0], [0.14063, 590884.0], [0.14064, 497871.0], [0.14065, 588937.0], [0.14066, 566532.0]], "timestamp": "2025-12-12T09:19:45.894507+00:00"}, {"symbol": "DOGEUSDT", "bids": [[0.14041, 396156.0], [0.1404, 380122.0], [0.14039, 349835.0], [0.14038, 392950.0], [0.14037, 719659.0], [0.14036, 519558.0], [0.14035, 1243045.0], [0.14034, 2926770.0], [0.14033, 466238.0], [0.14032, 570965.0], [0.14031, 310322.0], [0.1403, 539764.0], [0.14029, 523199.0], [0.14028, 365834.0], [0.14027, 372539.0], [0.14026, 519118.0], [0.14025, 313565.0], [0.14024, 724462.0], [0.14023, 1155774.0], [0.14022, 2050373.0]], "asks": [[0.14042, 11452.0], [0.14043, 146398.0], [0.14044, 211818.0], [0.14045, 265318.0], [0.14046, 830561.0], [0.14047, 496928.0], [0.14048, 345495.0], [0.14049, 475726.0], [0.1405, 626910.0], [0.14051, 423539.0], [0.14052, 620134.0], [0.14053, 750312.0], [0.14054, 789045.0], [0.14055, 957257.0], [0.14056, 3448819.0], [0.14057, 717178.0], [0.14058, 809128.0], [0.14059, 365363.0], [0.1406, 384477.0], [0.14061, 1122589.0]], "timestamp": "2025-12-12T09:20:39.681944+00:00"}, {"symbol": "DOGEUSDT", "bids": [[0.14044, 30734.0], [0.14043, 127634.0], [0.14042, 219814.0], [0.14041, 281791.0], [0.1404, 725942.0], [0.14039, 387273.0], [0.14038, 521564.0], [0.14037, 544604.0], [0.14036, 543061.0], [0.14035, 816747.0], [0.14034, 344332.0], [0.14033, 378271.0], [0.14032, 996220.0], [0.14031, 2852580.0], [0.1403, 482287.0], [0.14029, 596999.0], [0.14028, 904139.0], [0.14027, 501753.0], [0.14026, 522871.0], [0.14025, 494824.0]], "asks": [[0.14045, 228635.0], [0.14046, 315150.0], [0.14047, 278197.0], [0.14048, 331811.0], [0.14049, 774554.0], [0.1405, 589802.0], [0.14051, 683424.0], [0.14052, 843550.0], [0.14053, 2641973.0], [0.14054, 756160.0], [0.14055, 436085.0], [0.14056, 360984.0], [0.14057, 422600.0], [0.14058, 984095.0], [0.14059, 1304785.0], [0.1406, 556659.0], [0.14061, 413821.0], [0.14062, 680382.0], [0.14063, 1285964.0], [0.14064, 431353.0]], "timestamp": "2025-12-12T09:21:32.616967+00:00"}, {"symbol": "DOGEUSDT", "bids": [[0.14024, 108011.0], [0.14023, 121655.0], [0.14022, 188505.0], [0.14021, 489406.0], [0.1402, 619349.0], [0.14019, 518204.0], [0.14018, 682038.0], [0.14017, 516141.0], [0.14016, 432774.0], [0.14015, 377794.0], [0.14014, 615005.0], [0.14013, 280178.0], [0.14012, 250507.0], [0.14011, 572027.0], [0.1401, 921099.0], [0.14009, 781756.0], [0.14008, 594902.0], [0.14007, 370438.0], [0.14006, 758224.0], [0.14005, 1492605.0]], "asks": [[0.14025, 231472.0], [0.14026, 168912.0], [0.14027, 200642.0], [0.14028, 379866.0], [0.14029, 681687.0], [0.1403, 734322.0], [0.14031, 864906.0], [0.14032, 480674.0], [0.14033, 579438.0], [0.14034, 619403.0], [0.14035, 614680.0], [0.14036, 694129.0], [0.14037, 687472.0], [0.14038, 1561929.0], [0.14039, 569521.0], [0.1404, 455959.0], [0.14041, 614303.0], [0.14042, 977460.0], [0.14043, 458211.0], [0.14044, 575754.0]], "timestamp": "2025-12-12T09:22:25.886618+00:00"}, {"symbol": "DOGEUSDT", "bids": [[0.14022, 145777.0], [0.14021, 173608.0], [0.1402, 213011.0], [0.14019, 280129.0], [0.14018, 768828.0], [0.14017, 551416.0], [0.14016, 407110.0], [0.14015, 400260.0], [0.14014, 712886.0], [0.14013, 413403.0], [0.14012, 278989.0], [0.14011, 506381.0], [0.1401, 612495.0], [0.14009, 407317.0], [0.14008, 594774.0], [0.14007, 389112.0], [0.14006, 789092.0], [0.14005, 668299.0], [0.14004, 801732.0], [0.14003, 682136.0]], "asks": [[0.14023, 40535.0], [0.14024, 201333.0], [0.14025, 395394.0], [0.14026, 484334.0], [0.14027, 662285.0], [0.14028, 668098.0], [0.14029, 545801.0], [0.1403, 683049.0], [0.14031, 676562.0], [0.14032, 403472.0], [0.14033, 674718.0], [0.14034, 722880.0], [0.14035, 765882.0], [0.14036, 1637355.0], [0.14037, 900968.0], [0.14038, 1001193.0], [0.14039, 690671.0], [0.1404, 445704.0], [0.14041, 435457.0], [0.14042, 838666.0]], "timestamp": "2025-12-12T09:23:18.995304+00:00"}, {"symbol": "DOGEUSDT", "bids": [[0.14026, 67015.0], [0.14025, 131182.0], [0.14024, 232903.0], [0.14023, 508646.0], [0.14022, 772535.0], [0.14021, 401535.0], [0.1402, 618399.0], [0.14019, 351410.0], [0.14018, 681498.0], [0.14017, 486435.0], [0.14016, 461502.0], [0.14015, 404335.0], [0.14014, 772061.0], [0.14013, 905406.0], [0.14012, 2875355.0], [0.14011, 632184.0], [0.1401, 897263.0], [0.14009, 649396.0], [0.14008, 486773.0], [0.14007, 324018.0]], "asks": [[0.14027, 197545.0], [0.14028, 232767.0], [0.14029, 370233.0], [0.1403, 688509.0], [0.14031, 886265.0], [0.14032, 632788.0], [0.14033, 980422.0], [0.14034, 2863470.0], [0.14035, 589177.0], [0.14036, 629997.0], [0.14037, 516318.0], [0.14038, 775700.0], [0.14039, 535155.0], [0.1404, 482328.0], [0.14041, 538231.0], [0.14042, 1081466.0], [0.14043, 1347119.0], [0.14044, 1353609.0], [0.14045, 278281.0], [0.14046, 809006.0]], "timestamp": "2025-12-12T09:24:13.213160+00:00"}, {"symbol": "DOGEUSDT", "bids": [[0.14023, 167348.0], [0.14022, 265317.0], [0.14021, 304658.0], [0.1402, 315759.0], [0.14019, 580906.0], [0.14018, 642065.0], [0.14017, 494083.0], [0.14016, 463505.0], [0.14015, 619638.0], [0.14014, 734889.0], [0.14013, 816601.0], [0.14012, 2970980.0], [0.14011, 513572.0], [0.1401, 875441.0], [0.14009, 383292.0], [0.14008, 599737.0], [0.14007, 311981.0], [0.14006, 575121.0], [0.14005, 560231.0], [0.14004, 1084943.0]], "asks": [[0.14024, 4007.0], [0.14025, 157506.0], [0.14026, 225802.0], [0.14027, 469953.0], [0.14028, 672083.0], [0.14029, 709811.0], [0.1403, 692553.0], [0.14031, 714744.0], [0.14032, 640939.0], [0.14033, 887450.0], [0.14034, 2867061.0], [0.14035, 512978.0], [0.14036, 490982.0], [0.14037, 475180.0], [0.14038, 700475.0], [0.14039, 467612.0], [0.1404, 590521.0], [0.14041, 1445786.0], [0.14042, 989271.0], [0.14043, 645805.0]], "timestamp": "2025-12-12T09:25:07.271754+00:00"}, {"symbol": "DOGEUSDT", "bids": [[0.14028, 260532.0], [0.14027, 324434.0], [0.14026, 379710.0], [0.14025, 411186.0], [0.14024, 769131.0], [0.14023, 945428.0], [0.14022, 497635.0], [0.14021, 361947.0], [0.1402, 596078.0], [0.14019, 462618.0], [0.14018, 486603.0], [0.14017, 438488.0], [0.14016, 559614.0], [0.14015, 697444.0], [0.14014, 696302.0], [0.14013, 531758.0], [0.14012, 500070.0], [0.14011, 526979.0], [0.1401, 901155.0], [0.14009, 605743.0]], "asks": [[0.14029, 105478.0], [0.1403, 157853.0], [0.14031, 201774.0], [0.14032, 166789.0], [0.14033, 721355.0], [0.14034, 819313.0], [0.14035, 493355.0], [0.14036, 472996.0], [0.14037, 525135.0], [0.14038, 618564.0], [0.14039, 569137.0], [0.1404, 588263.0], [0.14041, 792959.0], [0.14042, 735603.0], [0.14043, 695015.0], [0.14044, 1514563.0], [0.14045, 533622.0], [0.14046, 1001129.0], [0.14047, 836613.0], [0.14048, 1002608.0]], "timestamp": "2025-12-12T09:26:00.683987+00:00"}, {"symbol": "DOGEUSDT", "bids": [[0.14021, 73725.0], [0.1402, 138996.0], [0.14019, 218782.0], [0.14018, 485286.0], [0.14017, 1057583.0], [0.14016, 2730698.0], [0.14015, 601445.0], [0.14014, 812401.0], [0.14013, 437024.0], [0.14012, 462873.0], [0.14011, 448712.0], [0.1401, 515538.0], [0.14009, 238970.0], [0.14008, 528721.0], [0.14007, 556714.0], [0.14006, 813509.0], [0.14005, 598064.0], [0.14004, 1003509.0], [0.14003, 1362972.0], [0.14002, 1112607.0]], "asks": [[0.14022, 204366.0], [0.14023, 258538.0], [0.14024, 303032.0], [0.14025, 489686.0], [0.14026, 631565.0], [0.14027, 529153.0], [0.14028, 734264.0], [0.14029, 494862.0], [0.1403, 662824.0], [0.14031, 663446.0], [0.14032, 542216.0], [0.14033, 498274.0], [0.14034, 902198.0], [0.14035, 1382655.0], [0.14036, 543693.0], [0.14037, 940901.0], [0.14038, 2644505.0], [0.14039, 386984.0], [0.1404, 414670.0], [0.14041, 424861.0]], "timestamp": "2025-12-12T09:26:54.239542+00:00"}, {"symbol": "DOGEUSDT", "bids": [[0.14016, 253008.0], [0.14015, 225820.0], [0.14014, 478578.0], [0.14013, 423923.0], [0.14012, 729715.0], [0.14011, 810444.0], [0.1401, 3208245.0], [0.14009, 491110.0], [0.14008, 679314.0], [0.14007, 405307.0], [0.14006, 483032.0], [0.14005, 335170.0], [0.14004, 543381.0], [0.14003, 453860.0], [0.14002, 1339128.0], [0.14001, 778916.0], [0.14, 1766638.0], [0.13999, 1194003.0], [0.13998, 420597.0], [0.13997, 654998.0]], "asks": [[0.14017, 37261.0], [0.14018, 135361.0], [0.14019, 285009.0], [0.1402, 248023.0], [0.14021, 773970.0], [0.14022, 828460.0], [0.14023, 525784.0], [0.14024, 479105.0], [0.14025, 544115.0], [0.14026, 635467.0], [0.14027, 619831.0], [0.14028, 695546.0], [0.14029, 770290.0], [0.1403, 775113.0], [0.14031, 1888366.0], [0.14032, 2652888.0], [0.14033, 423886.0], [0.14034, 759813.0], [0.14035, 438324.0], [0.14036, 433297.0]], "timestamp": "2025-12-12T09:27:47.184962+00:00"}, {"symbol": "DOGEUSDT", "bids": [[0.14006, 1711676.0], [0.14005, 53999.0], [0.14004, 184672.0], [0.14003, 374209.0], [0.14002, 711372.0], [0.14001, 674355.0], [0.14, 858100.0], [0.13999, 1143992.0], [0.13998, 601760.0], [0.13997, 499356.0], [0.13996, 645421.0], [0.13995, 311455.0], [0.13994, 693141.0], [0.13993, 521115.0], [0.13992, 685872.0], [0.13991, 517052.0], [0.1399, 785012.0], [0.13989, 1025401.0], [0.13988, 767210.0], [0.13987, 1477134.0]], "asks": [[0.14007, 198277.0], [0.14008, 318215.0], [0.14009, 317070.0], [0.1401, 442301.0], [0.14011, 759273.0], [0.14012, 543288.0], [0.14013, 793932.0], [0.14014, 752959.0], [0.14015, 604463.0], [0.14016, 942803.0], [0.14017, 559835.0], [0.14018, 518388.0], [0.14019, 581228.0], [0.1402, 1223918.0], [0.14021, 610772.0], [0.14022, 733061.0], [0.14023, 305484.0], [0.14024, 260552.0], [0.14025, 615744.0], [0.14026, 701404.0]], "timestamp": "2025-12-12T09:28:40.361820+00:00"}, {"symbol": "DOGEUSDT", "bids": [[0.14, 19408.0], [0.13999, 502651.0], [0.13998, 41313.0], [0.13997, 289611.0], [0.13996, 782271.0], [0.13995, 608838.0], [0.13994, 633186.0], [0.13993, 682957.0], [0.13992, 748517.0], [0.13991, 505840.0], [0.1399, 660870.0], [0.13989, 552349.0], [0.13988, 714543.0], [0.13987, 380033.0], [0.13986, 542427.0], [0.13985, 548235.0], [0.13984, 420999.0], [0.13983, 443587.0], [0.13982, 1124829.0], [0.13981, 1913431.0]], "asks": [[0.14001, 380918.0], [0.14002, 259192.0], [0.14003, 290188.0], [0.14004, 660675.0], [0.14005, 528348.0], [0.14006, 868125.0], [0.14007, 605571.0], [0.14008, 373725.0], [0.14009, 395329.0], [0.1401, 684127.0], [0.14011, 470481.0], [0.14012, 585227.0], [0.14013, 615274.0], [0.14014, 1588461.0], [0.14015, 466791.0], [0.14016, 896541.0], [0.14017, 668618.0], [0.14018, 723073.0], [0.14019, 466746.0], [0.1402, 281959.0]], "timestamp": "2025-12-12T09:29:33.371505+00:00"}, {"symbol": "DOGEUSDT", "bids": [[0.13994, 32277.0], [0.13993, 110637.0], [0.13992, 142551.0], [0.13991, 712426.0], [0.1399, 1049483.0], [0.13989, 695988.0], [0.13988, 531545.0], [0.13987, 387866.0], [0.13986, 830659.0], [0.13985, 515372.0], [0.13984, 408656.0], [0.13983, 371550.0], [0.13982, 437483.0], [0.13981, 461812.0], [0.1398, 662942.0], [0.13979, 765655.0], [0.13978, 1042062.0], [0.13977, 1389309.0], [0.13976, 629296.0], [0.13975, 1622293.0]], "asks": [[0.13995, 264900.0], [0.13996, 178576.0], [0.13997, 466373.0], [0.13998, 459906.0], [0.13999, 852309.0], [0.14, 985049.0], [0.14001, 703086.0], [0.14002, 492915.0], [0.14003, 467683.0], [0.14004, 622927.0], [0.14005, 491678.0], [0.14006, 611815.0], [0.14007, 590958.0], [0.14008, 615547.0], [0.14009, 1106929.0], [0.1401, 749996.0], [0.14011, 492833.0], [0.14012, 563755.0], [0.14013, 610114.0], [0.14014, 565462.0]], "timestamp": "2025-12-12T09:30:26.245773+00:00"}, {"symbol": "DOGEUSDT", "bids": [[0.14009, 310162.0], [0.14008, 216057.0], [0.14007, 501169.0], [0.14006, 655352.0], [0.14005, 800085.0], [0.14004, 571358.0], [0.14003, 482409.0], [0.14002, 656768.0], [0.14001, 558328.0], [0.14, 410451.0], [0.13999, 670824.0], [0.13998, 594266.0], [0.13997, 292108.0], [0.13996, 603134.0], [0.13995, 480651.0], [0.13994, 576569.0], [0.13993, 654631.0], [0.13992, 1133472.0], [0.13991, 1418267.0], [0.1399, 661534.0]], "asks": [[0.1401, 18327.0], [0.14011, 45259.0], [0.14012, 232473.0], [0.14013, 386066.0], [0.14014, 644301.0], [0.14015, 565550.0], [0.14016, 603019.0], [0.14017, 566437.0], [0.14018, 525175.0], [0.14019, 371011.0], [0.1402, 464445.0], [0.14021, 1414764.0], [0.14022, 600945.0], [0.14023, 266042.0], [0.14024, 320175.0], [0.14025, 815287.0], [0.14026, 1363498.0], [0.14027, 448100.0], [0.14028, 491574.0], [0.14029, 739323.0]], "timestamp": "2025-12-12T09:31:19.151478+00:00"}, {"symbol": "DOGEUSDT", "bids": [[0.14012, 58299.0], [0.14011, 215007.0], [0.1401, 585586.0], [0.14009, 514735.0], [0.14008, 834407.0], [0.14007, 626077.0], [0.14006, 593253.0], [0.14005, 381203.0], [0.14004, 591845.0], [0.14003, 599920.0], [0.14002, 535988.0], [0.14001, 696072.0], [0.14, 291502.0], [0.13999, 407843.0], [0.13998, 1036597.0], [0.13997, 323769.0], [0.13996, 610468.0], [0.13995, 500399.0], [0.13994, 596064.0], [0.13993, 839131.0]], "asks": [[0.14013, 155519.0], [0.14014, 100133.0], [0.14015, 278021.0], [0.14016, 209545.0], [0.14017, 523891.0], [0.14018, 454292.0], [0.14019, 578754.0], [0.1402, 412007.0], [0.14021, 523165.0], [0.14022, 534506.0], [0.14023, 395520.0], [0.14024, 442503.0], [0.14025, 555913.0], [0.14026, 732866.0], [0.14027, 1177379.0], [0.14028, 470065.0], [0.14029, 692170.0], [0.1403, 1062903.0], [0.14031, 1239668.0], [0.14032, 545884.0]], "timestamp": "2025-12-12T09:32:12.419846+00:00"}, {"symbol": "DOGEUSDT", "bids": [[0.14016, 26368.0], [0.14015, 115920.0], [0.14014, 331376.0], [0.14013, 509450.0], [0.14012, 674373.0], [0.14011, 689835.0], [0.1401, 653364.0], [0.14009, 417394.0], [0.14008, 658624.0], [0.14007, 591555.0], [0.14006, 589744.0], [0.14005, 661081.0], [0.14004, 636818.0], [0.14003, 558912.0], [0.14002, 1174307.0], [0.14001, 996811.0], [0.14, 277322.0], [0.13999, 376819.0], [0.13998, 771375.0], [0.13997, 1279268.0]], "asks": [[0.14017, 193709.0], [0.14018, 312433.0], [0.14019, 284453.0], [0.1402, 410602.0], [0.14021, 388160.0], [0.14022, 581451.0], [0.14023, 391709.0], [0.14024, 531685.0], [0.14025, 431963.0], [0.14026, 497317.0], [0.14027, 407337.0], [0.14028, 597668.0], [0.14029, 791739.0], [0.1403, 1748803.0], [0.14031, 464233.0], [0.14032, 1171592.0], [0.14033, 617552.0], [0.14034, 754210.0], [0.14035, 801247.0], [0.14036, 586985.0]], "timestamp": "2025-12-12T09:33:05.349122+00:00"}, {"symbol": "DOGEUSDT", "bids": [[0.14012, 176830.0], [0.14011, 155193.0], [0.1401, 502018.0], [0.14009, 637156.0], [0.14008, 1809288.0], [0.14007, 558347.0], [0.14006, 506379.0], [0.14005, 646859.0], [0.14004, 655348.0], [0.14003, 576405.0], [0.14002, 684294.0], [0.14001, 543913.0], [0.14, 286923.0], [0.13999, 439699.0], [0.13998, 720902.0], [0.13997, 773989.0], [0.13996, 359695.0], [0.13995, 601016.0], [0.13994, 989720.0], [0.13993, 868919.0]], "asks": [[0.14013, 141151.0], [0.14014, 197866.0], [0.14015, 192819.0], [0.14016, 230942.0], [0.14017, 518102.0], [0.14018, 782662.0], [0.14019, 502554.0], [0.1402, 517652.0], [0.14021, 500818.0], [0.14022, 514499.0], [0.14023, 327186.0], [0.14024, 430101.0], [0.14025, 519126.0], [0.14026, 1235896.0], [0.14027, 332586.0], [0.14028, 632197.0], [0.14029, 929994.0], [0.1403, 1868806.0], [0.14031, 407576.0], [0.14032, 523978.0]], "timestamp": "2025-12-12T09:33:58.605057+00:00"}, {"symbol": "DOGEUSDT", "bids": [[0.14015, 101353.0], [0.14014, 233079.0], [0.14013, 318598.0], [0.14012, 474283.0], [0.14011, 658974.0], [0.1401, 767886.0], [0.14009, 676455.0], [0.14008, 463649.0], [0.14007, 728933.0], [0.14006, 560088.0], [0.14005, 308048.0], [0.14004, 591484.0], [0.14003, 554386.0], [0.14002, 837584.0], [0.14001, 1820532.0], [0.14, 226972.0], [0.13999, 307371.0], [0.13998, 701084.0], [0.13997, 807686.0], [0.13996, 528337.0]], "asks": [[0.14016, 29360.0], [0.14017, 178389.0], [0.14018, 265090.0], [0.14019, 345632.0], [0.1402, 693091.0], [0.14021, 526981.0], [0.14022, 754170.0], [0.14023, 1311172.0], [0.14024, 404021.0], [0.14025, 416861.0], [0.14026, 606150.0], [0.14027, 438531.0], [0.14028, 595950.0], [0.14029, 918290.0], [0.1403, 1579509.0], [0.14031, 412394.0], [0.14032, 340153.0], [0.14033, 538451.0], [0.14034, 1139679.0], [0.14035, 1855181.0]], "timestamp": "2025-12-12T09:34:51.845861+00:00"}, {"symbol": "DOGEUSDT", "bids": [[0.14018, 142317.0], [0.14017, 235705.0], [0.14016, 353341.0], [0.14015, 386464.0], [0.14014, 1119897.0], [0.14013, 697176.0], [0.14012, 384792.0], [0.14011, 522361.0], [0.1401, 826895.0], [0.14009, 342895.0], [0.14008, 523537.0], [0.14007, 835748.0], [0.14006, 2220663.0], [0.14005, 329015.0], [0.14004, 730070.0], [0.14003, 412258.0], [0.14002, 881218.0], [0.14001, 634833.0], [0.14, 1123185.0], [0.13999, 1618758.0]], "asks": [[0.14019, 17270.0], [0.1402, 124935.0], [0.14021, 292978.0], [0.14022, 312206.0], [0.14023, 513775.0], [0.14024, 644919.0], [0.14025, 499825.0], [0.14026, 488446.0], [0.14027, 583086.0], [0.14028, 1479297.0], [0.14029, 379295.0], [0.1403, 419185.0], [0.14031, 528723.0], [0.14032, 1217228.0], [0.14033, 311652.0], [0.14034, 530923.0], [0.14035, 620140.0], [0.14036, 627499.0], [0.14037, 595663.0], [0.14038, 860705.0]], "timestamp": "2025-12-12T09:35:46.250458+00:00"}, {"symbol": "DOGEUSDT", "bids": [[0.14012, 175607.0], [0.14011, 167925.0], [0.1401, 312668.0], [0.14009, 330229.0], [0.14008, 861636.0], [0.14007, 706662.0], [0.14006, 629156.0], [0.14005, 675315.0], [0.14004, 581711.0], [0.14003, 560155.0], [0.14002, 1738619.0], [0.14001, 505788.0], [0.14, 370602.0], [0.13999, 269161.0], [0.13998, 869734.0], [0.13997, 566863.0], [0.13996, 363044.0], [0.13995, 584458.0], [0.13994, 622462.0], [0.13993, 858264.0]], "asks": [[0.14013, 89631.0], [0.14014, 166964.0], [0.14015, 275634.0], [0.14016, 343878.0], [0.14017, 501975.0], [0.14018, 800850.0], [0.14019, 658359.0], [0.1402, 396953.0], [0.14021, 632494.0], [0.14022, 461397.0], [0.14023, 570132.0], [0.14024, 1293416.0], [0.14025, 527038.0], [0.14026, 1551958.0], [0.14027, 642383.0], [0.14028, 1051035.0], [0.14029, 660724.0], [0.1403, 665927.0], [0.14031, 504082.0], [0.14032, 970481.0]], "timestamp": "2025-12-12T09:36:39.115825+00:00"}, {"symbol": "DOGEUSDT", "bids": [[0.14012, 213238.0], [0.14011, 306619.0], [0.1401, 347447.0], [0.14009, 413629.0], [0.14008, 1090327.0], [0.14007, 629323.0], [0.14006, 570295.0], [0.14005, 577640.0], [0.14004, 736854.0], [0.14003, 529657.0], [0.14002, 1688962.0], [0.14001, 473131.0], [0.14, 366582.0], [0.13999, 483394.0], [0.13998, 647243.0], [0.13997, 242416.0], [0.13996, 330432.0], [0.13995, 530294.0], [0.13994, 553669.0], [0.13993, 1174362.0]], "asks": [[0.14013, 40875.0], [0.14014, 135774.0], [0.14015, 213083.0], [0.14016, 269400.0], [0.14017, 449290.0], [0.14018, 601864.0], [0.14019, 634580.0], [0.1402, 450633.0], [0.14021, 718055.0], [0.14022, 442499.0], [0.14023, 678221.0], [0.14024, 1276163.0], [0.14025, 472279.0], [0.14026, 1407368.0], [0.14027, 662724.0], [0.14028, 1337972.0], [0.14029, 543533.0], [0.1403, 674975.0], [0.14031, 687650.0], [0.14032, 1077685.0]], "timestamp": "2025-12-12T09:37:32.199987+00:00"}, {"symbol": "DOGEUSDT", "bids": [[0.14008, 213911.0], [0.14007, 192882.0], [0.14006, 259683.0], [0.14005, 518991.0], [0.14004, 890047.0], [0.14003, 342133.0], [0.14002, 740657.0], [0.14001, 2063681.0], [0.14, 370956.0], [0.13999, 361754.0], [0.13998, 706117.0], [0.13997, 549653.0], [0.13996, 503156.0], [0.13995, 811442.0], [0.13994, 578249.0], [0.13993, 788280.0], [0.13992, 813783.0], [0.13991, 719313.0], [0.1399, 1207575.0], [0.13989, 1105204.0]], "asks": [[0.14009, 34183.0], [0.1401, 124628.0], [0.14011, 225926.0], [0.14012, 411957.0], [0.14013, 598281.0], [0.14014, 709243.0], [0.14015, 489125.0], [0.14016, 486341.0], [0.14017, 432363.0], [0.14018, 419520.0], [0.14019, 469623.0], [0.1402, 454105.0], [0.14021, 873675.0], [0.14022, 1438096.0], [0.14023, 1357060.0], [0.14024, 360227.0], [0.14025, 616041.0], [0.14026, 625957.0], [0.14027, 745701.0], [0.14028, 1268388.0]], "timestamp": "2025-12-12T09:38:25.345493+00:00"}, {"symbol": "DOGEUSDT", "bids": [[0.14004, 11382.0], [0.14003, 136075.0], [0.14002, 150827.0], [0.14001, 357897.0], [0.14, 746808.0], [0.13999, 587009.0], [0.13998, 663925.0], [0.13997, 520404.0], [0.13996, 580248.0], [0.13995, 548767.0], [0.13994, 511744.0], [0.13993, 424789.0], [0.13992, 1155231.0], [0.13991, 574204.0], [0.1399, 539732.0], [0.13989, 569297.0], [0.13988, 746734.0], [0.13987, 734166.0], [0.13986, 936804.0], [0.13985, 1541516.0]], "asks": [[0.14005, 227734.0], [0.14006, 197055.0], [0.14007, 281090.0], [0.14008, 405543.0], [0.14009, 514203.0], [0.1401, 492426.0], [0.14011, 495432.0], [0.14012, 521922.0], [0.14013, 559514.0], [0.14014, 534560.0], [0.14015, 660145.0], [0.14016, 584883.0], [0.14017, 497850.0], [0.14018, 1115499.0], [0.14019, 361715.0], [0.1402, 840670.0], [0.14021, 723075.0], [0.14022, 526218.0], [0.14023, 482267.0], [0.14024, 520219.0]], "timestamp": "2025-12-12T09:39:18.210866+00:00"}, {"symbol": "DOGEUSDT", "bids": [[0.14005, 9461.0], [0.14004, 124418.0], [0.14003, 331988.0], [0.14002, 463214.0], [0.14001, 838652.0], [0.14, 476100.0], [0.13999, 675895.0], [0.13998, 771845.0], [0.13997, 487990.0], [0.13996, 423420.0], [0.13995, 518412.0], [0.13994, 394847.0], [0.13993, 431028.0], [0.13992, 1480160.0], [0.13991, 927460.0], [0.1399, 442871.0], [0.13989, 744437.0], [0.13988, 940089.0], [0.13987, 347327.0], [0.13986, 638916.0]], "asks": [[0.14006, 244003.0], [0.14007, 134558.0], [0.14008, 250387.0], [0.14009, 438886.0], [0.1401, 778708.0], [0.14011, 348706.0], [0.14012, 470314.0], [0.14013, 600153.0], [0.14014, 351381.0], [0.14015, 688730.0], [0.14016, 584644.0], [0.14017, 1152757.0], [0.14018, 522646.0], [0.14019, 451587.0], [0.1402, 697039.0], [0.14021, 835323.0], [0.14022, 526261.0], [0.14023, 507965.0], [0.14024, 1239940.0], [0.14025, 747309.0]], "timestamp": "2025-12-12T09:40:11.229319+00:00"}, {"symbol": "DOGEUSDT", "bids": [[0.1401, 30782.0], [0.14009, 118007.0], [0.14008, 269615.0], [0.14007, 747689.0], [0.14006, 1130954.0], [0.14005, 353777.0], [0.14004, 520697.0], [0.14003, 445754.0], [0.14002, 756623.0], [0.14001, 495257.0], [0.14, 346395.0], [0.13999, 471362.0], [0.13998, 908662.0], [0.13997, 575495.0], [0.13996, 773659.0], [0.13995, 1472099.0], [0.13994, 744963.0], [0.13993, 604279.0], [0.13992, 721080.0], [0.13991, 518068.0]], "asks": [[0.14011, 287909.0], [0.14012, 154607.0], [0.14013, 285863.0], [0.14014, 502892.0], [0.14015, 553325.0], [0.14016, 531217.0], [0.14017, 415241.0], [0.14018, 365532.0], [0.14019, 460730.0], [0.1402, 550887.0], [0.14021, 661649.0], [0.14022, 572985.0], [0.14023, 524433.0], [0.14024, 602712.0], [0.14025, 1564619.0], [0.14026, 619367.0], [0.14027, 581825.0], [0.14028, 567780.0], [0.14029, 703830.0], [0.1403, 1446530.0]], "timestamp": "2025-12-12T09:41:04.887207+00:00"}, {"symbol": "DOGEUSDT", "bids": [[0.14014, 230968.0], [0.14013, 101110.0], [0.14012, 453395.0], [0.14011, 297638.0], [0.1401, 1156223.0], [0.14009, 628114.0], [0.14008, 642265.0], [0.14007, 787461.0], [0.14006, 726288.0], [0.14005, 456548.0], [0.14004, 513071.0], [0.14003, 299515.0], [0.14002, 468697.0], [0.14001, 528090.0], [0.14, 354034.0], [0.13999, 1516455.0], [0.13998, 990135.0], [0.13997, 926108.0], [0.13996, 820963.0], [0.13995, 799076.0]], "asks": [[0.14015, 195508.0], [0.14016, 197686.0], [0.14017, 208715.0], [0.14018, 475823.0], [0.14019, 648476.0], [0.1402, 325618.0], [0.14021, 550815.0], [0.14022, 458439.0], [0.14023, 321728.0], [0.14024, 582523.0], [0.14025, 551610.0], [0.14026, 522042.0], [0.14027, 654294.0], [0.14028, 1298375.0], [0.14029, 470194.0], [0.1403, 1507695.0], [0.14031, 903342.0], [0.14032, 468536.0], [0.14033, 540451.0], [0.14034, 629057.0]], "timestamp": "2025-12-12T09:41:57.726178+00:00"}, {"symbol": "DOGEUSDT", "bids": [[0.14011, 41252.0], [0.1401, 161893.0], [0.14009, 364437.0], [0.14008, 593626.0], [0.14007, 1115561.0], [0.14006, 1547092.0], [0.14005, 614841.0], [0.14004, 706175.0], [0.14003, 405288.0], [0.14002, 485904.0], [0.14001, 544474.0], [0.14, 311422.0], [0.13999, 563488.0], [0.13998, 862382.0], [0.13997, 952342.0], [0.13996, 645037.0], [0.13995, 638679.0], [0.13994, 977882.0], [0.13993, 1202251.0], [0.13992, 1331989.0]], "asks": [[0.14012, 354075.0], [0.14013, 328882.0], [0.14014, 165410.0], [0.14015, 342578.0], [0.14016, 616003.0], [0.14017, 396780.0], [0.14018, 583899.0], [0.14019, 517472.0], [0.1402, 318100.0], [0.14021, 529381.0], [0.14022, 439056.0], [0.14023, 266926.0], [0.14024, 378705.0], [0.14025, 1296450.0], [0.14026, 596823.0], [0.14027, 713145.0], [0.14028, 1598611.0], [0.14029, 491804.0], [0.1403, 819896.0], [0.14031, 778303.0]], "timestamp": "2025-12-12T09:42:51.179304+00:00"}, {"symbol": "DOGEUSDT", "bids": [[0.14013, 266821.0], [0.14012, 390256.0], [0.14011, 582718.0], [0.1401, 544105.0], [0.14009, 780054.0], [0.14008, 612082.0], [0.14007, 495702.0], [0.14006, 644035.0], [0.14005, 455155.0], [0.14004, 485067.0], [0.14003, 476482.0], [0.14002, 596578.0], [0.14001, 1529089.0], [0.14, 747053.0], [0.13999, 1906813.0], [0.13998, 709174.0], [0.13997, 917319.0], [0.13996, 581918.0], [0.13995, 650862.0], [0.13994, 990367.0]], "asks": [[0.14014, 5965.0], [0.14015, 69882.0], [0.14016, 186615.0], [0.14017, 283452.0], [0.14018, 461336.0], [0.14019, 541404.0], [0.1402, 871345.0], [0.14021, 1514552.0], [0.14022, 536152.0], [0.14023, 235156.0], [0.14024, 295200.0], [0.14025, 415469.0], [0.14026, 481654.0], [0.14027, 448043.0], [0.14028, 541178.0], [0.14029, 1219849.0], [0.1403, 881804.0], [0.14031, 801626.0], [0.14032, 516766.0], [0.14033, 703610.0]], "timestamp": "2025-12-12T09:43:45.066608+00:00"}, {"symbol": "DOGEUSDT", "bids": [[0.14008, 302535.0], [0.14007, 197506.0], [0.14006, 343641.0], [0.14005, 431290.0], [0.14004, 885072.0], [0.14003, 608553.0], [0.14002, 778483.0], [0.14001, 1860200.0], [0.14, 435787.0], [0.13999, 391269.0], [0.13998, 748989.0], [0.13997, 493767.0], [0.13996, 536817.0], [0.13995, 779368.0], [0.13994, 835608.0], [0.13993, 702410.0], [0.13992, 545832.0], [0.13991, 1569045.0], [0.1399, 783191.0], [0.13989, 1172420.0]], "asks": [[0.14009, 46136.0], [0.1401, 79627.0], [0.14011, 232945.0], [0.14012, 265473.0], [0.14013, 645964.0], [0.14014, 653584.0], [0.14015, 455554.0], [0.14016, 700105.0], [0.14017, 319634.0], [0.14018, 538685.0], [0.14019, 571283.0], [0.1402, 551524.0], [0.14021, 634234.0], [0.14022, 1374962.0], [0.14023, 1246274.0], [0.14024, 445612.0], [0.14025, 690201.0], [0.14026, 643364.0], [0.14027, 357313.0], [0.14028, 485852.0]], "timestamp": "2025-12-12T09:44:37.903741+00:00"}, {"symbol": "DOGEUSDT", "bids": [[0.14008, 324090.0], [0.14007, 134053.0], [0.14006, 385424.0], [0.14005, 305696.0], [0.14004, 964938.0], [0.14003, 701000.0], [0.14002, 600208.0], [0.14001, 724780.0], [0.14, 543004.0], [0.13999, 1366791.0], [0.13998, 610069.0], [0.13997, 371081.0], [0.13996, 348162.0], [0.13995, 663660.0], [0.13994, 820569.0], [0.13993, 1420767.0], [0.13992, 479578.0], [0.13991, 647856.0], [0.1399, 710429.0], [0.13989, 1222781.0]], "asks": [[0.14009, 126655.0], [0.1401, 182745.0], [0.14011, 183739.0], [0.14012, 288384.0], [0.14013, 539170.0], [0.14014, 726654.0], [0.14015, 333592.0], [0.14016, 698780.0], [0.14017, 276144.0], [0.14018, 572640.0], [0.14019, 527059.0], [0.1402, 876443.0], [0.14021, 1454451.0], [0.14022, 487157.0], [0.14023, 442829.0], [0.14024, 1585702.0], [0.14025, 613705.0], [0.14026, 636937.0], [0.14027, 395124.0], [0.14028, 547987.0]], "timestamp": "2025-12-12T09:45:30.832606+00:00"}, {"symbol": "DOGEUSDT", "bids": [[0.14003, 136229.0], [0.14002, 33288.0], [0.14001, 152967.0], [0.14, 427979.0], [0.13999, 848688.0], [0.13998, 855227.0], [0.13997, 577099.0], [0.13996, 599649.0], [0.13995, 543323.0], [0.13994, 632146.0], [0.13993, 1635846.0], [0.13992, 430963.0], [0.13991, 600566.0], [0.1399, 679280.0], [0.13989, 996368.0], [0.13988, 1210087.0], [0.13987, 490167.0], [0.13986, 1059553.0], [0.13985, 1528544.0], [0.13984, 667452.0]], "asks": [[0.14004, 362625.0], [0.14005, 354838.0], [0.14006, 399238.0], [0.14007, 715182.0], [0.14008, 473415.0], [0.14009, 576381.0], [0.1401, 551760.0], [0.14011, 485146.0], [0.14012, 551796.0], [0.14013, 359407.0], [0.14014, 496102.0], [0.14015, 1309544.0], [0.14016, 636006.0], [0.14017, 255725.0], [0.14018, 581992.0], [0.14019, 531962.0], [0.1402, 935434.0], [0.14021, 410771.0], [0.14022, 677930.0], [0.14023, 341823.0]], "timestamp": "2025-12-12T09:46:24.074054+00:00"}, {"symbol": "DOGEUSDT", "bids": [[0.14013, 36350.0], [0.14012, 353448.0], [0.14011, 520848.0], [0.1401, 775237.0], [0.14009, 1142583.0], [0.14008, 683456.0], [0.14007, 508691.0], [0.14006, 808293.0], [0.14005, 681727.0], [0.14004, 561803.0], [0.14003, 455235.0], [0.14002, 508916.0], [0.14001, 547299.0], [0.14, 613401.0], [0.13999, 1657065.0], [0.13998, 718505.0], [0.13997, 953616.0], [0.13996, 1801878.0], [0.13995, 586315.0], [0.13994, 1074321.0]], "asks": [[0.14014, 203492.0], [0.14015, 66638.0], [0.14016, 189327.0], [0.14017, 313305.0], [0.14018, 1515301.0], [0.14019, 565864.0], [0.1402, 518897.0], [0.14021, 518813.0], [0.14022, 488587.0], [0.14023, 401064.0], [0.14024, 611614.0], [0.14025, 598493.0], [0.14026, 627288.0], [0.14027, 385069.0], [0.14028, 609957.0], [0.14029, 565002.0], [0.1403, 1570567.0], [0.14031, 746445.0], [0.14032, 554020.0], [0.14033, 659075.0]], "timestamp": "2025-12-12T09:47:16.976408+00:00"}, {"symbol": "DOGEUSDT", "bids": [[0.14018, 191235.0], [0.14017, 516191.0], [0.14016, 495702.0], [0.14015, 558888.0], [0.14014, 774804.0], [0.14013, 527585.0], [0.14012, 674073.0], [0.14011, 510315.0], [0.1401, 789620.0], [0.14009, 830523.0], [0.14008, 320521.0], [0.14007, 478314.0], [0.14006, 786179.0], [0.14005, 1737972.0], [0.14004, 3356874.0], [0.14003, 589761.0], [0.14002, 733952.0], [0.14001, 284991.0], [0.14, 421451.0], [0.13999, 810567.0]], "asks": [[0.14019, 110470.0], [0.1402, 232042.0], [0.14021, 96333.0], [0.14022, 225207.0], [0.14023, 572001.0], [0.14024, 429846.0], [0.14025, 1189326.0], [0.14026, 3201278.0], [0.14027, 379857.0], [0.14028, 431120.0], [0.14029, 322789.0], [0.1403, 527686.0], [0.14031, 463699.0], [0.14032, 347065.0], [0.14033, 498166.0], [0.14034, 1374556.0], [0.14035, 834746.0], [0.14036, 696065.0], [0.14037, 655674.0], [0.14038, 950372.0]], "timestamp": "2025-12-12T09:48:10.363809+00:00"}, {"symbol": "DOGEUSDT", "bids": [[0.1402, 152913.0], [0.14019, 174118.0], [0.14018, 318691.0], [0.14017, 384427.0], [0.14016, 874269.0], [0.14015, 706113.0], [0.14014, 576209.0], [0.14013, 728059.0], [0.14012, 605044.0], [0.14011, 454890.0], [0.1401, 1098790.0], [0.14009, 2946798.0], [0.14008, 353740.0], [0.14007, 423572.0], [0.14006, 854875.0], [0.14005, 307837.0], [0.14004, 653687.0], [0.14003, 1267362.0], [0.14002, 445696.0], [0.14001, 459868.0]], "asks": [[0.14021, 211773.0], [0.14022, 156588.0], [0.14023, 293447.0], [0.14024, 446288.0], [0.14025, 495242.0], [0.14026, 413582.0], [0.14027, 676309.0], [0.14028, 471475.0], [0.14029, 364655.0], [0.1403, 773079.0], [0.14031, 2240001.0], [0.14032, 312030.0], [0.14033, 400221.0], [0.14034, 580540.0], [0.14035, 516828.0], [0.14036, 1428718.0], [0.14037, 827853.0], [0.14038, 814810.0], [0.14039, 526357.0], [0.1404, 803420.0]], "timestamp": "2025-12-12T09:49:03.353964+00:00"}, {"symbol": "DOGEUSDT", "bids": [[0.14038, 243599.0], [0.14037, 320559.0], [0.14036, 358704.0], [0.14035, 344130.0], [0.14034, 1103349.0], [0.14033, 490875.0], [0.14032, 558279.0], [0.14031, 739251.0], [0.1403, 753558.0], [0.14029, 272074.0], [0.14028, 388319.0], [0.14027, 578070.0], [0.14026, 708372.0], [0.14025, 1213548.0], [0.14024, 541887.0], [0.14023, 715432.0], [0.14022, 1094502.0], [0.14021, 512326.0], [0.1402, 296105.0], [0.14019, 498695.0]], "asks": [[0.14039, 149876.0], [0.1404, 143672.0], [0.14041, 238812.0], [0.14042, 268965.0], [0.14043, 344219.0], [0.14044, 728392.0], [0.14045, 571149.0], [0.14046, 643101.0], [0.14047, 626941.0], [0.14048, 528524.0], [0.14049, 341903.0], [0.1405, 575517.0], [0.14051, 495138.0], [0.14052, 630406.0], [0.14053, 833724.0], [0.14054, 951953.0], [0.14055, 445319.0], [0.14056, 1249230.0], [0.14057, 429996.0], [0.14058, 906308.0]], "timestamp": "2025-12-12T09:49:57.270990+00:00"}, {"symbol": "DOGEUSDT", "bids": [[0.14064, 196555.0], [0.14063, 435244.0], [0.14062, 502742.0], [0.14061, 569413.0], [0.1406, 884339.0], [0.14059, 778703.0], [0.14058, 864705.0], [0.14057, 721538.0], [0.14056, 796544.0], [0.14055, 581484.0], [0.14054, 662304.0], [0.14053, 328151.0], [0.14052, 578642.0], [0.14051, 1301416.0], [0.1405, 638463.0], [0.14049, 606613.0], [0.14048, 529731.0], [0.14047, 352273.0], [0.14046, 494487.0], [0.14045, 380188.0]], "asks": [[0.14065, 33370.0], [0.14066, 113883.0], [0.14067, 157768.0], [0.14068, 303227.0], [0.14069, 658711.0], [0.1407, 927713.0], [0.14071, 361461.0], [0.14072, 465686.0], [0.14073, 516409.0], [0.14074, 339897.0], [0.14075, 554323.0], [0.14076, 557875.0], [0.14077, 668722.0], [0.14078, 739163.0], [0.14079, 1926305.0], [0.1408, 977574.0], [0.14081, 617288.0], [0.14082, 466838.0], [0.14083, 624570.0], [0.14084, 1303925.0]], "timestamp": "2025-12-12T09:50:50.512497+00:00"}, {"symbol": "DOGEUSDT", "bids": [[0.14075, 241055.0], [0.14074, 95827.0], [0.14073, 429758.0], [0.14072, 758291.0], [0.14071, 1117736.0], [0.1407, 616156.0], [0.14069, 488148.0], [0.14068, 675234.0], [0.14067, 409552.0], [0.14066, 687787.0], [0.14065, 532877.0], [0.14064, 540005.0], [0.14063, 658155.0], [0.14062, 821263.0], [0.14061, 561086.0], [0.1406, 1583341.0], [0.14059, 345511.0], [0.14058, 458184.0], [0.14057, 452559.0], [0.14056, 654096.0]], "asks": [[0.14076, 237096.0], [0.14077, 231670.0], [0.14078, 299886.0], [0.14079, 349022.0], [0.1408, 517248.0], [0.14081, 655292.0], [0.14082, 618410.0], [0.14083, 631012.0], [0.14084, 695429.0], [0.14085, 613260.0], [0.14086, 546669.0], [0.14087, 497719.0], [0.14088, 472943.0], [0.14089, 461759.0], [0.1409, 439272.0], [0.14091, 1287439.0], [0.14092, 651742.0], [0.14093, 524498.0], [0.14094, 850690.0], [0.14095, 451969.0]], "timestamp": "2025-12-12T09:51:43.293959+00:00"}, {"symbol": "DOGEUSDT", "bids": [[0.14062, 299572.0], [0.14061, 266261.0], [0.1406, 575431.0], [0.14059, 901628.0], [0.14058, 2414032.0], [0.14057, 418723.0], [0.14056, 374731.0], [0.14055, 354769.0], [0.14054, 623354.0], [0.14053, 400872.0], [0.14052, 488659.0], [0.14051, 529980.0], [0.1405, 544417.0], [0.14049, 330630.0], [0.14048, 531416.0], [0.14047, 527470.0], [0.14046, 901392.0], [0.14045, 1927196.0], [0.14044, 616657.0], [0.14043, 475695.0]], "asks": [[0.14063, 45588.0], [0.14064, 133604.0], [0.14065, 254936.0], [0.14066, 312926.0], [0.14067, 614214.0], [0.14068, 731281.0], [0.14069, 713680.0], [0.1407, 678598.0], [0.14071, 409924.0], [0.14072, 529518.0], [0.14073, 721457.0], [0.14074, 510706.0], [0.14075, 1203082.0], [0.14076, 427380.0], [0.14077, 635918.0], [0.14078, 662211.0], [0.14079, 791364.0], [0.1408, 468168.0], [0.14081, 528879.0], [0.14082, 755546.0]], "timestamp": "2025-12-12T09:52:35.922135+00:00"}, {"symbol": "DOGEUSDT", "bids": [[0.1406, 240757.0], [0.14059, 395466.0], [0.14058, 364488.0], [0.14057, 716941.0], [0.14056, 865514.0], [0.14055, 807654.0], [0.14054, 2606435.0], [0.14053, 361608.0], [0.14052, 432624.0], [0.14051, 601411.0], [0.1405, 464458.0], [0.14049, 392053.0], [0.14048, 393265.0], [0.14047, 568118.0], [0.14046, 1061080.0], [0.14045, 725817.0], [0.14044, 778465.0], [0.14043, 773722.0], [0.14042, 1297925.0], [0.14041, 500852.0]], "asks": [[0.14061, 25196.0], [0.14062, 161187.0], [0.14063, 348670.0], [0.14064, 344449.0], [0.14065, 551598.0], [0.14066, 908524.0], [0.14067, 598691.0], [0.14068, 640181.0], [0.14069, 763337.0], [0.1407, 731345.0], [0.14071, 403215.0], [0.14072, 416020.0], [0.14073, 751028.0], [0.14074, 528725.0], [0.14075, 1305350.0], [0.14076, 451403.0], [0.14077, 411465.0], [0.14078, 716972.0], [0.14079, 808975.0], [0.1408, 577059.0]], "timestamp": "2025-12-12T09:53:29.254192+00:00"}, {"symbol": "DOGEUSDT", "bids": [[0.14054, 143338.0], [0.14053, 123121.0], [0.14052, 228062.0], [0.14051, 458705.0], [0.1405, 1342115.0], [0.14049, 2687188.0], [0.14048, 459394.0], [0.14047, 474437.0], [0.14046, 760279.0], [0.14045, 579569.0], [0.14044, 245340.0], [0.14043, 550132.0], [0.14042, 870369.0], [0.14041, 363022.0], [0.1404, 612376.0], [0.14039, 488651.0], [0.14038, 639267.0], [0.14037, 901393.0], [0.14036, 631548.0], [0.14035, 988774.0]], "asks": [[0.14055, 120118.0], [0.14056, 145183.0], [0.14057, 227548.0], [0.14058, 398297.0], [0.14059, 478344.0], [0.1406, 576250.0], [0.14061, 683365.0], [0.14062, 544654.0], [0.14063, 553455.0], [0.14064, 535004.0], [0.14065, 514881.0], [0.14066, 1281726.0], [0.14067, 506306.0], [0.14068, 265814.0], [0.14069, 575348.0], [0.1407, 659830.0], [0.14071, 381435.0], [0.14072, 500879.0], [0.14073, 829477.0], [0.14074, 604204.0]], "timestamp": "2025-12-12T09:54:22.186851+00:00"}, {"symbol": "DOGEUSDT", "bids": [[0.14062, 67155.0], [0.14061, 96369.0], [0.1406, 210195.0], [0.14059, 387131.0], [0.14058, 981081.0], [0.14057, 372094.0], [0.14056, 707758.0], [0.14055, 876761.0], [0.14054, 871245.0], [0.14053, 396710.0], [0.14052, 375795.0], [0.14051, 496484.0], [0.1405, 675904.0], [0.14049, 427643.0], [0.14048, 772349.0], [0.14047, 3833991.0], [0.14046, 765104.0], [0.14045, 553686.0], [0.14044, 210571.0], [0.14043, 409328.0]], "asks": [[0.14063, 284529.0], [0.14064, 170328.0], [0.14065, 336054.0], [0.14066, 429452.0], [0.14067, 461494.0], [0.14068, 668205.0], [0.14069, 672532.0], [0.1407, 938673.0], [0.14071, 720067.0], [0.14072, 472782.0], [0.14073, 648779.0], [0.14074, 345161.0], [0.14075, 564870.0], [0.14076, 1257382.0], [0.14077, 597381.0], [0.14078, 933656.0], [0.14079, 903907.0], [0.1408, 1255565.0], [0.14081, 735180.0], [0.14082, 466647.0]], "timestamp": "2025-12-12T09:55:16.250199+00:00"}, {"symbol": "DOGEUSDT", "bids": [[0.14067, 220938.0], [0.14066, 543201.0], [0.14065, 527249.0], [0.14064, 638069.0], [0.14063, 1298964.0], [0.14062, 534033.0], [0.14061, 473195.0], [0.1406, 484094.0], [0.14059, 778804.0], [0.14058, 552800.0], [0.14057, 234635.0], [0.14056, 468504.0], [0.14055, 430769.0], [0.14054, 688339.0], [0.14053, 1662109.0], [0.14052, 2755012.0], [0.14051, 780612.0], [0.1405, 1047932.0], [0.14049, 442397.0], [0.14048, 477548.0]], "asks": [[0.14068, 24946.0], [0.14069, 134678.0], [0.1407, 352209.0], [0.14071, 303238.0], [0.14072, 547675.0], [0.14073, 861530.0], [0.14074, 456488.0], [0.14075, 662362.0], [0.14076, 585512.0], [0.14077, 573439.0], [0.14078, 570404.0], [0.14079, 459978.0], [0.1408, 549878.0], [0.14081, 581583.0], [0.14082, 466816.0], [0.14083, 869509.0], [0.14084, 1716891.0], [0.14085, 1354784.0], [0.14086, 964060.0], [0.14087, 684732.0]], "timestamp": "2025-12-12T09:56:09.091515+00:00"}, {"symbol": "DOGEUSDT", "bids": [[0.14072, 106403.0], [0.14071, 32844.0], [0.1407, 209547.0], [0.14069, 285890.0], [0.14068, 734944.0], [0.14067, 515453.0], [0.14066, 677190.0], [0.14065, 754633.0], [0.14064, 741716.0], [0.14063, 452114.0], [0.14062, 829724.0], [0.14061, 2273472.0], [0.1406, 285179.0], [0.14059, 509637.0], [0.14058, 575358.0], [0.14057, 669586.0], [0.14056, 1722195.0], [0.14055, 352664.0], [0.14054, 431348.0], [0.14053, 498553.0]], "asks": [[0.14073, 232870.0], [0.14074, 427294.0], [0.14075, 318663.0], [0.14076, 674361.0], [0.14077, 522503.0], [0.14078, 805309.0], [0.14079, 476987.0], [0.1408, 512185.0], [0.14081, 594292.0], [0.14082, 657560.0], [0.14083, 697059.0], [0.14084, 670065.0], [0.14085, 792375.0], [0.14086, 879512.0], [0.14087, 1437636.0], [0.14088, 766275.0], [0.14089, 835343.0], [0.1409, 519537.0], [0.14091, 1165278.0], [0.14092, 686748.0]], "timestamp": "2025-12-12T09:57:02.059468+00:00"}, {"symbol": "DOGEUSDT", "bids": [[0.1408, 118094.0], [0.14079, 52299.0], [0.14078, 114965.0], [0.14077, 414706.0], [0.14076, 707155.0], [0.14075, 707663.0], [0.14074, 808914.0], [0.14073, 533656.0], [0.14072, 854917.0], [0.14071, 641410.0], [0.1407, 300869.0], [0.14069, 460537.0], [0.14068, 567537.0], [0.14067, 279252.0], [0.14066, 497779.0], [0.14065, 818719.0], [0.14064, 1608408.0], [0.14063, 976150.0], [0.14062, 1128127.0], [0.14061, 2507663.0]], "asks": [[0.14081, 346297.0], [0.14082, 273538.0], [0.14083, 516557.0], [0.14084, 430384.0], [0.14085, 930200.0], [0.14086, 1183806.0], [0.14087, 477957.0], [0.14088, 686019.0], [0.14089, 621338.0], [0.1409, 375111.0], [0.14091, 616949.0], [0.14092, 581478.0], [0.14093, 361419.0], [0.14094, 706832.0], [0.14095, 656514.0], [0.14096, 1454905.0], [0.14097, 838299.0], [0.14098, 805553.0], [0.14099, 808677.0], [0.141, 963139.0]], "timestamp": "2025-12-12T09:57:55.076102+00:00"}, {"symbol": "DOGEUSDT", "bids": [[0.14087, 84473.0], [0.14086, 198432.0], [0.14085, 283489.0], [0.14084, 501725.0], [0.14083, 1374923.0], [0.14082, 668215.0], [0.14081, 814364.0], [0.1408, 742428.0], [0.14079, 588402.0], [0.14078, 479265.0], [0.14077, 790500.0], [0.14076, 659503.0], [0.14075, 312157.0], [0.14074, 654048.0], [0.14073, 338636.0], [0.14072, 1660052.0], [0.14071, 826053.0], [0.1407, 575652.0], [0.14069, 476446.0], [0.14068, 748654.0]], "asks": [[0.14088, 137298.0], [0.14089, 274240.0], [0.1409, 185667.0], [0.14091, 378998.0], [0.14092, 337791.0], [0.14093, 484683.0], [0.14094, 746590.0], [0.14095, 377481.0], [0.14096, 492600.0], [0.14097, 675942.0], [0.14098, 641853.0], [0.14099, 677379.0], [0.141, 744560.0], [0.14101, 1186821.0], [0.14102, 590680.0], [0.14103, 814182.0], [0.14104, 1241177.0], [0.14105, 712105.0], [0.14106, 566335.0], [0.14107, 852065.0]], "timestamp": "2025-12-12T09:58:48.352327+00:00"}, {"symbol": "DOGEUSDT", "bids": [[0.14089, 182785.0], [0.14088, 100125.0], [0.14087, 306502.0], [0.14086, 684525.0], [0.14085, 644589.0], [0.14084, 429347.0], [0.14083, 770809.0], [0.14082, 499309.0], [0.14081, 729659.0], [0.1408, 488159.0], [0.14079, 276705.0], [0.14078, 523376.0], [0.14077, 722970.0], [0.14076, 1081014.0], [0.14075, 316228.0], [0.14074, 484324.0], [0.14073, 1176078.0], [0.14072, 987870.0], [0.14071, 1349014.0], [0.1407, 424731.0]], "asks": [[0.1409, 126422.0], [0.14091, 220619.0], [0.14092, 340776.0], [0.14093, 514707.0], [0.14094, 530295.0], [0.14095, 786773.0], [0.14096, 736084.0], [0.14097, 667910.0], [0.14098, 482925.0], [0.14099, 684217.0], [0.141, 816650.0], [0.14101, 488364.0], [0.14102, 556172.0], [0.14103, 1609710.0], [0.14104, 445848.0], [0.14105, 1159835.0], [0.14106, 570503.0], [0.14107, 730973.0], [0.14108, 1463550.0], [0.14109, 757848.0]], "timestamp": "2025-12-12T09:59:41.470140+00:00"}, {"symbol": "DOGEUSDT", "bids": [[0.1409, 377498.0], [0.14089, 358715.0], [0.14088, 419977.0], [0.14087, 451892.0], [0.14086, 932900.0], [0.14085, 979804.0], [0.14084, 355022.0], [0.14083, 557696.0], [0.14082, 450014.0], [0.14081, 392485.0], [0.1408, 612300.0], [0.14079, 333763.0], [0.14078, 611060.0], [0.14077, 793414.0], [0.14076, 696968.0], [0.14075, 724133.0], [0.14074, 1324268.0], [0.14073, 590892.0], [0.14072, 758636.0], [0.14071, 564614.0]], "asks": [[0.14091, 55241.0], [0.14092, 312895.0], [0.14093, 472430.0], [0.14094, 469815.0], [0.14095, 808801.0], [0.14096, 695177.0], [0.14097, 528120.0], [0.14098, 735845.0], [0.14099, 819701.0], [0.141, 766392.0], [0.14101, 787913.0], [0.14102, 624537.0], [0.14103, 679468.0], [0.14104, 507466.0], [0.14105, 1189420.0], [0.14106, 1558812.0], [0.14107, 583735.0], [0.14108, 1271495.0], [0.14109, 748446.0], [0.1411, 678357.0]], "timestamp": "2025-12-12T10:00:34.431582+00:00"}, {"symbol": "DOGEUSDT", "bids": [[0.14105, 243645.0], [0.14104, 174510.0], [0.14103, 334089.0], [0.14102, 481930.0], [0.14101, 1032089.0], [0.141, 1177296.0], [0.14099, 614738.0], [0.14098, 534469.0], [0.14097, 846147.0], [0.14096, 505645.0], [0.14095, 473301.0], [0.14094, 211432.0], [0.14093, 487135.0], [0.14092, 323228.0], [0.14091, 420228.0], [0.1409, 471331.0], [0.14089, 1026818.0], [0.14088, 593371.0], [0.14087, 852590.0], [0.14086, 409418.0]], "asks": [[0.14106, 87759.0], [0.14107, 170199.0], [0.14108, 229281.0], [0.14109, 389679.0], [0.1411, 798852.0], [0.14111, 753362.0], [0.14112, 796920.0], [0.14113, 731701.0], [0.14114, 706491.0], [0.14115, 414688.0], [0.14116, 482220.0], [0.14117, 621957.0], [0.14118, 1756545.0], [0.14119, 806935.0], [0.1412, 587927.0], [0.14121, 1036798.0], [0.14122, 978872.0], [0.14123, 1131352.0], [0.14124, 654777.0], [0.14125, 774515.0]], "timestamp": "2025-12-12T10:01:28.331495+00:00"}, {"symbol": "DOGEUSDT", "bids": [[0.14101, 762235.0], [0.141, 443909.0], [0.14099, 235380.0], [0.14098, 493191.0], [0.14097, 1054212.0], [0.14096, 688519.0], [0.14095, 853988.0], [0.14094, 709987.0], [0.14093, 692338.0], [0.14092, 539683.0], [0.14091, 462841.0], [0.1409, 460495.0], [0.14089, 553973.0], [0.14088, 709239.0], [0.14087, 238369.0], [0.14086, 477752.0], [0.14085, 349527.0], [0.14084, 1290792.0], [0.14083, 531295.0], [0.14082, 528657.0]], "asks": [[0.14102, 65532.0], [0.14103, 87553.0], [0.14104, 273885.0], [0.14105, 602850.0], [0.14106, 953220.0], [0.14107, 704712.0], [0.14108, 548058.0], [0.14109, 439123.0], [0.1411, 893567.0], [0.14111, 531343.0], [0.14112, 436985.0], [0.14113, 600239.0], [0.14114, 699588.0], [0.14115, 442696.0], [0.14116, 1332469.0], [0.14117, 684758.0], [0.14118, 705073.0], [0.14119, 486226.0], [0.1412, 640028.0], [0.14121, 1115078.0]], "timestamp": "2025-12-12T10:02:21.115723+00:00"}, {"symbol": "DOGEUSDT", "bids": [[0.14105, 249733.0], [0.14104, 184955.0], [0.14103, 573006.0], [0.14102, 669176.0], [0.14101, 1014032.0], [0.141, 649857.0], [0.14099, 537573.0], [0.14098, 544649.0], [0.14097, 489677.0], [0.14096, 668573.0], [0.14095, 524548.0], [0.14094, 1029024.0], [0.14093, 466835.0], [0.14092, 524798.0], [0.14091, 390511.0], [0.1409, 605320.0], [0.14089, 1281641.0], [0.14088, 736728.0], [0.14087, 495832.0], [0.14086, 530850.0]], "asks": [[0.14106, 64591.0], [0.14107, 204174.0], [0.14108, 282483.0], [0.14109, 570079.0], [0.1411, 754286.0], [0.14111, 528899.0], [0.14112, 625163.0], [0.14113, 375671.0], [0.14114, 650577.0], [0.14115, 563862.0], [0.14116, 397911.0], [0.14117, 778015.0], [0.14118, 471515.0], [0.14119, 1605000.0], [0.1412, 462732.0], [0.14121, 1028540.0], [0.14122, 990406.0], [0.14123, 744757.0], [0.14124, 807524.0], [0.14125, 1414133.0]], "timestamp": "2025-12-12T10:03:14.577993+00:00"}, {"symbol": "DOGEUSDT", "bids": [[0.14112, 110007.0], [0.14111, 71521.0], [0.1411, 416981.0], [0.14109, 401723.0], [0.14108, 1291604.0], [0.14107, 739240.0], [0.14106, 794498.0], [0.14105, 810745.0], [0.14104, 737466.0], [0.14103, 455811.0], [0.14102, 1170772.0], [0.14101, 500090.0], [0.141, 568473.0], [0.14099, 363392.0], [0.14098, 359088.0], [0.14097, 557896.0], [0.14096, 1752448.0], [0.14095, 395842.0], [0.14094, 354131.0], [0.14093, 653855.0]], "asks": [[0.14113, 430900.0], [0.14114, 287848.0], [0.14115, 131561.0], [0.14116, 283356.0], [0.14117, 446798.0], [0.14118, 680380.0], [0.14119, 505795.0], [0.1412, 614719.0], [0.14121, 891992.0], [0.14122, 915313.0], [0.14123, 562013.0], [0.14124, 756221.0], [0.14125, 335321.0], [0.14126, 369347.0], [0.14127, 1657919.0], [0.14128, 611081.0], [0.14129, 669124.0], [0.1413, 743838.0], [0.14131, 682306.0], [0.14132, 596340.0]], "timestamp": "2025-12-12T10:04:07.509385+00:00"}, {"symbol": "DOGEUSDT", "bids": [[0.14107, 161161.0], [0.14106, 213019.0], [0.14105, 537181.0], [0.14104, 521663.0], [0.14103, 837507.0], [0.14102, 740980.0], [0.14101, 347437.0], [0.141, 699937.0], [0.14099, 462124.0], [0.14098, 462910.0], [0.14097, 261354.0], [0.14096, 537461.0], [0.14095, 357814.0], [0.14094, 503638.0], [0.14093, 498877.0], [0.14092, 1540253.0], [0.14091, 651833.0], [0.1409, 407904.0], [0.14089, 286864.0], [0.14088, 448249.0]], "asks": [[0.14108, 115495.0], [0.14109, 210226.0], [0.1411, 520129.0], [0.14111, 509147.0], [0.14112, 516091.0], [0.14113, 903066.0], [0.14114, 725469.0], [0.14115, 520666.0], [0.14116, 483240.0], [0.14117, 632541.0], [0.14118, 757799.0], [0.14119, 808411.0], [0.1412, 799361.0], [0.14121, 800284.0], [0.14122, 805638.0], [0.14123, 1494602.0], [0.14124, 547864.0], [0.14125, 622913.0], [0.14126, 687166.0], [0.14127, 696172.0]], "timestamp": "2025-12-12T10:05:01.066948+00:00"}, {"symbol": "DOGEUSDT", "bids": [[0.14119, 29294.0], [0.14118, 157964.0], [0.14117, 153185.0], [0.14116, 566248.0], [0.14115, 1178542.0], [0.14114, 813972.0], [0.14113, 526692.0], [0.14112, 997786.0], [0.14111, 745464.0], [0.1411, 1078409.0], [0.14109, 422034.0], [0.14108, 300034.0], [0.14107, 364839.0], [0.14106, 654966.0], [0.14105, 318673.0], [0.14104, 417055.0], [0.14103, 1309667.0], [0.14102, 679938.0], [0.14101, 792292.0], [0.141, 466477.0]], "asks": [[0.1412, 330661.0], [0.14121, 520297.0], [0.14122, 507283.0], [0.14123, 236752.0], [0.14124, 672270.0], [0.14125, 507817.0], [0.14126, 413524.0], [0.14127, 547265.0], [0.14128, 642064.0], [0.14129, 764637.0], [0.1413, 476786.0], [0.14131, 535180.0], [0.14132, 550673.0], [0.14133, 449424.0], [0.14134, 535450.0], [0.14135, 738426.0], [0.14136, 776694.0], [0.14137, 1896033.0], [0.14138, 1137858.0], [0.14139, 1519092.0]], "timestamp": "2025-12-12T10:05:54.211994+00:00"}, {"symbol": "DOGEUSDT", "bids": [[0.14124, 254431.0], [0.14123, 214530.0], [0.14122, 406199.0], [0.14121, 550827.0], [0.1412, 734560.0], [0.14119, 668393.0], [0.14118, 427188.0], [0.14117, 382990.0], [0.14116, 565655.0], [0.14115, 429274.0], [0.14114, 224758.0], [0.14113, 339785.0], [0.14112, 594673.0], [0.14111, 1067353.0], [0.1411, 443010.0], [0.14109, 632688.0], [0.14108, 378044.0], [0.14107, 1089012.0], [0.14106, 455232.0], [0.14105, 225699.0]], "asks": [[0.14125, 31617.0], [0.14126, 121861.0], [0.14127, 267717.0], [0.14128, 270608.0], [0.14129, 495416.0], [0.1413, 879943.0], [0.14131, 395094.0], [0.14132, 447827.0], [0.14133, 550105.0], [0.14134, 706568.0], [0.14135, 496172.0], [0.14136, 600810.0], [0.14137, 865987.0], [0.14138, 1151728.0], [0.14139, 732545.0], [0.1414, 1082153.0], [0.14141, 912693.0], [0.14142, 521413.0], [0.14143, 646905.0], [0.14144, 1858795.0]], "timestamp": "2025-12-12T10:06:46.853891+00:00"}, {"symbol": "DOGEUSDT", "bids": [[0.14123, 315652.0], [0.14122, 567521.0], [0.14121, 495738.0], [0.1412, 441664.0], [0.14119, 748049.0], [0.14118, 688237.0], [0.14117, 638056.0], [0.14116, 493132.0], [0.14115, 495989.0], [0.14114, 230874.0], [0.14113, 429845.0], [0.14112, 355933.0], [0.14111, 286219.0], [0.1411, 1020926.0], [0.14109, 353215.0], [0.14108, 605725.0], [0.14107, 610714.0], [0.14106, 442109.0], [0.14105, 335354.0], [0.14104, 325402.0]], "asks": [[0.14124, 2427.0], [0.14125, 174963.0], [0.14126, 193478.0], [0.14127, 293624.0], [0.14128, 777992.0], [0.14129, 596778.0], [0.1413, 629794.0], [0.14131, 573154.0], [0.14132, 650221.0], [0.14133, 454448.0], [0.14134, 674343.0], [0.14135, 605114.0], [0.14136, 769164.0], [0.14137, 922834.0], [0.14138, 846079.0], [0.14139, 818959.0], [0.1414, 1806328.0], [0.14141, 862159.0], [0.14142, 679632.0], [0.14143, 918709.0]], "timestamp": "2025-12-12T10:07:40.401564+00:00"}, {"symbol": "DOGEUSDT", "bids": [[0.14121, 216850.0], [0.1412, 398726.0], [0.14119, 595335.0], [0.14118, 312579.0], [0.14117, 420213.0], [0.14116, 433925.0], [0.14115, 484585.0], [0.14114, 540115.0], [0.14113, 902247.0], [0.14112, 351326.0], [0.14111, 309524.0], [0.1411, 377616.0], [0.14109, 368103.0], [0.14108, 491739.0], [0.14107, 1312980.0], [0.14106, 448406.0], [0.14105, 261278.0], [0.14104, 627208.0], [0.14103, 415575.0], [0.14102, 784390.0]], "asks": [[0.14122, 229961.0], [0.14123, 203280.0], [0.14124, 242495.0], [0.14125, 319644.0], [0.14126, 654062.0], [0.14127, 526231.0], [0.14128, 736032.0], [0.14129, 438606.0], [0.1413, 577428.0], [0.14131, 656753.0], [0.14132, 643227.0], [0.14133, 421356.0], [0.14134, 584340.0], [0.14135, 661684.0], [0.14136, 1545188.0], [0.14137, 758926.0], [0.14138, 805435.0], [0.14139, 594995.0], [0.1414, 1710599.0], [0.14141, 875530.0]], "timestamp": "2025-12-12T10:08:33.375679+00:00"}, {"symbol": "DOGEUSDT", "bids": [[0.14128, 272499.0], [0.14127, 612066.0], [0.14126, 1070536.0], [0.14125, 2665824.0], [0.14124, 530321.0], [0.14123, 420099.0], [0.14122, 570454.0], [0.14121, 500455.0], [0.1412, 828021.0], [0.14119, 512155.0], [0.14118, 375214.0], [0.14117, 339195.0], [0.14116, 257511.0], [0.14115, 342923.0], [0.14114, 425207.0], [0.14113, 449284.0], [0.14112, 805396.0], [0.14111, 1661942.0], [0.1411, 298069.0], [0.14109, 385353.0]], "asks": [[0.14129, 50486.0], [0.1413, 169443.0], [0.14131, 197882.0], [0.14132, 224705.0], [0.14133, 593314.0], [0.14134, 703684.0], [0.14135, 576962.0], [0.14136, 921385.0], [0.14137, 656877.0], [0.14138, 852527.0], [0.14139, 682517.0], [0.1414, 791294.0], [0.14141, 691278.0], [0.14142, 662282.0], [0.14143, 716547.0], [0.14144, 730092.0], [0.14145, 2133838.0], [0.14146, 666876.0], [0.14147, 560600.0], [0.14148, 1115352.0]], "timestamp": "2025-12-12T10:09:26.793626+00:00"}, {"symbol": "DOGEUSDT", "bids": [[0.14131, 224198.0], [0.1413, 248015.0], [0.14129, 605572.0], [0.14128, 495079.0], [0.14127, 575225.0], [0.14126, 988123.0], [0.14125, 2630476.0], [0.14124, 406889.0], [0.14123, 700645.0], [0.14122, 448317.0], [0.14121, 334881.0], [0.1412, 301695.0], [0.14119, 218085.0], [0.14118, 363558.0], [0.14117, 413468.0], [0.14116, 1158364.0], [0.14115, 542507.0], [0.14114, 1129591.0], [0.14113, 376814.0], [0.14112, 620752.0]], "asks": [[0.14132, 86301.0], [0.14133, 194011.0], [0.14134, 185383.0], [0.14135, 455747.0], [0.14136, 897398.0], [0.14137, 614600.0], [0.14138, 769156.0], [0.14139, 632905.0], [0.1414, 839919.0], [0.14141, 511851.0], [0.14142, 744567.0], [0.14143, 650055.0], [0.14144, 712514.0], [0.14145, 750038.0], [0.14146, 656941.0], [0.14147, 488618.0], [0.14148, 835842.0], [0.14149, 748153.0], [0.1415, 781553.0], [0.14151, 2228951.0]], "timestamp": "2025-12-12T10:10:19.538001+00:00"}, {"symbol": "DOGEUSDT", "bids": [[0.14126, 283589.0], [0.14125, 2408499.0], [0.14124, 540791.0], [0.14123, 203831.0], [0.14122, 639054.0], [0.14121, 511731.0], [0.1412, 460277.0], [0.14119, 424532.0], [0.14118, 423282.0], [0.14117, 832587.0], [0.14116, 281759.0], [0.14115, 337045.0], [0.14114, 454027.0], [0.14113, 409013.0], [0.14112, 759019.0], [0.14111, 348211.0], [0.1411, 355519.0], [0.14109, 472746.0], [0.14108, 1361127.0], [0.14107, 1557056.0]], "asks": [[0.14127, 327776.0], [0.14128, 271105.0], [0.14129, 188654.0], [0.1413, 389624.0], [0.14131, 490712.0], [0.14132, 896434.0], [0.14133, 828630.0], [0.14134, 446751.0], [0.14135, 629305.0], [0.14136, 788733.0], [0.14137, 434576.0], [0.14138, 629242.0], [0.14139, 600314.0], [0.1414, 778678.0], [0.14141, 1277636.0], [0.14142, 509656.0], [0.14143, 517276.0], [0.14144, 593832.0], [0.14145, 676001.0], [0.14146, 402793.0]], "timestamp": "2025-12-12T10:11:12.576847+00:00"}, {"symbol": "DOGEUSDT", "bids": [[0.14122, 278086.0], [0.14121, 305412.0], [0.1412, 563048.0], [0.14119, 769709.0], [0.14118, 538502.0], [0.14117, 341846.0], [0.14116, 427115.0], [0.14115, 676996.0], [0.14114, 445244.0], [0.14113, 346844.0], [0.14112, 345255.0], [0.14111, 382894.0], [0.1411, 333920.0], [0.14109, 490522.0], [0.14108, 1062521.0], [0.14107, 1175675.0], [0.14106, 398483.0], [0.14105, 323325.0], [0.14104, 944124.0], [0.14103, 353802.0]], "asks": [[0.14123, 353680.0], [0.14124, 103350.0], [0.14125, 277442.0], [0.14126, 488079.0], [0.14127, 1072890.0], [0.14128, 992470.0], [0.14129, 912276.0], [0.1413, 513763.0], [0.14131, 367223.0], [0.14132, 639917.0], [0.14133, 771678.0], [0.14134, 478043.0], [0.14135, 640463.0], [0.14136, 658007.0], [0.14137, 481020.0], [0.14138, 727550.0], [0.14139, 1460370.0], [0.1414, 805980.0], [0.14141, 718516.0], [0.14142, 864644.0]], "timestamp": "2025-12-12T10:12:05.518390+00:00"}, {"symbol": "DOGEUSDT", "bids": [[0.14119, 72392.0], [0.14118, 221928.0], [0.14117, 341087.0], [0.14116, 268785.0], [0.14115, 628245.0], [0.14114, 530372.0], [0.14113, 754940.0], [0.14112, 540082.0], [0.14111, 592764.0], [0.1411, 336574.0], [0.14109, 570050.0], [0.14108, 755576.0], [0.14107, 994309.0], [0.14106, 420057.0], [0.14105, 329080.0], [0.14104, 552104.0], [0.14103, 500634.0], [0.14102, 1358658.0], [0.14101, 307539.0], [0.141, 455634.0]], "asks": [[0.1412, 252400.0], [0.14121, 305859.0], [0.14122, 404780.0], [0.14123, 543659.0], [0.14124, 532561.0], [0.14125, 596810.0], [0.14126, 700215.0], [0.14127, 954611.0], [0.14128, 403854.0], [0.14129, 540413.0], [0.1413, 521294.0], [0.14131, 412288.0], [0.14132, 600684.0], [0.14133, 834985.0], [0.14134, 1210143.0], [0.14135, 616777.0], [0.14136, 929905.0], [0.14137, 772670.0], [0.14138, 960654.0], [0.14139, 1274962.0]], "timestamp": "2025-12-12T10:12:58.561659+00:00"}, {"symbol": "DOGEUSDT", "bids": [[0.14125, 212162.0], [0.14124, 61877.0], [0.14123, 286085.0], [0.14122, 325025.0], [0.14121, 845121.0], [0.1412, 711569.0], [0.14119, 686615.0], [0.14118, 751067.0], [0.14117, 456180.0], [0.14116, 556840.0], [0.14115, 591592.0], [0.14114, 238275.0], [0.14113, 295977.0], [0.14112, 582858.0], [0.14111, 983599.0], [0.1411, 378256.0], [0.14109, 1414328.0], [0.14108, 5461600.0], [0.14107, 1151902.0], [0.14106, 570930.0]], "asks": [[0.14126, 134972.0], [0.14127, 207307.0], [0.14128, 666260.0], [0.14129, 737082.0], [0.1413, 1634087.0], [0.14131, 390836.0], [0.14132, 608539.0], [0.14133, 715628.0], [0.14134, 486601.0], [0.14135, 681134.0], [0.14136, 638882.0], [0.14137, 521027.0], [0.14138, 643295.0], [0.14139, 665460.0], [0.1414, 808880.0], [0.14141, 698805.0], [0.14142, 841383.0], [0.14143, 542851.0], [0.14144, 878188.0], [0.14145, 677030.0]], "timestamp": "2025-12-12T10:13:51.797574+00:00"}, {"symbol": "DOGEUSDT", "bids": [[0.14129, 203926.0], [0.14128, 33092.0], [0.14127, 291102.0], [0.14126, 394281.0], [0.14125, 541870.0], [0.14124, 734456.0], [0.14123, 574534.0], [0.14122, 573765.0], [0.14121, 788466.0], [0.1412, 637392.0], [0.14119, 329950.0], [0.14118, 469984.0], [0.14117, 1053692.0], [0.14116, 5374429.0], [0.14115, 482005.0], [0.14114, 609499.0], [0.14113, 360978.0], [0.14112, 750498.0], [0.14111, 310954.0], [0.1411, 207607.0]], "asks": [[0.1413, 754998.0], [0.14131, 158177.0], [0.14132, 224129.0], [0.14133, 395790.0], [0.14134, 620300.0], [0.14135, 759491.0], [0.14136, 693533.0], [0.14137, 653009.0], [0.14138, 2046372.0], [0.14139, 803546.0], [0.1414, 797466.0], [0.14141, 613821.0], [0.14142, 661752.0], [0.14143, 516388.0], [0.14144, 691245.0], [0.14145, 581108.0], [0.14146, 634558.0], [0.14147, 920036.0], [0.14148, 1626557.0], [0.14149, 820510.0]], "timestamp": "2025-12-12T10:14:45.683114+00:00"}, {"symbol": "DOGEUSDT", "bids": [[0.14123, 59091.0], [0.14122, 32607.0], [0.14121, 200946.0], [0.1412, 462114.0], [0.14119, 922104.0], [0.14118, 831513.0], [0.14117, 1015839.0], [0.14116, 5455642.0], [0.14115, 544166.0], [0.14114, 383147.0], [0.14113, 297052.0], [0.14112, 616197.0], [0.14111, 351217.0], [0.1411, 549199.0], [0.14109, 437575.0], [0.14108, 478484.0], [0.14107, 1943043.0], [0.14106, 412913.0], [0.14105, 276545.0], [0.14104, 241162.0]], "asks": [[0.14124, 511422.0], [0.14125, 453296.0], [0.14126, 406802.0], [0.14127, 514021.0], [0.14128, 899298.0], [0.14129, 1076555.0], [0.1413, 1079803.0], [0.14131, 419679.0], [0.14132, 587998.0], [0.14133, 717404.0], [0.14134, 383179.0], [0.14135, 704941.0], [0.14136, 657308.0], [0.14137, 586372.0], [0.14138, 2046204.0], [0.14139, 1669469.0], [0.1414, 841061.0], [0.14141, 802689.0], [0.14142, 544153.0], [0.14143, 372983.0]], "timestamp": "2025-12-12T10:15:38.615373+00:00"}, {"symbol": "DOGEUSDT", "bids": [[0.14124, 100497.0], [0.14123, 27899.0], [0.14122, 197710.0], [0.14121, 256320.0], [0.1412, 779672.0], [0.14119, 734930.0], [0.14118, 973535.0], [0.14117, 996162.0], [0.14116, 400203.0], [0.14115, 460655.0], [0.14114, 577413.0], [0.14113, 1039417.0], [0.14112, 3976746.0], [0.14111, 279033.0], [0.1411, 229947.0], [0.14109, 499794.0], [0.14108, 357338.0], [0.14107, 1254053.0], [0.14106, 438201.0], [0.14105, 387060.0]], "asks": [[0.14125, 478210.0], [0.14126, 513229.0], [0.14127, 510128.0], [0.14128, 314494.0], [0.14129, 769156.0], [0.1413, 1114500.0], [0.14131, 570952.0], [0.14132, 515422.0], [0.14133, 744910.0], [0.14134, 633394.0], [0.14135, 558489.0], [0.14136, 606541.0], [0.14137, 427160.0], [0.14138, 711530.0], [0.14139, 679465.0], [0.1414, 1644399.0], [0.14141, 663307.0], [0.14142, 506876.0], [0.14143, 1290933.0], [0.14144, 637162.0]], "timestamp": "2025-12-12T10:16:31.455807+00:00"}, {"symbol": "DOGEUSDT", "bids": [[0.1412, 213762.0], [0.14119, 283286.0], [0.14118, 242179.0], [0.14117, 484435.0], [0.14116, 937998.0], [0.14115, 539762.0], [0.14114, 644834.0], [0.14113, 359205.0], [0.14112, 618948.0], [0.14111, 566983.0], [0.1411, 783581.0], [0.14109, 4162837.0], [0.14108, 464780.0], [0.14107, 712002.0], [0.14106, 447705.0], [0.14105, 344669.0], [0.14104, 491841.0], [0.14103, 485364.0], [0.14102, 821127.0], [0.14101, 693098.0]], "asks": [[0.14121, 22815.0], [0.14122, 303275.0], [0.14123, 289365.0], [0.14124, 513005.0], [0.14125, 649785.0], [0.14126, 875791.0], [0.14127, 729565.0], [0.14128, 707671.0], [0.14129, 597511.0], [0.1413, 556105.0], [0.14131, 719475.0], [0.14132, 598743.0], [0.14133, 748102.0], [0.14134, 488626.0], [0.14135, 667589.0], [0.14136, 1376603.0], [0.14137, 395657.0], [0.14138, 674509.0], [0.14139, 1450195.0], [0.1414, 1476680.0]], "timestamp": "2025-12-12T10:17:24.703126+00:00"}, {"symbol": "DOGEUSDT", "bids": [[0.14116, 249525.0], [0.14115, 387700.0], [0.14114, 477164.0], [0.14113, 631051.0], [0.14112, 981179.0], [0.14111, 571471.0], [0.1411, 492624.0], [0.14109, 571772.0], [0.14108, 558110.0], [0.14107, 1452344.0], [0.14106, 5647592.0], [0.14105, 501000.0], [0.14104, 218762.0], [0.14103, 301612.0], [0.14102, 427379.0], [0.14101, 283646.0], [0.141, 409232.0], [0.14099, 408341.0], [0.14098, 422067.0], [0.14097, 917589.0]], "asks": [[0.14117, 30776.0], [0.14118, 293401.0], [0.14119, 207003.0], [0.1412, 1089690.0], [0.14121, 736320.0], [0.14122, 435610.0], [0.14123, 738103.0], [0.14124, 688396.0], [0.14125, 561109.0], [0.14126, 661698.0], [0.14127, 939799.0], [0.14128, 1848305.0], [0.14129, 625380.0], [0.1413, 676256.0], [0.14131, 418718.0], [0.14132, 513253.0], [0.14133, 645144.0], [0.14134, 1556932.0], [0.14135, 1111024.0], [0.14136, 1196049.0]], "timestamp": "2025-12-12T10:18:18.258781+00:00"}, {"symbol": "DOGEUSDT", "bids": [[0.14108, 176865.0], [0.14107, 483451.0], [0.14106, 272820.0], [0.14105, 313960.0], [0.14104, 507059.0], [0.14103, 496457.0], [0.14102, 787836.0], [0.14101, 533903.0], [0.141, 645688.0], [0.14099, 761997.0], [0.14098, 2400917.0], [0.14097, 420960.0], [0.14096, 572943.0], [0.14095, 200122.0], [0.14094, 297741.0], [0.14093, 575202.0], [0.14092, 892010.0], [0.14091, 356556.0], [0.1409, 656243.0], [0.14089, 2672482.0]], "asks": [[0.14109, 418171.0], [0.1411, 724856.0], [0.14111, 477617.0], [0.14112, 504861.0], [0.14113, 787902.0], [0.14114, 623384.0], [0.14115, 677526.0], [0.14116, 754910.0], [0.14117, 932644.0], [0.14118, 577742.0], [0.14119, 770404.0], [0.1412, 1879281.0], [0.14121, 551071.0], [0.14122, 271674.0], [0.14123, 690127.0], [0.14124, 1666813.0], [0.14125, 514508.0], [0.14126, 727176.0], [0.14127, 549134.0], [0.14128, 608732.0]], "timestamp": "2025-12-12T10:19:11.507168+00:00"}, {"symbol": "DOGEUSDT", "bids": [[0.14104, 38875.0], [0.14103, 119789.0], [0.14102, 249540.0], [0.14101, 686685.0], [0.141, 1358325.0], [0.14099, 1159331.0], [0.14098, 383427.0], [0.14097, 475980.0], [0.14096, 1350576.0], [0.14095, 5035694.0], [0.14094, 467684.0], [0.14093, 527259.0], [0.14092, 781992.0], [0.14091, 322726.0], [0.1409, 440752.0], [0.14089, 498101.0], [0.14088, 616100.0], [0.14087, 441570.0], [0.14086, 1115408.0], [0.14085, 700112.0]], "asks": [[0.14105, 468060.0], [0.14106, 459880.0], [0.14107, 411368.0], [0.14108, 698268.0], [0.14109, 1056408.0], [0.1411, 1027076.0], [0.14111, 465531.0], [0.14112, 465019.0], [0.14113, 425576.0], [0.14114, 759405.0], [0.14115, 587681.0], [0.14116, 882896.0], [0.14117, 1801879.0], [0.14118, 353719.0], [0.14119, 362873.0], [0.1412, 801923.0], [0.14121, 456756.0], [0.14122, 1320503.0], [0.14123, 498145.0], [0.14124, 703861.0]], "timestamp": "2025-12-12T10:20:04.862040+00:00"}, {"symbol": "DOGEUSDT", "bids": [[0.14101, 324251.0], [0.141, 317006.0], [0.14099, 662664.0], [0.14098, 1501986.0], [0.14097, 1782519.0], [0.14096, 1595258.0], [0.14095, 1223474.0], [0.14094, 736175.0], [0.14093, 525895.0], [0.14092, 654717.0], [0.14091, 434933.0], [0.1409, 426119.0], [0.14089, 680469.0], [0.14088, 372430.0], [0.14087, 226127.0], [0.14086, 398160.0], [0.14085, 526759.0], [0.14084, 876776.0], [0.14083, 467331.0], [0.14082, 2174723.0]], "asks": [[0.14102, 93900.0], [0.14103, 393677.0], [0.14104, 342998.0], [0.14105, 387261.0], [0.14106, 434823.0], [0.14107, 442554.0], [0.14108, 612339.0], [0.14109, 519273.0], [0.1411, 552362.0], [0.14111, 643977.0], [0.14112, 683401.0], [0.14113, 578144.0], [0.14114, 718046.0], [0.14115, 428712.0], [0.14116, 948254.0], [0.14117, 2798401.0], [0.14118, 541410.0], [0.14119, 539386.0], [0.1412, 765742.0], [0.14121, 372786.0]], "timestamp": "2025-12-12T10:20:58.417027+00:00"}, {"symbol": "DOGEUSDT", "bids": [[0.14101, 70328.0], [0.141, 79326.0], [0.14099, 327116.0], [0.14098, 997622.0], [0.14097, 724108.0], [0.14096, 520942.0], [0.14095, 748589.0], [0.14094, 585475.0], [0.14093, 618597.0], [0.14092, 650361.0], [0.14091, 632948.0], [0.1409, 987962.0], [0.14089, 587433.0], [0.14088, 788116.0], [0.14087, 239834.0], [0.14086, 358650.0], [0.14085, 588190.0], [0.14084, 803886.0], [0.14083, 1289313.0], [0.14082, 1062822.0]], "asks": [[0.14102, 1162107.0], [0.14103, 737398.0], [0.14104, 393631.0], [0.14105, 638496.0], [0.14106, 621877.0], [0.14107, 953683.0], [0.14108, 729926.0], [0.14109, 283367.0], [0.1411, 474556.0], [0.14111, 619934.0], [0.14112, 713714.0], [0.14113, 397039.0], [0.14114, 709679.0], [0.14115, 1272722.0], [0.14116, 535595.0], [0.14117, 552387.0], [0.14118, 497017.0], [0.14119, 439364.0], [0.1412, 1075791.0], [0.14121, 412506.0]], "timestamp": "2025-12-12T10:21:51.560101+00:00"}, {"symbol": "DOGEUSDT", "bids": [[0.14098, 98509.0], [0.14097, 212004.0], [0.14096, 297482.0], [0.14095, 531030.0], [0.14094, 583947.0], [0.14093, 647037.0], [0.14092, 447542.0], [0.14091, 375964.0], [0.1409, 451499.0], [0.14089, 551483.0], [0.14088, 557593.0], [0.14087, 449847.0], [0.14086, 1141545.0], [0.14085, 452976.0], [0.14084, 305144.0], [0.14083, 623462.0], [0.14082, 1585020.0], [0.14081, 479374.0], [0.1408, 307007.0], [0.14079, 919748.0]], "asks": [[0.14099, 298270.0], [0.141, 300293.0], [0.14101, 326603.0], [0.14102, 686186.0], [0.14103, 974237.0], [0.14104, 693708.0], [0.14105, 852968.0], [0.14106, 593678.0], [0.14107, 923062.0], [0.14108, 1112324.0], [0.14109, 417050.0], [0.1411, 539983.0], [0.14111, 2075551.0], [0.14112, 520808.0], [0.14113, 368228.0], [0.14114, 832537.0], [0.14115, 645704.0], [0.14116, 620914.0], [0.14117, 607902.0], [0.14118, 1261717.0]], "timestamp": "2025-12-12T10:22:44.808886+00:00"}, {"symbol": "DOGEUSDT", "bids": [[0.14104, 214988.0], [0.14103, 301592.0], [0.14102, 533182.0], [0.14101, 661586.0], [0.141, 1166686.0], [0.14099, 914147.0], [0.14098, 879214.0], [0.14097, 629772.0], [0.14096, 404949.0], [0.14095, 362239.0], [0.14094, 316857.0], [0.14093, 692017.0], [0.14092, 771281.0], [0.14091, 912543.0], [0.1409, 370005.0], [0.14089, 639213.0], [0.14088, 1298324.0], [0.14087, 449927.0], [0.14086, 523229.0], [0.14085, 1200779.0]], "asks": [[0.14105, 57220.0], [0.14106, 268167.0], [0.14107, 343001.0], [0.14108, 433490.0], [0.14109, 558054.0], [0.1411, 732710.0], [0.14111, 697541.0], [0.14112, 628591.0], [0.14113, 764521.0], [0.14114, 843806.0], [0.14115, 489845.0], [0.14116, 826917.0], [0.14117, 612748.0], [0.14118, 481824.0], [0.14119, 310142.0], [0.1412, 796063.0], [0.14121, 730224.0], [0.14122, 1569931.0], [0.14123, 787129.0], [0.14124, 900486.0]], "timestamp": "2025-12-12T10:23:38.467069+00:00"}