[{"id": "979595221", "price": 0.13697, "amount": 247.0, "side": "buy", "timestamp": 1765582939789}, {"id": "979595222", "price": 0.13696, "amount": 37.0, "side": "sell", "timestamp": 1765582940657}, {"id": "979595223", "price": 0.13696, "amount": 95.0, "side": "sell", "timestamp": 1765582941275}, {"id": "979595224", "price": 0.13697, "amount": 10122.0, "side": "buy", "timestamp": 1765582941641}, {"id": "979595225", "price": 0.13696, "amount": 52.0, "side": "sell", "timestamp": 1765582942041}, {"id": "979595226", "price": 0.13697, "amount": 44.0, "side": "buy", "timestamp": 1765582942058}, {"id": "979595227", "price": 0.13697, "amount": 161.0, "side": "buy", "timestamp": 1765582944793}, {"id": "979595228", "price": 0.13697, "amount": 72.0, "side": "buy", "timestamp": 1765582947914}, {"id": "979595229", "price": 0.13697, "amount": 17011.0, "side": "buy", "timestamp": 1765582948404}, {"id": "979595230", "price": 0.13698, "amount": 1018.0, "side": "buy", "timestamp": 1765582948404}, {"id": "979595231", "price": 0.13698, "amount": 4103.0, "side": "buy", "timestamp": 1765582949086}, {"id": "979595232", "price": 0.13697, "amount": 183.0, "side": "sell", "timestamp": 1765582951024}, {"id": "979595233", "price": 0.13698, "amount": 93.0, "side": "buy", "timestamp": 1765582951150}, {"id": "979595234", "price": 0.13697, "amount": 49.0, "side": "sell", "timestamp": 1765582952676}, {"id": "979595235", "price": 0.13697, "amount": 66276.0, "side": "sell", "timestamp": 1765582955740}, {"id": "979595236", "price": 0.13697, "amount": 600.0, "side": "buy", "timestamp": 1765582956525}, {"id": "979595237", "price": 0.13696, "amount": 11217.0, "side": "sell", "timestamp": 1765582958463}, {"id": "979595238", "price": 0.13696, "amount": 4104.0, "side": "sell", "timestamp": 1765582961014}, {"id": "979595239", "price": 0.13696, "amount": 49.0, "side": "sell", "timestamp": 1765582961333}, {"id": "979595240", "price": 0.13697, "amount": 60.0, "side": "buy", "timestamp": 1765582962108}, {"id": "979595241", "price": 0.13697, "amount": 23094.0, "side": "buy", "timestamp": 1765582962426}, {"id": "979595242", "price": 0.13697, "amount": 472.0, "side": "buy", "timestamp": 1765582962634}, {"id": "979595243", "price": 0.13697, "amount": 1029.0, "side": "buy", "timestamp": 1765582962845}, {"id": "979595244", "price": 0.13696, "amount": 64.0, "side": "sell", "timestamp": 1765582965284}, {"id": "979595245", "price": 0.13697, "amount": 31907.0, "side": "buy", "timestamp": 1765582965814}, {"id": "979595246", "price": 0.13697, "amount": 44.0, "side": "sell", "timestamp": 1765582966212}, {"id": "979595247", "price": 0.13698, "amount": 44.0, "side": "buy", "timestamp": 1765582967343}, {"id": "979595248", "price": 0.13697, "amount": 44.0, "side": "sell", "timestamp": 1765582968296}, {"id": "979595249", "price": 0.13697, "amount": 25141.0, "side": "sell", "timestamp": 1765582968412}, {"id": "979595250", "price": 0.13696, "amount": 86677.0, "side": "sell", "timestamp": 1765582968998}, {"id": "979595251", "price": 0.13695, "amount": 138493.0, "side": "sell", "timestamp": 1765582968998}, {"id": "979595252", "price": 0.13694, "amount": 520290.0, "side": "sell", "timestamp": 1765582968998}, {"id": "979595253", "price": 0.13695, "amount": 88.0, "side": "buy", "timestamp": 1765582969030}, {"id": "979595254", "price": 0.13694, "amount": 1558.0, "side": "sell", "timestamp": 1765582969483}, {"id": "979595255", "price": 0.13694, "amount": 52.0, "side": "sell", "timestamp": 1765582971246}, {"id": "979595256", "price": 0.13695, "amount": 88.0, "side": "buy", "timestamp": 1765582972051}, {"id": "979595257", "price": 0.13695, "amount": 19305.0, "side": "buy", "timestamp": 1765582972410}, {"id": "979595258", "price": 0.13695, "amount": 1000.0, "side": "buy", "timestamp": 1765582973820}, {"id": "979595259", "price": 0.13694, "amount": 2579.0, "side": "sell", "timestamp": 1765582974414}, {"id": "979595260", "price": 0.13695, "amount": 45.0, "side": "buy", "timestamp": 1765582974548}, {"id": "979595261", "price": 0.13695, "amount": 1434.0, "side": "buy", "timestamp": 1765582974943}, {"id": "979595262", "price": 0.13695, "amount": 88.0, "side": "buy", "timestamp": 1765582975077}, {"id": "979595263", "price": 0.13695, "amount": 3506.0, "side": "buy", "timestamp": 1765582977066}, {"id": "979595264", "price": 0.13695, "amount": 88.0, "side": "buy", "timestamp": 1765582978100}, {"id": "979595265", "price": 0.13694, "amount": 49.0, "side": "sell", "timestamp": 1765582978298}, {"id": "979595266", "price": 0.13694, "amount": 74.0, "side": "sell", "timestamp": 1765582979224}, {"id": "979595267", "price": 0.13694, "amount": 1950.0, "side": "sell", "timestamp": 1765582979509}, {"id": "979595268", "price": 0.13694, "amount": 45.0, "side": "sell", "timestamp": 1765582980872}, {"id": "979595269", "price": 0.13695, "amount": 580.0, "side": "buy", "timestamp": 1765582980952}, {"id": "979595270", "price": 0.13695, "amount": 88.0, "side": "buy", "timestamp": 1765582981114}, {"id": "979595279", "price": 0.13697, "amount": 69.0, "side": "buy", "timestamp": 1765582985409}, {"id": "979595280", "price": 0.13697, "amount": 38.0, "side": "buy", "timestamp": 1765582985734}, {"id": "979595281", "price": 0.13696, "amount": 1685.0, "side": "sell", "timestamp": 1765582986614}, {"id": "979595282", "price": 0.13697, "amount": 727.0, "side": "buy", "timestamp": 1765582987530}, {"id": "979595283", "price": 0.13696, "amount": 4000.0, "side": "sell", "timestamp": 1765582988187}, {"id": "979595284", "price": 0.13697, "amount": 219.0, "side": "buy", "timestamp": 1765582988471}, {"id": "979595285", "price": 0.13697, "amount": 20921.0, "side": "buy", "timestamp": 1765582991391}, {"id": "979595286", "price": 0.13696, "amount": 1172.0, "side": "sell", "timestamp": 1765582991644}, {"id": "979595287", "price": 0.13696, "amount": 3222.0, "side": "sell", "timestamp": 1765582993808}, {"id": "979595288", "price": 0.13696, "amount": 368.0, "side": "sell", "timestamp": 1765582994127}, {"id": "979595289", "price": 0.13696, "amount": 179.0, "side": "sell", "timestamp": 1765582994909}, {"id": "979595290", "price": 0.13696, "amount": 54.0, "side": "sell", "timestamp": 1765582995896}, {"id": "979595291", "price": 0.13697, "amount": 1898.0, "side": "buy", "timestamp": 1765582996516}, {"id": "979595292", "price": 0.13696, "amount": 384.0, "side": "sell", "timestamp": 1765582996786}, {"id": "979595293", "price": 0.13696, "amount": 113.0, "side": "sell", "timestamp": 1765582996956}, {"id": "979595294", "price": 0.13697, "amount": 182.0, "side": "buy", "timestamp": 1765582996982}, {"id": "979595295", "price": 0.13696, "amount": 56.0, "side": "sell", "timestamp": 1765582997607}, {"id": "979595296", "price": 0.13697, "amount": 77.0, "side": "buy", "timestamp": 1765582998150}, {"id": "979595297", "price": 0.13697, "amount": 533.0, "side": "buy", "timestamp": 1765582999030}, {"id": "979595298", "price": 0.13696, "amount": 43.0, "side": "sell", "timestamp": 1765582999727}, {"id": "979595299", "price": 0.13696, "amount": 49.0, "side": "sell", "timestamp": 1765583004533}, {"id": "979595300", "price": 0.13697, "amount": 401.0, "side": "buy", "timestamp": 1765583005428}, {"id": "979595301", "price": 0.13696, "amount": 53.0, "side": "sell", "timestamp": 1765583005664}, {"id": "979595302", "price": 0.13696, "amount": 39.0, "side": "sell", "timestamp": 1765583006241}, {"id": "979595303", "price": 0.13697, "amount": 165.0, "side": "buy", "timestamp": 1765583007500}, {"id": "979595304", "price": 0.13696, "amount": 54.0, "side": "sell", "timestamp": 1765583010494}, {"id": "979595305", "price": 0.13697, "amount": 6377.0, "side": "buy", "timestamp": 1765583011579}, {"id": "979595306", "price": 0.13696, "amount": 50.0, "side": "sell", "timestamp": 1765583012483}, {"id": "979595307", "price": 0.13696, "amount": 816.0, "side": "sell", "timestamp": 1765583012960}, {"id": "979595308", "price": 0.13696, "amount": 22.0, "side": "sell", "timestamp": 1765583013598}, {"id": "979595309", "price": 0.13697, "amount": 714.0, "side": "buy", "timestamp": 1765583014210}, {"id": "979595310", "price": 0.13697, "amount": 1751.0, "side": "buy", "timestamp": 1765583014402}, {"id": "979595311", "price": 0.13697, "amount": 1672.0, "side": "buy", "timestamp": 1765583014738}, {"id": "979595312", "price": 0.13696, "amount": 155.0, "side": "sell", "timestamp": 1765583015688}, {"id": "979595313", "price": 0.13697, "amount": 437.0, "side": "buy", "timestamp": 1765583016510}, {"id": "979595314", "price": 0.13697, "amount": 1693.0, "side": "buy", "timestamp": 1765583019456}, {"id": "979595315", "price": 0.13697, "amount": 88.0, "side": "buy", "timestamp": 1765583019661}, {"id": "979595316", "price": 0.13697, "amount": 34387.0, "side": "buy", "timestamp": 1765583022159}, {"id": "979595317", "price": 0.13697, "amount": 643.0, "side": "sell", "timestamp": 1765583023074}, {"id": "979595318", "price": 0.13697, "amount": 54.0, "side": "sell", "timestamp": 1765583024579}, {"id": "979595319", "price": 0.13698, "amount": 200.0, "side": "buy", "timestamp": 1765583025760}, {"id": "979595320", "price": 0.13697, "amount": 47.0, "side": "sell", "timestamp": 1765583026597}, {"id": "979595321", "price": 0.13697, "amount": 88.0, "side": "sell", "timestamp": 1765583027742}, {"id": "979595322", "price": 0.13698, "amount": 1545.0, "side": "buy", "timestamp": 1765583029082}, {"id": "979595323", "price": 0.13697, "amount": 49.0, "side": "sell", "timestamp": 1765583029177}, {"id": "979595324", "price": 0.13697, "amount": 553.0, "side": "sell", "timestamp": 1765583030809}, {"id": "979595325", "price": 0.13697, "amount": 37.0, "side": "sell", "timestamp": 1765583030955}, {"id": "979595326", "price": 0.13698, "amount": 5865.0, "side": "buy", "timestamp": 1765583031301}, {"id": "979595327", "price": 0.13699, "amount": 677.0, "side": "buy", "timestamp": 1765583032557}, {"id": "979595328", "price": 0.13699, "amount": 183.0, "side": "buy", "timestamp": 1765583035271}, {"id": "979595332", "price": 0.13698, "amount": 2454.0, "side": "sell", "timestamp": 1765583038127}, {"id": "979595333", "price": 0.13698, "amount": 281.0, "side": "sell", "timestamp": 1765583039562}, {"id": "979595334", "price": 0.13699, "amount": 78.0, "side": "buy", "timestamp": 1765583040141}, {"id": "979595335", "price": 0.13699, "amount": 76.0, "side": "buy", "timestamp": 1765583041212}, {"id": "979595336", "price": 0.13699, "amount": 11292.0, "side": "buy", "timestamp": 1765583041874}, {"id": "979595337", "price": 0.13698, "amount": 50.0, "side": "sell", "timestamp": 1765583042021}, {"id": "979595338", "price": 0.13698, "amount": 118.0, "side": "sell", "timestamp": 1765583042487}, {"id": "979595339", "price": 0.13698, "amount": 56.0, "side": "sell", "timestamp": 1765583043145}, {"id": "979595340", "price": 0.13699, "amount": 59.0, "side": "buy", "timestamp": 1765583043546}, {"id": "979595341", "price": 0.13699, "amount": 57.0, "side": "buy", "timestamp": 1765583044220}, {"id": "979595342", "price": 0.13698, "amount": 51.0, "side": "sell", "timestamp": 1765583044378}, {"id": "979595343", "price": 0.13699, "amount": 47.0, "side": "buy", "timestamp": 1765583045128}, {"id": "979595344", "price": 0.13698, "amount": 285.0, "side": "sell", "timestamp": 1765583045495}, {"id": "979595345", "price": 0.13698, "amount": 73.0, "side": "sell", "timestamp": 1765583047886}, {"id": "979595346", "price": 0.13698, "amount": 276.0, "side": "sell", "timestamp": 1765583048695}, {"id": "979595347", "price": 0.13699, "amount": 90918.0, "side": "buy", "timestamp": 1765583049992}, {"id": "979595348", "price": 0.137, "amount": 57808.0, "side": "buy", "timestamp": 1765583049992}, {"id": "979595349", "price": 0.137, "amount": 66.0, "side": "sell", "timestamp": 1765583050445}, {"id": "979595350", "price": 0.13701, "amount": 2105.0, "side": "buy", "timestamp": 1765583051123}, {"id": "979595351", "price": 0.137, "amount": 2500.0, "side": "sell", "timestamp": 1765583051140}, {"id": "979595352", "price": 0.13701, "amount": 364.0, "side": "buy", "timestamp": 1765583051245}, {"id": "979595353", "price": 0.137, "amount": 53.0, "side": "sell", "timestamp": 1765583051296}, {"id": "979595354", "price": 0.137, "amount": 65.0, "side": "sell", "timestamp": 1765583051436}, {"id": "979595355", "price": 0.13701, "amount": 1506.0, "side": "buy", "timestamp": 1765583051544}, {"id": "979595356", "price": 0.137, "amount": 2475.0, "side": "sell", "timestamp": 1765583052255}, {"id": "979595357", "price": 0.13701, "amount": 118.0, "side": "buy", "timestamp": 1765583052432}, {"id": "979595358", "price": 0.137, "amount": 49.0, "side": "sell", "timestamp": 1765583054706}, {"id": "979595359", "price": 0.13701, "amount": 1668.0, "side": "buy", "timestamp": 1765583056569}, {"id": "979595360", "price": 0.13701, "amount": 129.0, "side": "buy", "timestamp": 1765583058199}, {"id": "979595361", "price": 0.13701, "amount": 971.0, "side": "buy", "timestamp": 1765583061587}, {"id": "979595362", "price": 0.137, "amount": 39.0, "side": "sell", "timestamp": 1765583063582}, {"id": "979595363", "price": 0.137, "amount": 88.0, "side": "sell", "timestamp": 1765583063739}, {"id": "979595364", "price": 0.13701, "amount": 9610.0, "side": "buy", "timestamp": 1765583065176}, {"id": "979595365", "price": 0.137, "amount": 94.0, "side": "sell", "timestamp": 1765583065729}, {"id": "979595366", "price": 0.13701, "amount": 212.0, "side": "buy", "timestamp": 1765583066628}, {"id": "979595367", "price": 0.13701, "amount": 1076.0, "side": "buy", "timestamp": 1765583066874}, {"id": "979595368", "price": 0.13701, "amount": 169893.0, "side": "buy", "timestamp": 1765583069489}, {"id": "979595369", "price": 0.13702, "amount": 117.0, "side": "buy", "timestamp": 1765583072196}, {"id": "979595370", "price": 0.13701, "amount": 50.0, "side": "sell", "timestamp": 1765583072488}, {"id": "979595371", "price": 0.13702, "amount": 214.0, "side": "buy", "timestamp": 1765583074059}, {"id": "979595372", "price": 0.13701, "amount": 45.0, "side": "sell", "timestamp": 1765583074255}, {"id": "979595373", "price": 0.13702, "amount": 8697.0, "side": "buy", "timestamp": 1765583074858}, {"id": "979595374", "price": 0.13702, "amount": 7853.0, "side": "buy", "timestamp": 1765583077123}, {"id": "979595375", "price": 0.13701, "amount": 50.0, "side": "sell", "timestamp": 1765583080381}, {"id": "979595376", "price": 0.13702, "amount": 2189.0, "side": "buy", "timestamp": 1765583080927}, {"id": "979595377", "price": 0.13702, "amount": 57.0, "side": "buy", "timestamp": 1765583082301}, {"id": "979595378", "price": 0.13701, "amount": 244632.0, "side": "sell", "timestamp": 1765583084105}, {"id": "979595379", "price": 0.137, "amount": 56668.0, "side": "sell", "timestamp": 1765583084106}, {"id": "979595380", "price": 0.13699, "amount": 117800.0, "side": "sell", "timestamp": 1765583084106}, {"id": "979595381", "price": 0.137, "amount": 87.0, "side": "buy", "timestamp": 1765583084328}, {"id": "979595407", "price": 0.13698, "amount": 152.0, "side": "buy", "timestamp": 1765583106972}, {"id": "979595408", "price": 0.13698, "amount": 4394.0, "side": "buy", "timestamp": 1765583107785}, {"id": "979595409", "price": 0.13698, "amount": 1221.0, "side": "buy", "timestamp": 1765583108362}, {"id": "979595410", "price": 0.13697, "amount": 219.0, "side": "sell", "timestamp": 1765583109237}, {"id": "979595411", "price": 0.13698, "amount": 65.0, "side": "buy", "timestamp": 1765583109405}, {"id": "979595412", "price": 0.13697, "amount": 315.0, "side": "sell", "timestamp": 1765583114981}, {"id": "979595413", "price": 0.13698, "amount": 71.0, "side": "buy", "timestamp": 1765583115038}, {"id": "979595414", "price": 0.13698, "amount": 73.0, "side": "buy", "timestamp": 1765583115148}, {"id": "979595415", "price": 0.13698, "amount": 3147.0, "side": "buy", "timestamp": 1765583116485}, {"id": "979595416", "price": 0.13697, "amount": 140.0, "side": "sell", "timestamp": 1765583117371}, {"id": "979595417", "price": 0.13697, "amount": 84.0, "side": "sell", "timestamp": 1765583118248}, {"id": "979595418", "price": 0.13697, "amount": 42.0, "side": "sell", "timestamp": 1765583119421}, {"id": "979595419", "price": 0.13698, "amount": 1150.0, "side": "buy", "timestamp": 1765583120426}, {"id": "979595420", "price": 0.13698, "amount": 67538.0, "side": "buy", "timestamp": 1765583120589}, {"id": "979595421", "price": 0.13698, "amount": 147.0, "side": "sell", "timestamp": 1765583120625}, {"id": "979595422", "price": 0.13699, "amount": 2105.0, "side": "buy", "timestamp": 1765583121161}, {"id": "979595423", "price": 0.137, "amount": 75612.0, "side": "buy", "timestamp": 1765583121566}, {"id": "979595424", "price": 0.13701, "amount": 55.0, "side": "buy", "timestamp": 1765583124199}, {"id": "979595425", "price": 0.137, "amount": 104.0, "side": "sell", "timestamp": 1765583125287}, {"id": "979595426", "price": 0.13701, "amount": 15981.0, "side": "buy", "timestamp": 1765583127925}, {"id": "979595427", "price": 0.13701, "amount": 10904.0, "side": "buy", "timestamp": 1765583128108}, {"id": "979595428", "price": 0.13702, "amount": 5077.0, "side": "buy", "timestamp": 1765583128108}, {"id": "979595429", "price": 0.13702, "amount": 187.0, "side": "buy", "timestamp": 1765583128535}, {"id": "979595430", "price": 0.13702, "amount": 56.0, "side": "buy", "timestamp": 1765583131230}, {"id": "979595431", "price": 0.13702, "amount": 51.0, "side": "buy", "timestamp": 1765583134614}, {"id": "979595432", "price": 0.13702, "amount": 12326.0, "side": "buy", "timestamp": 1765583135212}, {"id": "979595433", "price": 0.13703, "amount": 106290.0, "side": "buy", "timestamp": 1765583135215}, {"id": "979595434", "price": 0.13704, "amount": 14967.0, "side": "buy", "timestamp": 1765583135216}, {"id": "979595435", "price": 0.13703, "amount": 8800.0, "side": "sell", "timestamp": 1765583135304}, {"id": "979595436", "price": 0.13703, "amount": 8800.0, "side": "sell", "timestamp": 1765583135531}, {"id": "979595437", "price": 0.13703, "amount": 8961.0, "side": "sell", "timestamp": 1765583135665}, {"id": "979595438", "price": 0.13703, "amount": 8800.0, "side": "sell", "timestamp": 1765583135959}, {"id": "979595439", "price": 0.13703, "amount": 7832.0, "side": "sell", "timestamp": 1765583136181}, {"id": "979595440", "price": 0.13703, "amount": 86642.0, "side": "sell", "timestamp": 1765583136283}, {"id": "979595441", "price": 0.13703, "amount": 88.0, "side": "buy", "timestamp": 1765583136427}, {"id": "979595442", "price": 0.13702, "amount": 37.0, "side": "sell", "timestamp": 1765583136824}, {"id": "979595443", "price": 0.13702, "amount": 90722.0, "side": "sell", "timestamp": 1765583137169}, {"id": "979595444", "price": 0.13701, "amount": 60.0, "side": "sell", "timestamp": 1765583138402}, {"id": "979595445", "price": 0.13702, "amount": 1.0, "side": "buy", "timestamp": 1765583138495}, {"id": "979595446", "price": 0.13702, "amount": 88.0, "side": "buy", "timestamp": 1765583139046}, {"id": "979595447", "price": 0.13702, "amount": 9.0, "side": "buy", "timestamp": 1765583139271}, {"id": "979595448", "price": 0.13702, "amount": 955.0, "side": "buy", "timestamp": 1765583139406}, {"id": "979595449", "price": 0.13701, "amount": 6354.0, "side": "sell", "timestamp": 1765583139443}, {"id": "979595450", "price": 0.13701, "amount": 94706.0, "side": "sell", "timestamp": 1765583139749}, {"id": "979595451", "price": 0.137, "amount": 11508.0, "side": "sell", "timestamp": 1765583139785}, {"id": "979595452", "price": 0.137, "amount": 49.0, "side": "buy", "timestamp": 1765583139811}, {"id": "979595453", "price": 0.137, "amount": 311811.0, "side": "buy", "timestamp": 1765583140349}, {"id": "979595454", "price": 0.13701, "amount": 255684.0, "side": "buy", "timestamp": 1765583140349}, {"id": "979595455", "price": 0.13701, "amount": 67963.0, "side": "buy", "timestamp": 1765583141086}, {"id": "979595456", "price": 0.13701, "amount": 41.0, "side": "sell", "timestamp": 1765583141492}, {"id": "979595481", "price": 0.13702, "amount": 457.0, "side": "buy", "timestamp": 1765583158764}, {"id": "979595482", "price": 0.13701, "amount": 3178.0, "side": "sell", "timestamp": 1765583159138}, {"id": "979595483", "price": 0.13701, "amount": 56.0, "side": "sell", "timestamp": 1765583159423}, {"id": "979595484", "price": 0.13702, "amount": 274.0, "side": "buy", "timestamp": 1765583160023}, {"id": "979595485", "price": 0.13702, "amount": 88.0, "side": "buy", "timestamp": 1765583160191}, {"id": "979595486", "price": 0.13701, "amount": 52.0, "side": "sell", "timestamp": 1765583160305}, {"id": "979595487", "price": 0.13701, "amount": 32209.0, "side": "sell", "timestamp": 1765583160744}, {"id": "979595488", "price": 0.13701, "amount": 24786.0, "side": "buy", "timestamp": 1765583162292}, {"id": "979595489", "price": 0.13702, "amount": 113984.0, "side": "buy", "timestamp": 1765583162292}, {"id": "979595490", "price": 0.13702, "amount": 89.0, "side": "buy", "timestamp": 1765583162661}, {"id": "979595491", "price": 0.13702, "amount": 88.0, "side": "buy", "timestamp": 1765583163007}, {"id": "979595492", "price": 0.13701, "amount": 620.0, "side": "sell", "timestamp": 1765583164086}, {"id": "979595493", "price": 0.13702, "amount": 88.0, "side": "buy", "timestamp": 1765583166038}, {"id": "979595494", "price": 0.13701, "amount": 1221.0, "side": "sell", "timestamp": 1765583168180}, {"id": "979595495", "price": 0.13702, "amount": 88.0, "side": "buy", "timestamp": 1765583169061}, {"id": "979595496", "price": 0.13701, "amount": 219.0, "side": "sell", "timestamp": 1765583169162}, {"id": "979595497", "price": 0.13702, "amount": 1227.0, "side": "buy", "timestamp": 1765583170828}, {"id": "979595498", "price": 0.13702, "amount": 787.0, "side": "buy", "timestamp": 1765583171713}, {"id": "979595499", "price": 0.13701, "amount": 88.0, "side": "sell", "timestamp": 1765583171738}, {"id": "979595500", "price": 0.13702, "amount": 88.0, "side": "buy", "timestamp": 1765583172091}, {"id": "979595501", "price": 0.13702, "amount": 166.0, "side": "buy", "timestamp": 1765583172968}, {"id": "979595502", "price": 0.13701, "amount": 55.0, "side": "sell", "timestamp": 1765583173574}, {"id": "979595503", "price": 0.13702, "amount": 88.0, "side": "buy", "timestamp": 1765583175117}, {"id": "979595504", "price": 0.13701, "amount": 277.0, "side": "sell", "timestamp": 1765583177456}, {"id": "979595505", "price": 0.13701, "amount": 39.0, "side": "sell", "timestamp": 1765583177707}, {"id": "979595506", "price": 0.13702, "amount": 88.0, "side": "buy", "timestamp": 1765583178142}, {"id": "979595507", "price": 0.13701, "amount": 172.0, "side": "sell", "timestamp": 1765583178261}, {"id": "979595508", "price": 0.13702, "amount": 88.0, "side": "buy", "timestamp": 1765583181156}, {"id": "979595509", "price": 0.13701, "amount": 37.0, "side": "sell", "timestamp": 1765583181525}, {"id": "979595510", "price": 0.13701, "amount": 35399.0, "side": "sell", "timestamp": 1765583181916}, {"id": "979595511", "price": 0.137, "amount": 1952.0, "side": "sell", "timestamp": 1765583182663}, {"id": "979595512", "price": 0.137, "amount": 45.0, "side": "sell", "timestamp": 1765583183541}, {"id": "979595513", "price": 0.137, "amount": 42.0, "side": "sell", "timestamp": 1765583183839}, {"id": "979595514", "price": 0.13701, "amount": 721390.0, "side": "buy", "timestamp": 1765583184182}, {"id": "979595515", "price": 0.13702, "amount": 157434.0, "side": "buy", "timestamp": 1765583184241}, {"id": "979595516", "price": 0.13701, "amount": 2462.0, "side": "sell", "timestamp": 1765583184305}, {"id": "979595517", "price": 0.13701, "amount": 337.0, "side": "sell", "timestamp": 1765583185758}, {"id": "979595518", "price": 0.13701, "amount": 337.0, "side": "sell", "timestamp": 1765583185875}, {"id": "979595519", "price": 0.13701, "amount": 115.0, "side": "sell", "timestamp": 1765583186645}, {"id": "979595520", "price": 0.13701, "amount": 53.0, "side": "sell", "timestamp": 1765583186961}, {"id": "979595521", "price": 0.13702, "amount": 88.0, "side": "buy", "timestamp": 1765583187196}, {"id": "979595522", "price": 0.13702, "amount": 43.0, "side": "buy", "timestamp": 1765583188157}, {"id": "979595523", "price": 0.13701, "amount": 12639.0, "side": "sell", "timestamp": 1765583188382}, {"id": "979595524", "price": 0.13701, "amount": 73.0, "side": "buy", "timestamp": 1765583188611}, {"id": "979595525", "price": 0.13701, "amount": 45.0, "side": "buy", "timestamp": 1765583188773}, {"id": "979595526", "price": 0.13701, "amount": 44.0, "side": "buy", "timestamp": 1765583188995}, {"id": "979595527", "price": 0.137, "amount": 39.0, "side": "sell", "timestamp": 1765583189875}, {"id": "979595528", "price": 0.13701, "amount": 88.0, "side": "buy", "timestamp": 1765583190009}, {"id": "979595529", "price": 0.13701, "amount": 337.0, "side": "buy", "timestamp": 1765583192491}, {"id": "979595530", "price": 0.13701, "amount": 88.0, "side": "buy", "timestamp": 1765583193030}, {"id": "979595576", "price": 0.13698, "amount": 178.0, "side": "sell", "timestamp": 1765583220685}, {"id": "979595577", "price": 0.13698, "amount": 477.0, "side": "buy", "timestamp": 1765583221287}, {"id": "979595578", "price": 0.13697, "amount": 227.0, "side": "sell", "timestamp": 1765583221442}, {"id": "979595579", "price": 0.13698, "amount": 9.0, "side": "buy", "timestamp": 1765583221446}, {"id": "979595580", "price": 0.13698, "amount": 657.0, "side": "buy", "timestamp": 1765583221762}, {"id": "979595581", "price": 0.13697, "amount": 527.0, "side": "sell", "timestamp": 1765583221835}, {"id": "979595582", "price": 0.13698, "amount": 27.0, "side": "buy", "timestamp": 1765583222436}, {"id": "979595583", "price": 0.13698, "amount": 88.0, "side": "buy", "timestamp": 1765583223089}, {"id": "979595584", "price": 0.13697, "amount": 99.0, "side": "sell", "timestamp": 1765583223366}, {"id": "979595585", "price": 0.13698, "amount": 21.0, "side": "buy", "timestamp": 1765583223479}, {"id": "979595586", "price": 0.13697, "amount": 161.0, "side": "sell", "timestamp": 1765583223641}, {"id": "979595587", "price": 0.13697, "amount": 668.0, "side": "sell", "timestamp": 1765583224299}, {"id": "979595588", "price": 0.13698, "amount": 185.0, "side": "buy", "timestamp": 1765583224553}, {"id": "979595589", "price": 0.13698, "amount": 122.0, "side": "buy", "timestamp": 1765583224746}, {"id": "979595590", "price": 0.13698, "amount": 107.0, "side": "buy", "timestamp": 1765583224873}, {"id": "979595591", "price": 0.13698, "amount": 186.0, "side": "buy", "timestamp": 1765583225146}, {"id": "979595592", "price": 0.13697, "amount": 153.0, "side": "sell", "timestamp": 1765583225248}, {"id": "979595593", "price": 0.13698, "amount": 275.0, "side": "buy", "timestamp": 1765583225435}, {"id": "979595594", "price": 0.13698, "amount": 26.0, "side": "buy", "timestamp": 1765583225822}, {"id": "979595595", "price": 0.13698, "amount": 88.0, "side": "buy", "timestamp": 1765583226158}, {"id": "979595596", "price": 0.13697, "amount": 58.0, "side": "sell", "timestamp": 1765583226414}, {"id": "979595597", "price": 0.13698, "amount": 4.0, "side": "buy", "timestamp": 1765583226906}, {"id": "979595598", "price": 0.13698, "amount": 45.0, "side": "buy", "timestamp": 1765583227950}, {"id": "979595599", "price": 0.13698, "amount": 1909.0, "side": "buy", "timestamp": 1765583228241}, {"id": "979595600", "price": 0.13697, "amount": 159.0, "side": "sell", "timestamp": 1765583228588}, {"id": "979595601", "price": 0.13698, "amount": 42.0, "side": "buy", "timestamp": 1765583228593}, {"id": "979595602", "price": 0.13698, "amount": 141.0, "side": "buy", "timestamp": 1765583228950}, {"id": "979595603", "price": 0.13698, "amount": 30137.0, "side": "buy", "timestamp": 1765583229545}, {"id": "979595604", "price": 0.13699, "amount": 219.0, "side": "buy", "timestamp": 1765583229601}, {"id": "979595605", "price": 0.13699, "amount": 11.0, "side": "buy", "timestamp": 1765583230073}, {"id": "979595606", "price": 0.13698, "amount": 1227.0, "side": "sell", "timestamp": 1765583230648}, {"id": "979595607", "price": 0.13699, "amount": 8.0, "side": "buy", "timestamp": 1765583231113}, {"id": "979595608", "price": 0.13698, "amount": 231.0, "side": "sell", "timestamp": 1765583231733}, {"id": "979595609", "price": 0.13699, "amount": 100.0, "side": "buy", "timestamp": 1765583232063}, {"id": "979595610", "price": 0.13698, "amount": 176.0, "side": "sell", "timestamp": 1765583232900}, {"id": "979595611", "price": 0.13698, "amount": 40.0, "side": "sell", "timestamp": 1765583233085}, {"id": "979595612", "price": 0.13699, "amount": 1240.0, "side": "buy", "timestamp": 1765583233202}, {"id": "979595613", "price": 0.13699, "amount": 13.0, "side": "buy", "timestamp": 1765583234370}, {"id": "979595614", "price": 0.13699, "amount": 88.0, "side": "buy", "timestamp": 1765583235123}, {"id": "979595615", "price": 0.13699, "amount": 9.0, "side": "buy", "timestamp": 1765583235475}, {"id": "979595616", "price": 0.13698, "amount": 55.0, "side": "sell", "timestamp": 1765583235904}, {"id": "979595617", "price": 0.13699, "amount": 7128.0, "side": "buy", "timestamp": 1765583236664}, {"id": "979595618", "price": 0.13699, "amount": 88.0, "side": "buy", "timestamp": 1765583238134}, {"id": "979595619", "price": 0.13699, "amount": 44.0, "side": "buy", "timestamp": 1765583238936}, {"id": "979595620", "price": 0.13699, "amount": 473.0, "side": "buy", "timestamp": 1765583239406}, {"id": "979595621", "price": 0.13699, "amount": 88.0, "side": "buy", "timestamp": 1765583241165}, {"id": "979595622", "price": 0.13698, "amount": 88.0, "side": "sell", "timestamp": 1765583243725}, {"id": "979595623", "price": 0.13699, "amount": 40336.0, "side": "buy", "timestamp": 1765583243798}, {"id": "979595624", "price": 0.137, "amount": 88.0, "side": "buy", "timestamp": 1765583244197}, {"id": "979595625", "price": 0.137, "amount": 18280.0, "side": "buy", "timestamp": 1765583246960}, {"id": "979595637", "price": 0.13699, "amount": 50.0, "side": "sell", "timestamp": 1765583262624}, {"id": "979595638", "price": 0.137, "amount": 88.0, "side": "buy", "timestamp": 1765583263110}, {"id": "979595639", "price": 0.13699, "amount": 43.0, "side": "sell", "timestamp": 1765583263166}, {"id": "979595640", "price": 0.137, "amount": 88.0, "side": "buy", "timestamp": 1765583266123}, {"id": "979595641", "price": 0.13699, "amount": 63.0, "side": "sell", "timestamp": 1765583266132}, {"id": "979595642", "price": 0.13699, "amount": 39.0, "side": "sell", "timestamp": 1765583266904}, {"id": "979595643", "price": 0.13699, "amount": 38.0, "side": "sell", "timestamp": 1765583268779}, {"id": "979595644", "price": 0.13699, "amount": 59.0, "side": "sell", "timestamp": 1765583269025}, {"id": "979595645", "price": 0.137, "amount": 88.0, "side": "buy", "timestamp": 1765583269145}, {"id": "979595646", "price": 0.137, "amount": 37.0, "side": "buy", "timestamp": 1765583270565}, {"id": "979595647", "price": 0.13699, "amount": 183.0, "side": "sell", "timestamp": 1765583271196}, {"id": "979595648", "price": 0.137, "amount": 197.0, "side": "buy", "timestamp": 1765583272161}, {"id": "979595649", "price": 0.13699, "amount": 399.0, "side": "sell", "timestamp": 1765583275002}, {"id": "979595650", "price": 0.137, "amount": 88.0, "side": "buy", "timestamp": 1765583275182}, {"id": "979595651", "price": 0.13699, "amount": 185.0, "side": "sell", "timestamp": 1765583275629}, {"id": "979595652", "price": 0.137, "amount": 59.0, "side": "buy", "timestamp": 1765583276700}, {"id": "979595653", "price": 0.13699, "amount": 190.0, "side": "sell", "timestamp": 1765583277709}, {"id": "979595654", "price": 0.13699, "amount": 544.0, "side": "sell", "timestamp": 1765583277957}, {"id": "979595655", "price": 0.137, "amount": 88.0, "side": "buy", "timestamp": 1765583278006}, {"id": "979595656", "price": 0.13699, "amount": 88.0, "side": "sell", "timestamp": 1765583279733}, {"id": "979595657", "price": 0.13699, "amount": 76.0, "side": "sell", "timestamp": 1765583280377}, {"id": "979595658", "price": 0.137, "amount": 88.0, "side": "buy", "timestamp": 1765583281029}, {"id": "979595659", "price": 0.13699, "amount": 37835.0, "side": "sell", "timestamp": 1765583282151}, {"id": "979595660", "price": 0.137, "amount": 72.0, "side": "buy", "timestamp": 1765583283367}, {"id": "979595661", "price": 0.13699, "amount": 60.0, "side": "sell", "timestamp": 1765583283551}, {"id": "979595662", "price": 0.137, "amount": 207.0, "side": "buy", "timestamp": 1765583283979}, {"id": "979595663", "price": 0.137, "amount": 159.0, "side": "buy", "timestamp": 1765583285579}, {"id": "979595664", "price": 0.13699, "amount": 121.0, "side": "sell", "timestamp": 1765583286439}, {"id": "979595665", "price": 0.13699, "amount": 816.0, "side": "sell", "timestamp": 1765583286962}, {"id": "979595666", "price": 0.137, "amount": 88.0, "side": "buy", "timestamp": 1765583287079}, {"id": "979595667", "price": 0.13699, "amount": 21100.0, "side": "sell", "timestamp": 1765583287901}, {"id": "979595668", "price": 0.13699, "amount": 219.0, "side": "buy", "timestamp": 1765583289811}, {"id": "979595669", "price": 0.13699, "amount": 88.0, "side": "buy", "timestamp": 1765583290102}, {"id": "979595670", "price": 0.13698, "amount": 38.0, "side": "sell", "timestamp": 1765583290571}, {"id": "979595671", "price": 0.13698, "amount": 89.0, "side": "sell", "timestamp": 1765583291724}, {"id": "979595672", "price": 0.13698, "amount": 46.0, "side": "sell", "timestamp": 1765583292261}, {"id": "979595673", "price": 0.13698, "amount": 361.0, "side": "sell", "timestamp": 1765583292818}, {"id": "979595674", "price": 0.13699, "amount": 88.0, "side": "buy", "timestamp": 1765583293114}, {"id": "979595675", "price": 0.13698, "amount": 1228.0, "side": "sell", "timestamp": 1765583293116}, {"id": "979595676", "price": 0.13698, "amount": 48.0, "side": "sell", "timestamp": 1765583293310}, {"id": "979595677", "price": 0.13698, "amount": 122344.0, "side": "sell", "timestamp": 1765583293833}, {"id": "979595678", "price": 0.13698, "amount": 1636.0, "side": "buy", "timestamp": 1765583294838}, {"id": "979595679", "price": 0.13697, "amount": 181.0, "side": "sell", "timestamp": 1765583295615}, {"id": "979595680", "price": 0.13698, "amount": 1228.0, "side": "buy", "timestamp": 1765583295764}, {"id": "979595681", "price": 0.13698, "amount": 438.0, "side": "buy", "timestamp": 1765583296023}, {"id": "979595682", "price": 0.13698, "amount": 88.0, "side": "buy", "timestamp": 1765583296138}, {"id": "979595683", "price": 0.13697, "amount": 193.0, "side": "sell", "timestamp": 1765583297150}, {"id": "979595684", "price": 0.13698, "amount": 88.0, "side": "buy", "timestamp": 1765583299149}, {"id": "979595685", "price": 0.13697, "amount": 317.0, "side": "sell", "timestamp": 1765583299506}, {"id": "979595686", "price": 0.13697, "amount": 55.0, "side": "sell", "timestamp": 1765583301332}, {"id": "979595707", "price": 0.13697, "amount": 46.0, "side": "sell", "timestamp": 1765583316790}, {"id": "979595708", "price": 0.13698, "amount": 88.0, "side": "buy", "timestamp": 1765583317139}, {"id": "979595709", "price": 0.13697, "amount": 54.0, "side": "sell", "timestamp": 1765583318165}, {"id": "979595710", "price": 0.13698, "amount": 88.0, "side": "buy", "timestamp": 1765583320160}, {"id": "979595711", "price": 0.13698, "amount": 88.0, "side": "buy", "timestamp": 1765583323184}, {"id": "979595712", "price": 0.13697, "amount": 48.0, "side": "sell", "timestamp": 1765583323758}, {"id": "979595713", "price": 0.13697, "amount": 39.0, "side": "sell", "timestamp": 1765583324053}, {"id": "979595714", "price": 0.13697, "amount": 269.0, "side": "sell", "timestamp": 1765583324447}, {"id": "979595715", "price": 0.13698, "amount": 88.0, "side": "buy", "timestamp": 1765583326195}, {"id": "979595716", "price": 0.13697, "amount": 219.0, "side": "sell", "timestamp": 1765583326870}, {"id": "979595717", "price": 0.13697, "amount": 55.0, "side": "sell", "timestamp": 1765583327223}, {"id": "979595718", "price": 0.13698, "amount": 291597.0, "side": "buy", "timestamp": 1765583327715}, {"id": "979595719", "price": 0.13698, "amount": 10041.0, "side": "buy", "timestamp": 1765583327870}, {"id": "979595720", "price": 0.13697, "amount": 57.0, "side": "sell", "timestamp": 1765583328109}, {"id": "979595721", "price": 0.13698, "amount": 88.0, "side": "buy", "timestamp": 1765583329006}, {"id": "979595722", "price": 0.13697, "amount": 65.0, "side": "sell", "timestamp": 1765583329562}, {"id": "979595723", "price": 0.13698, "amount": 151054.0, "side": "buy", "timestamp": 1765583330655}, {"id": "979595724", "price": 0.13699, "amount": 31745.0, "side": "buy", "timestamp": 1765583330665}, {"id": "979595725", "price": 0.13699, "amount": 760.0, "side": "sell", "timestamp": 1765583330775}, {"id": "979595726", "price": 0.13699, "amount": 730.0, "side": "sell", "timestamp": 1765583331675}, {"id": "979595727", "price": 0.137, "amount": 88.0, "side": "buy", "timestamp": 1765583332017}, {"id": "979595728", "price": 0.13699, "amount": 256.0, "side": "sell", "timestamp": 1765583332787}, {"id": "979595729", "price": 0.137, "amount": 88.0, "side": "buy", "timestamp": 1765583335029}, {"id": "979595730", "price": 0.137, "amount": 2505.0, "side": "buy", "timestamp": 1765583335605}, {"id": "979595731", "price": 0.137, "amount": 2189.0, "side": "buy", "timestamp": 1765583336626}, {"id": "979595732", "price": 0.137, "amount": 88.0, "side": "buy", "timestamp": 1765583338047}, {"id": "979595733", "price": 0.137, "amount": 72.0, "side": "buy", "timestamp": 1765583338983}, {"id": "979595734", "price": 0.13699, "amount": 55.0, "side": "sell", "timestamp": 1765583340185}, {"id": "979595735", "price": 0.137, "amount": 210.0, "side": "buy", "timestamp": 1765583340677}, {"id": "979595736", "price": 0.137, "amount": 88.0, "side": "buy", "timestamp": 1765583341071}, {"id": "979595737", "price": 0.137, "amount": 74.0, "side": "buy", "timestamp": 1765583341173}, {"id": "979595738", "price": 0.13699, "amount": 63.0, "side": "sell", "timestamp": 1765583342863}, {"id": "979595739", "price": 0.13699, "amount": 12.0, "side": "sell", "timestamp": 1765583343360}, {"id": "979595740", "price": 0.13699, "amount": 115.0, "side": "sell", "timestamp": 1765583343528}, {"id": "979595741", "price": 0.13699, "amount": 40.0, "side": "sell", "timestamp": 1765583343734}, {"id": "979595742", "price": 0.137, "amount": 80695.0, "side": "buy", "timestamp": 1765583344006}, {"id": "979595743", "price": 0.13701, "amount": 30462.0, "side": "buy", "timestamp": 1765583344014}, {"id": "979595744", "price": 0.13702, "amount": 44.0, "side": "buy", "timestamp": 1765583344900}, {"id": "979595745", "price": 0.13702, "amount": 102.0, "side": "buy", "timestamp": 1765583345437}, {"id": "979595746", "price": 0.13701, "amount": 82557.0, "side": "sell", "timestamp": 1765583346118}, {"id": "979595747", "price": 0.13701, "amount": 40.0, "side": "buy", "timestamp": 1765583346367}, {"id": "979595748", "price": 0.13701, "amount": 1055.0, "side": "buy", "timestamp": 1765583347229}, {"id": "979595749", "price": 0.13701, "amount": 20000.0, "side": "buy", "timestamp": 1765583347583}, {"id": "979595750", "price": 0.137, "amount": 1823.0, "side": "sell", "timestamp": 1765583347749}, {"id": "979595751", "price": 0.137, "amount": 219.0, "side": "sell", "timestamp": 1765583349896}, {"id": "979595752", "price": 0.137, "amount": 5551.0, "side": "sell", "timestamp": 1765583350937}, {"id": "979595753", "price": 0.137, "amount": 88.0, "side": "sell", "timestamp": 1765583351735}, {"id": "979595754", "price": 0.137, "amount": 71.0, "side": "sell", "timestamp": 1765583352401}, {"id": "979595755", "price": 0.137, "amount": 73.0, "side": "sell", "timestamp": 1765583353615}, {"id": "979595756", "price": 0.13701, "amount": 235.0, "side": "buy", "timestamp": 1765583353864}, {"id": "979595753", "price": 0.137, "amount": 88.0, "side": "sell", "timestamp": 1765583351735}, {"id": "979595754", "price": 0.137, "amount": 71.0, "side": "sell", "timestamp": 1765583352401}, {"id": "979595755", "price": 0.137, "amount": 73.0, "side": "sell", "timestamp": 1765583353615}, {"id": "979595756", "price": 0.13701, "amount": 235.0, "side": "buy", "timestamp": 1765583353864}, {"id": "979595757", "price": 0.137, "amount": 1228.0, "side": "sell", "timestamp": 1765583355587}, {"id": "979595758", "price": 0.137, "amount": 50.0, "side": "sell", "timestamp": 1765583355998}, {"id": "979595759", "price": 0.13701, "amount": 130.0, "side": "buy", "timestamp": 1765583356832}, {"id": "979595760", "price": 0.13701, "amount": 1228.0, "side": "buy", "timestamp": 1765583358249}, {"id": "979595761", "price": 0.13701, "amount": 10221.0, "side": "buy", "timestamp": 1765583359892}, {"id": "979595762", "price": 0.137, "amount": 88.0, "side": "sell", "timestamp": 1765583360646}, {"id": "979595763", "price": 0.137, "amount": 28009.0, "side": "sell", "timestamp": 1765583361945}, {"id": "979595764", "price": 0.137, "amount": 88.0, "side": "buy", "timestamp": 1765583362139}, {"id": "979595765", "price": 0.13699, "amount": 56.0, "side": "sell", "timestamp": 1765583364955}, {"id": "979595766", "price": 0.137, "amount": 88.0, "side": "buy", "timestamp": 1765583365153}, {"id": "979595767", "price": 0.13699, "amount": 15000.0, "side": "sell", "timestamp": 1765583366483}, {"id": "979595768", "price": 0.137, "amount": 88.0, "side": "buy", "timestamp": 1765583368177}, {"id": "979595769", "price": 0.13699, "amount": 190.0, "side": "sell", "timestamp": 1765583370599}, {"id": "979595770", "price": 0.137, "amount": 88.0, "side": "buy", "timestamp": 1765583371189}, {"id": "979595771", "price": 0.13699, "amount": 37.0, "side": "sell", "timestamp": 1765583371739}, {"id": "979595772", "price": 0.137, "amount": 88.0, "side": "buy", "timestamp": 1765583374202}, {"id": "979595773", "price": 0.137, "amount": 88.0, "side": "buy", "timestamp": 1765583377017}, {"id": "979595774", "price": 0.13699, "amount": 55.0, "side": "sell", "timestamp": 1765583378599}, {"id": "979595775", "price": 0.137, "amount": 182.0, "side": "buy", "timestamp": 1765583379652}, {"id": "979595776", "price": 0.137, "amount": 23533.0, "side": "buy", "timestamp": 1765583379811}, {"id": "979595777", "price": 0.137, "amount": 110.0, "side": "sell", "timestamp": 1765583379840}, {"id": "979595778", "price": 0.137, "amount": 845.0, "side": "sell", "timestamp": 1765583382609}, {"id": "979595779", "price": 0.137, "amount": 109.0, "side": "sell", "timestamp": 1765583383081}, {"id": "979595780", "price": 0.13701, "amount": 7298.0, "side": "buy", "timestamp": 1765583383604}, {"id": "979595781", "price": 0.137, "amount": 25613.0, "side": "sell", "timestamp": 1765583384319}, {"id": "979595782", "price": 0.13701, "amount": 37.0, "side": "buy", "timestamp": 1765583384790}, {"id": "979595783", "price": 0.13701, "amount": 37.0, "side": "buy", "timestamp": 1765583385434}, {"id": "979595784", "price": 0.13701, "amount": 79840.0, "side": "buy", "timestamp": 1765583387061}, {"id": "979595785", "price": 0.13702, "amount": 199874.0, "side": "buy", "timestamp": 1765583387061}, {"id": "979595786", "price": 0.13701, "amount": 4822.0, "side": "buy", "timestamp": 1765583387064}, {"id": "979595787", "price": 0.13701, "amount": 88.0, "side": "sell", "timestamp": 1765583387740}, {"id": "979595788", "price": 0.13702, "amount": 1089.0, "side": "buy", "timestamp": 1765583388422}, {"id": "979595789", "price": 0.13701, "amount": 39.0, "side": "sell", "timestamp": 1765583394698}, {"id": "979595790", "price": 0.13701, "amount": 63.0, "side": "sell", "timestamp": 1765583394977}, {"id": "979595791", "price": 0.13702, "amount": 30000.0, "side": "buy", "timestamp": 1765583396119}, {"id": "979595792", "price": 0.13701, "amount": 94.0, "side": "sell", "timestamp": 1765583396514}, {"id": "979595793", "price": 0.13701, "amount": 10169.0, "side": "sell", "timestamp": 1765583401267}, {"id": "979595794", "price": 0.13701, "amount": 102.0, "side": "buy", "timestamp": 1765583401399}, {"id": "979595795", "price": 0.13701, "amount": 694.0, "side": "buy", "timestamp": 1765583403781}, {"id": "979595796", "price": 0.13701, "amount": 61.0, "side": "sell", "timestamp": 1765583403845}, {"id": "979595797", "price": 0.13701, "amount": 55.0, "side": "sell", "timestamp": 1765583404230}, {"id": "979595798", "price": 0.13701, "amount": 50.0, "side": "sell", "timestamp": 1765583404694}, {"id": "979595799", "price": 0.13702, "amount": 213.0, "side": "buy", "timestamp": 1765583405163}, {"id": "979595800", "price": 0.13701, "amount": 40.0, "side": "sell", "timestamp": 1765583406570}, {"id": "979595801", "price": 0.13702, "amount": 3649.0, "side": "buy", "timestamp": 1765583406935}, {"id": "979595802", "price": 0.13702, "amount": 5.0, "side": "buy", "timestamp": 1765583407354}, {"id": "979595788", "price": 0.13702, "amount": 1089.0, "side": "buy", "timestamp": 1765583388422}, {"id": "979595789", "price": 0.13701, "amount": 39.0, "side": "sell", "timestamp": 1765583394698}, {"id": "979595790", "price": 0.13701, "amount": 63.0, "side": "sell", "timestamp": 1765583394977}, {"id": "979595791", "price": 0.13702, "amount": 30000.0, "side": "buy", "timestamp": 1765583396119}, {"id": "979595792", "price": 0.13701, "amount": 94.0, "side": "sell", "timestamp": 1765583396514}, {"id": "979595793", "price": 0.13701, "amount": 10169.0, "side": "sell", "timestamp": 1765583401267}, {"id": "979595794", "price": 0.13701, "amount": 102.0, "side": "buy", "timestamp": 1765583401399}, {"id": "979595795", "price": 0.13701, "amount": 694.0, "side": "buy", "timestamp": 1765583403781}, {"id": "979595796", "price": 0.13701, "amount": 61.0, "side": "sell", "timestamp": 1765583403845}, {"id": "979595797", "price": 0.13701, "amount": 55.0, "side": "sell", "timestamp": 1765583404230}, {"id": "979595798", "price": 0.13701, "amount": 50.0, "side": "sell", "timestamp": 1765583404694}, {"id": "979595799", "price": 0.13702, "amount": 213.0, "side": "buy", "timestamp": 1765583405163}, {"id": "979595800", "price": 0.13701, "amount": 40.0, "side": "sell", "timestamp": 1765583406570}, {"id": "979595801", "price": 0.13702, "amount": 3649.0, "side": "buy", "timestamp": 1765583406935}, {"id": "979595802", "price": 0.13702, "amount": 5.0, "side": "buy", "timestamp": 1765583407354}, {"id": "979595803", "price": 0.13702, "amount": 5.0, "side": "buy", "timestamp": 1765583409441}, {"id": "979595804", "price": 0.13701, "amount": 48.0, "side": "sell", "timestamp": 1765583409993}, {"id": "979595805", "price": 0.13702, "amount": 438.0, "side": "buy", "timestamp": 1765583410206}, {"id": "979595806", "price": 0.13701, "amount": 343.0, "side": "sell", "timestamp": 1765583414087}, {"id": "979595807", "price": 0.13702, "amount": 1094.0, "side": "buy", "timestamp": 1765583414462}, {"id": "979595808", "price": 0.13702, "amount": 293.0, "side": "buy", "timestamp": 1765583415258}, {"id": "979595809", "price": 0.13701, "amount": 38.0, "side": "sell", "timestamp": 1765583416107}, {"id": "979595810", "price": 0.13701, "amount": 1228.0, "side": "sell", "timestamp": 1765583418188}, {"id": "979595811", "price": 0.13702, "amount": 328.0, "side": "buy", "timestamp": 1765583420648}, {"id": "979595812", "price": 0.13702, "amount": 1227.0, "side": "buy", "timestamp": 1765583420825}, {"id": "979595813", "price": 0.13702, "amount": 50.0, "side": "buy", "timestamp": 1765583422182}, {"id": "979595814", "price": 0.13701, "amount": 88.0, "side": "sell", "timestamp": 1765583423734}, {"id": "979595815", "price": 0.13702, "amount": 64.0, "side": "buy", "timestamp": 1765583425247}, {"id": "979595816", "price": 0.13702, "amount": 67.0, "side": "buy", "timestamp": 1765583426370}, {"id": "979595817", "price": 0.13701, "amount": 40.0, "side": "sell", "timestamp": 1765583426501}, {"id": "979595818", "price": 0.13701, "amount": 49.0, "side": "sell", "timestamp": 1765583426945}, {"id": "979595819", "price": 0.13701, "amount": 62.0, "side": "sell", "timestamp": 1765583430814}, {"id": "979595820", "price": 0.13702, "amount": 5109.0, "side": "buy", "timestamp": 1765583431363}, {"id": "979595821", "price": 0.13701, "amount": 70.0, "side": "sell", "timestamp": 1765583433049}, {"id": "979595822", "price": 0.13701, "amount": 29.0, "side": "sell", "timestamp": 1765583433826}, {"id": "979595823", "price": 0.13702, "amount": 67.0, "side": "buy", "timestamp": 1765583440163}, {"id": "979595824", "price": 0.13701, "amount": 672.0, "side": "sell", "timestamp": 1765583440755}, {"id": "979595825", "price": 0.13701, "amount": 293.0, "side": "sell", "timestamp": 1765583444092}, {"id": "979595826", "price": 0.13701, "amount": 3212.0, "side": "sell", "timestamp": 1765583449138}, {"id": "979595827", "price": 0.13701, "amount": 40.0, "side": "sell", "timestamp": 1765583449839}, {"id": "979595828", "price": 0.13701, "amount": 215.0, "side": "sell", "timestamp": 1765583451685}, {"id": "979595829", "price": 0.13702, "amount": 67.0, "side": "buy", "timestamp": 1765583456006}, {"id": "979595830", "price": 0.13701, "amount": 42.0, "side": "sell", "timestamp": 1765583456423}, {"id": "979595831", "price": 0.13702, "amount": 67.0, "side": "buy", "timestamp": 1765583456873}, {"id": "979595832", "price": 0.13702, "amount": 50.0, "side": "buy", "timestamp": 1765583458058}, {"id": "979595833", "price": 0.13701, "amount": 127.0, "side": "sell", "timestamp": 1765583459721}, {"id": "979595834", "price": 0.13702, "amount": 204.0, "side": "buy", "timestamp": 1765583459727}, {"id": "979595835", "price": 0.13701, "amount": 88.0, "side": "sell", "timestamp": 1765583459729}, {"id": "979595836", "price": 0.13702, "amount": 40.0, "side": "buy", "timestamp": 1765583460083}, {"id": "979595837", "price": 0.13702, "amount": 52.0, "side": "buy", "timestamp": 1765583460448}, {"id": "979595865", "price": 0.13703, "amount": 78.0, "side": "sell", "timestamp": 1765583479229}, {"id": "979595866", "price": 0.13703, "amount": 115.0, "side": "sell", "timestamp": 1765583480429}, {"id": "979595867", "price": 0.13703, "amount": 1227.0, "side": "sell", "timestamp": 1765583480656}, {"id": "979595868", "price": 0.13704, "amount": 17059.0, "side": "buy", "timestamp": 1765583481840}, {"id": "979595869", "price": 0.13704, "amount": 341.0, "side": "sell", "timestamp": 1765583482000}, {"id": "979595870", "price": 0.13705, "amount": 1227.0, "side": "buy", "timestamp": 1765583483298}, {"id": "979595871", "price": 0.13705, "amount": 10894.0, "side": "buy", "timestamp": 1765583483582}, {"id": "979595872", "price": 0.13706, "amount": 66348.0, "side": "buy", "timestamp": 1765583483679}, {"id": "979595873", "price": 0.13707, "amount": 1379.0, "side": "buy", "timestamp": 1765583483714}, {"id": "979595874", "price": 0.13707, "amount": 6937.0, "side": "sell", "timestamp": 1765583483785}, {"id": "979595875", "price": 0.13708, "amount": 88.0, "side": "buy", "timestamp": 1765583484046}, {"id": "979595876", "price": 0.13708, "amount": 67.0, "side": "buy", "timestamp": 1765583485533}, {"id": "979595877", "price": 0.13708, "amount": 88.0, "side": "buy", "timestamp": 1765583487073}, {"id": "979595878", "price": 0.13708, "amount": 41.0, "side": "buy", "timestamp": 1765583488713}, {"id": "979595879", "price": 0.13707, "amount": 29496.0, "side": "sell", "timestamp": 1765583488911}, {"id": "979595880", "price": 0.13707, "amount": 855.0, "side": "buy", "timestamp": 1765583489061}, {"id": "979595881", "price": 0.13706, "amount": 438.0, "side": "sell", "timestamp": 1765583489661}, {"id": "979595882", "price": 0.13707, "amount": 88.0, "side": "buy", "timestamp": 1765583490106}, {"id": "979595883", "price": 0.13707, "amount": 88.0, "side": "buy", "timestamp": 1765583493130}, {"id": "979595884", "price": 0.13706, "amount": 368.0, "side": "sell", "timestamp": 1765583494128}, {"id": "979595885", "price": 0.13706, "amount": 5747.0, "side": "sell", "timestamp": 1765583494374}, {"id": "979595886", "price": 0.13707, "amount": 4174.0, "side": "buy", "timestamp": 1765583494454}, {"id": "979595887", "price": 0.13706, "amount": 50.0, "side": "sell", "timestamp": 1765583494511}, {"id": "979595888", "price": 0.13707, "amount": 477.0, "side": "buy", "timestamp": 1765583494615}, {"id": "979595889", "price": 0.13706, "amount": 88.0, "side": "sell", "timestamp": 1765583495744}, {"id": "979595890", "price": 0.13707, "amount": 22868.0, "side": "buy", "timestamp": 1765583495785}, {"id": "979595891", "price": 0.13707, "amount": 88.0, "side": "buy", "timestamp": 1765583496154}, {"id": "979595892", "price": 0.13706, "amount": 291.0, "side": "sell", "timestamp": 1765583496202}, {"id": "979595893", "price": 0.13706, "amount": 37406.0, "side": "sell", "timestamp": 1765583497006}, {"id": "979595894", "price": 0.13705, "amount": 37.0, "side": "sell", "timestamp": 1765583497112}, {"id": "979595895", "price": 0.13705, "amount": 91663.0, "side": "sell", "timestamp": 1765583497713}, {"id": "979595896", "price": 0.13704, "amount": 37.0, "side": "sell", "timestamp": 1765583498593}, {"id": "979595897", "price": 0.13705, "amount": 88.0, "side": "buy", "timestamp": 1765583499192}, {"id": "979595898", "price": 0.13704, "amount": 46.0, "side": "sell", "timestamp": 1765583499447}, {"id": "979595899", "price": 0.13705, "amount": 67.0, "side": "buy", "timestamp": 1765583499733}, {"id": "979595900", "price": 0.13705, "amount": 14593.0, "side": "buy", "timestamp": 1765583500145}, {"id": "979595901", "price": 0.13705, "amount": 88.0, "side": "buy", "timestamp": 1765583502016}, {"id": "979595902", "price": 0.13705, "amount": 261.0, "side": "buy", "timestamp": 1765583503012}, {"id": "979595903", "price": 0.13705, "amount": 201606.0, "side": "buy", "timestamp": 1765583503228}, {"id": "979595904", "price": 0.13704, "amount": 43.0, "side": "sell", "timestamp": 1765583503353}, {"id": "979595905", "price": 0.13704, "amount": 106.0, "side": "sell", "timestamp": 1765583503953}, {"id": "979595906", "price": 0.13704, "amount": 6173.0, "side": "sell", "timestamp": 1765583504647}, {"id": "979595907", "price": 0.13705, "amount": 88.0, "side": "buy", "timestamp": 1765583505038}, {"id": "979595908", "price": 0.13704, "amount": 47.0, "side": "sell", "timestamp": 1765583505358}, {"id": "979595909", "price": 0.13705, "amount": 45.0, "side": "buy", "timestamp": 1765583505596}, {"id": "979595910", "price": 0.13705, "amount": 88.0, "side": "buy", "timestamp": 1765583508061}, {"id": "979595911", "price": 0.13705, "amount": 17928.0, "side": "buy", "timestamp": 1765583509128}, {"id": "979595912", "price": 0.13704, "amount": 56.0, "side": "sell", "timestamp": 1765583510162}, {"id": "979595913", "price": 0.13705, "amount": 219.0, "side": "buy", "timestamp": 1765583510577}, {"id": "979595914", "price": 0.13705, "amount": 88.0, "side": "buy", "timestamp": 1765583511084}, {"id": "979595934", "price": 0.13701, "amount": 51.0, "side": "buy", "timestamp": 1765583525170}, {"id": "979595935", "price": 0.13701, "amount": 88.0, "side": "buy", "timestamp": 1765583526011}, {"id": "979595936", "price": 0.13701, "amount": 7442.0, "side": "buy", "timestamp": 1765583526207}, {"id": "979595937", "price": 0.137, "amount": 120.0, "side": "sell", "timestamp": 1765583526642}, {"id": "979595938", "price": 0.137, "amount": 307.0, "side": "sell", "timestamp": 1765583527264}, {"id": "979595939", "price": 0.137, "amount": 342064.0, "side": "sell", "timestamp": 1765583527672}, {"id": "979595940", "price": 0.13699, "amount": 24000.0, "side": "sell", "timestamp": 1765583527678}, {"id": "979595941", "price": 0.13699, "amount": 9034.0, "side": "sell", "timestamp": 1765583528725}, {"id": "979595942", "price": 0.137, "amount": 88.0, "side": "buy", "timestamp": 1765583529033}, {"id": "979595943", "price": 0.13699, "amount": 14596.0, "side": "sell", "timestamp": 1765583529990}, {"id": "979595944", "price": 0.13698, "amount": 4123.0, "side": "sell", "timestamp": 1765583530023}, {"id": "979595945", "price": 0.13698, "amount": 7299.0, "side": "buy", "timestamp": 1765583530213}, {"id": "979595946", "price": 0.13697, "amount": 162.0, "side": "sell", "timestamp": 1765583530217}, {"id": "979595947", "price": 0.13698, "amount": 219.0, "side": "buy", "timestamp": 1765583530665}, {"id": "979595948", "price": 0.13698, "amount": 14598.0, "side": "buy", "timestamp": 1765583531618}, {"id": "979595949", "price": 0.13697, "amount": 88.0, "side": "sell", "timestamp": 1765583531737}, {"id": "979595950", "price": 0.13698, "amount": 88.0, "side": "buy", "timestamp": 1765583532053}, {"id": "979595951", "price": 0.13697, "amount": 42.0, "side": "sell", "timestamp": 1765583533021}, {"id": "979595952", "price": 0.13697, "amount": 44.0, "side": "sell", "timestamp": 1765583533622}, {"id": "979595953", "price": 0.13698, "amount": 13068.0, "side": "buy", "timestamp": 1765583534703}, {"id": "979595954", "price": 0.13698, "amount": 74.0, "side": "buy", "timestamp": 1765583534813}, {"id": "979595955", "price": 0.13698, "amount": 88.0, "side": "buy", "timestamp": 1765583535076}, {"id": "979595956", "price": 0.13697, "amount": 217.0, "side": "sell", "timestamp": 1765583536234}, {"id": "979595957", "price": 0.13698, "amount": 115.0, "side": "buy", "timestamp": 1765583536566}, {"id": "979595958", "price": 0.13698, "amount": 88.0, "side": "buy", "timestamp": 1765583538091}, {"id": "979595959", "price": 0.13698, "amount": 88.0, "side": "buy", "timestamp": 1765583541103}, {"id": "979595960", "price": 0.13698, "amount": 510.0, "side": "buy", "timestamp": 1765583541992}, {"id": "979595961", "price": 0.13697, "amount": 1227.0, "side": "sell", "timestamp": 1765583543124}, {"id": "979595962", "price": 0.13697, "amount": 46.0, "side": "sell", "timestamp": 1765583543462}, {"id": "979595963", "price": 0.13697, "amount": 43.0, "side": "sell", "timestamp": 1765583543962}, {"id": "979595964", "price": 0.13698, "amount": 88.0, "side": "buy", "timestamp": 1765583544114}, {"id": "979595965", "price": 0.13697, "amount": 49.0, "side": "sell", "timestamp": 1765583544718}, {"id": "979595966", "price": 0.13698, "amount": 73.0, "side": "buy", "timestamp": 1765583545084}, {"id": "979595967", "price": 0.13697, "amount": 1055.0, "side": "sell", "timestamp": 1765583545269}, {"id": "979595968", "price": 0.13698, "amount": 1235.0, "side": "buy", "timestamp": 1765583545789}, {"id": "979595969", "price": 0.13698, "amount": 88.0, "side": "buy", "timestamp": 1765583547125}, {"id": "979595970", "price": 0.13697, "amount": 473.0, "side": "sell", "timestamp": 1765583549828}, {"id": "979595971", "price": 0.13698, "amount": 88.0, "side": "buy", "timestamp": 1765583550142}, {"id": "979595972", "price": 0.13697, "amount": 44.0, "side": "sell", "timestamp": 1765583551517}, {"id": "979595973", "price": 0.13697, "amount": 2540.0, "side": "sell", "timestamp": 1765583552236}, {"id": "979595974", "price": 0.13698, "amount": 88.0, "side": "buy", "timestamp": 1765583553155}, {"id": "979595975", "price": 0.13697, "amount": 125.0, "side": "sell", "timestamp": 1765583553891}, {"id": "979595976", "price": 0.13698, "amount": 88.0, "side": "buy", "timestamp": 1765583556168}, {"id": "979595977", "price": 0.13698, "amount": 991.0, "side": "buy", "timestamp": 1765583556508}, {"id": "979595978", "price": 0.13698, "amount": 88.0, "side": "buy", "timestamp": 1765583559180}, {"id": "979595979", "price": 0.13698, "amount": 1676.0, "side": "buy", "timestamp": 1765583559584}, {"id": "979595980", "price": 0.13698, "amount": 88.0, "side": "buy", "timestamp": 1765583562194}, {"id": "979595981", "price": 0.13697, "amount": 38.0, "side": "sell", "timestamp": 1765583563389}, {"id": "979595982", "price": 0.13698, "amount": 88.0, "side": "buy", "timestamp": 1765583565006}, {"id": "979595983", "price": 0.13697, "amount": 116.0, "side": "sell", "timestamp": 1765583566586}, {"id": "979596006", "price": 0.13697, "amount": 980.0, "side": "sell", "timestamp": 1765583583747}, {"id": "979596007", "price": 0.13697, "amount": 43.0, "side": "sell", "timestamp": 1765583584321}, {"id": "979596008", "price": 0.13698, "amount": 59.0, "side": "buy", "timestamp": 1765583584586}, {"id": "979596009", "price": 0.13698, "amount": 42.0, "side": "buy", "timestamp": 1765583584828}, {"id": "979596010", "price": 0.13698, "amount": 67.0, "side": "buy", "timestamp": 1765583585024}, {"id": "979596011", "price": 0.13698, "amount": 46.0, "side": "buy", "timestamp": 1765583585177}, {"id": "979596012", "price": 0.13698, "amount": 113.0, "side": "buy", "timestamp": 1765583585394}, {"id": "979596013", "price": 0.13698, "amount": 62.0, "side": "buy", "timestamp": 1765583585764}, {"id": "979596014", "price": 0.13698, "amount": 88.0, "side": "buy", "timestamp": 1765583586199}, {"id": "979596015", "price": 0.13698, "amount": 728.0, "side": "buy", "timestamp": 1765583586583}, {"id": "979596016", "price": 0.13697, "amount": 776.0, "side": "sell", "timestamp": 1765583586856}, {"id": "979596017", "price": 0.13698, "amount": 88.0, "side": "buy", "timestamp": 1765583589018}, {"id": "979596018", "price": 0.13697, "amount": 7500.0, "side": "sell", "timestamp": 1765583590365}, {"id": "979596019", "price": 0.13698, "amount": 219.0, "side": "buy", "timestamp": 1765583590907}, {"id": "979596020", "price": 0.13698, "amount": 88.0, "side": "buy", "timestamp": 1765583592047}, {"id": "979596021", "price": 0.13697, "amount": 106.0, "side": "sell", "timestamp": 1765583592053}, {"id": "979596022", "price": 0.13697, "amount": 1059.0, "side": "sell", "timestamp": 1765583593627}, {"id": "979596023", "price": 0.13698, "amount": 14311.0, "side": "buy", "timestamp": 1765583594569}, {"id": "979596024", "price": 0.13698, "amount": 88.0, "side": "buy", "timestamp": 1765583595090}, {"id": "979596025", "price": 0.13697, "amount": 112.0, "side": "sell", "timestamp": 1765583596894}, {"id": "979596026", "price": 0.13698, "amount": 88.0, "side": "buy", "timestamp": 1765583598118}, {"id": "979596027", "price": 0.13697, "amount": 324.0, "side": "sell", "timestamp": 1765583598885}, {"id": "979596028", "price": 0.13697, "amount": 3040.0, "side": "sell", "timestamp": 1765583599604}, {"id": "979596029", "price": 0.13697, "amount": 1838.0, "side": "sell", "timestamp": 1765583599905}, {"id": "979596030", "price": 0.13697, "amount": 1776.0, "side": "sell", "timestamp": 1765583600317}, {"id": "979596031", "price": 0.13698, "amount": 88.0, "side": "buy", "timestamp": 1765583601142}, {"id": "979596032", "price": 0.13697, "amount": 5700.0, "side": "sell", "timestamp": 1765583601698}, {"id": "979596033", "price": 0.13697, "amount": 1856.0, "side": "sell", "timestamp": 1765583602282}, {"id": "979596034", "price": 0.13698, "amount": 85.0, "side": "buy", "timestamp": 1765583603303}, {"id": "979596035", "price": 0.13697, "amount": 88.0, "side": "sell", "timestamp": 1765583603725}, {"id": "979596036", "price": 0.13697, "amount": 45631.0, "side": "sell", "timestamp": 1765583603931}, {"id": "979596037", "price": 0.13696, "amount": 25176.0, "side": "sell", "timestamp": 1765583603936}, {"id": "979596038", "price": 0.13696, "amount": 88.0, "side": "buy", "timestamp": 1765583604178}, {"id": "979596039", "price": 0.13695, "amount": 3285.0, "side": "sell", "timestamp": 1765583605132}, {"id": "979596040", "price": 0.13695, "amount": 1235.0, "side": "sell", "timestamp": 1765583605632}, {"id": "979596041", "price": 0.13696, "amount": 88.0, "side": "buy", "timestamp": 1765583607016}, {"id": "979596042", "price": 0.13696, "amount": 1235.0, "side": "buy", "timestamp": 1765583608286}, {"id": "979596043", "price": 0.13695, "amount": 8879.0, "side": "sell", "timestamp": 1765583608417}, {"id": "979596044", "price": 0.13694, "amount": 10829.0, "side": "sell", "timestamp": 1765583608417}, {"id": "979596045", "price": 0.13695, "amount": 558.0, "side": "buy", "timestamp": 1765583609881}, {"id": "979596046", "price": 0.13695, "amount": 88.0, "side": "buy", "timestamp": 1765583610053}, {"id": "979596047", "price": 0.13694, "amount": 3554.0, "side": "sell", "timestamp": 1765583610381}, {"id": "979596048", "price": 0.13693, "amount": 42.0, "side": "sell", "timestamp": 1765583612830}, {"id": "979596049", "price": 0.13694, "amount": 88.0, "side": "buy", "timestamp": 1765583613097}, {"id": "979596050", "price": 0.13693, "amount": 5131.0, "side": "sell", "timestamp": 1765583613103}, {"id": "979596051", "price": 0.13693, "amount": 769.0, "side": "buy", "timestamp": 1765583615665}, {"id": "979596052", "price": 0.13692, "amount": 7995.0, "side": "sell", "timestamp": 1765583615994}, {"id": "979596053", "price": 0.13693, "amount": 3739.0, "side": "buy", "timestamp": 1765583616154}, {"id": "979596054", "price": 0.13693, "amount": 88.0, "side": "buy", "timestamp": 1765583619189}, {"id": "979596055", "price": 0.13692, "amount": 345.0, "side": "sell", "timestamp": 1765583620688}, {"id": "979596086", "price": 0.13686, "amount": 48.0, "side": "sell", "timestamp": 1765583643594}, {"id": "979596087", "price": 0.13686, "amount": 20427.0, "side": "sell", "timestamp": 1765583644867}, {"id": "979596088", "price": 0.13686, "amount": 406.0, "side": "sell", "timestamp": 1765583645257}, {"id": "979596089", "price": 0.13686, "amount": 2898.0, "side": "sell", "timestamp": 1765583645671}, {"id": "979596090", "price": 0.13687, "amount": 88.0, "side": "buy", "timestamp": 1765583646101}, {"id": "979596091", "price": 0.13686, "amount": 11760.0, "side": "sell", "timestamp": 1765583647884}, {"id": "979596092", "price": 0.13686, "amount": 632.0, "side": "sell", "timestamp": 1765583648098}, {"id": "979596093", "price": 0.13687, "amount": 45.0, "side": "buy", "timestamp": 1765583648344}, {"id": "979596094", "price": 0.13686, "amount": 29261.0, "side": "sell", "timestamp": 1765583649079}, {"id": "979596095", "price": 0.13687, "amount": 88.0, "side": "buy", "timestamp": 1765583649118}, {"id": "979596096", "price": 0.13687, "amount": 219.0, "side": "buy", "timestamp": 1765583651205}, {"id": "979596097", "price": 0.13687, "amount": 88.0, "side": "buy", "timestamp": 1765583652036}, {"id": "979596098", "price": 0.13686, "amount": 8681.0, "side": "sell", "timestamp": 1765583654685}, {"id": "979596099", "price": 0.13687, "amount": 88.0, "side": "buy", "timestamp": 1765583655058}, {"id": "979596100", "price": 0.13687, "amount": 1.0, "side": "buy", "timestamp": 1765583656228}, {"id": "979596101", "price": 0.13686, "amount": 30167.0, "side": "sell", "timestamp": 1765583656853}, {"id": "979596102", "price": 0.13687, "amount": 1.0, "side": "buy", "timestamp": 1765583657483}, {"id": "979596103", "price": 0.13687, "amount": 88.0, "side": "buy", "timestamp": 1765583658086}, {"id": "979596104", "price": 0.13687, "amount": 2.0, "side": "buy", "timestamp": 1765583658459}, {"id": "979596105", "price": 0.13687, "amount": 491.0, "side": "buy", "timestamp": 1765583659810}, {"id": "979596106", "price": 0.13687, "amount": 5.0, "side": "buy", "timestamp": 1765583660799}, {"id": "979596107", "price": 0.13686, "amount": 42.0, "side": "sell", "timestamp": 1765583660966}, {"id": "979596108", "price": 0.13687, "amount": 88.0, "side": "buy", "timestamp": 1765583661131}, {"id": "979596109", "price": 0.13687, "amount": 613.0, "side": "buy", "timestamp": 1765583661487}, {"id": "979596110", "price": 0.13687, "amount": 6.0, "side": "buy", "timestamp": 1765583662041}, {"id": "979596111", "price": 0.13687, "amount": 56285.0, "side": "buy", "timestamp": 1765583662511}, {"id": "979596112", "price": 0.13688, "amount": 131406.0, "side": "buy", "timestamp": 1765583662515}, {"id": "979596113", "price": 0.13689, "amount": 8445.0, "side": "buy", "timestamp": 1765583662582}, {"id": "979596114", "price": 0.1369, "amount": 98448.0, "side": "buy", "timestamp": 1765583662621}, {"id": "979596115", "price": 0.13691, "amount": 32626.0, "side": "buy", "timestamp": 1765583662621}, {"id": "979596116", "price": 0.1369, "amount": 7292.0, "side": "buy", "timestamp": 1765583662661}, {"id": "979596117", "price": 0.1369, "amount": 5.0, "side": "buy", "timestamp": 1765583662997}, {"id": "979596118", "price": 0.13689, "amount": 1885.0, "side": "sell", "timestamp": 1765583663884}, {"id": "979596119", "price": 0.1369, "amount": 92.0, "side": "buy", "timestamp": 1765583664090}, {"id": "979596120", "price": 0.1369, "amount": 5.0, "side": "buy", "timestamp": 1765583665296}, {"id": "979596121", "price": 0.1369, "amount": 13.0, "side": "buy", "timestamp": 1765583666491}, {"id": "979596122", "price": 0.13689, "amount": 269.0, "side": "sell", "timestamp": 1765583666762}, {"id": "979596123", "price": 0.1369, "amount": 88.0, "side": "buy", "timestamp": 1765583667122}, {"id": "979596124", "price": 0.1369, "amount": 7.0, "side": "buy", "timestamp": 1765583667850}, {"id": "979596125", "price": 0.13689, "amount": 1235.0, "side": "sell", "timestamp": 1765583668110}, {"id": "979596126", "price": 0.13689, "amount": 43.0, "side": "sell", "timestamp": 1765583668716}, {"id": "979596127", "price": 0.1369, "amount": 8.0, "side": "buy", "timestamp": 1765583668965}, {"id": "979596128", "price": 0.13689, "amount": 38.0, "side": "sell", "timestamp": 1765583669447}, {"id": "979596129", "price": 0.1369, "amount": 9.0, "side": "buy", "timestamp": 1765583669921}, {"id": "979596130", "price": 0.1369, "amount": 88.0, "side": "buy", "timestamp": 1765583670136}, {"id": "979596131", "price": 0.1369, "amount": 6746.0, "side": "buy", "timestamp": 1765583670753}, {"id": "979596132", "price": 0.1369, "amount": 11.0, "side": "buy", "timestamp": 1765583670906}, {"id": "979596133", "price": 0.1369, "amount": 800.0, "side": "buy", "timestamp": 1765583671978}, {"id": "979596134", "price": 0.1369, "amount": 97.0, "side": "buy", "timestamp": 1765583673104}, {"id": "979596135", "price": 0.13689, "amount": 4925.0, "side": "sell", "timestamp": 1765583673856}, {"id": "979596185", "price": 0.13691, "amount": 20378.0, "side": "sell", "timestamp": 1765583696425}, {"id": "979596186", "price": 0.1369, "amount": 11122.0, "side": "sell", "timestamp": 1765583696426}, {"id": "979596187", "price": 0.1369, "amount": 6877.0, "side": "sell", "timestamp": 1765583696558}, {"id": "979596188", "price": 0.13689, "amount": 2112.0, "side": "sell", "timestamp": 1765583696559}, {"id": "979596189", "price": 0.13688, "amount": 2888.0, "side": "sell", "timestamp": 1765583696559}, {"id": "979596190", "price": 0.1369, "amount": 5598.0, "side": "buy", "timestamp": 1765583696569}, {"id": "979596191", "price": 0.13688, "amount": 208.0, "side": "sell", "timestamp": 1765583696575}, {"id": "979596192", "price": 0.13688, "amount": 73.0, "side": "sell", "timestamp": 1765583696683}, {"id": "979596193", "price": 0.13689, "amount": 5735.0, "side": "buy", "timestamp": 1765583697011}, {"id": "979596194", "price": 0.13688, "amount": 42.0, "side": "sell", "timestamp": 1765583697583}, {"id": "979596195", "price": 0.13688, "amount": 45.0, "side": "sell", "timestamp": 1765583697983}, {"id": "979596196", "price": 0.13688, "amount": 2486.0, "side": "sell", "timestamp": 1765583698304}, {"id": "979596197", "price": 0.13689, "amount": 88.0, "side": "buy", "timestamp": 1765583700067}, {"id": "979596198", "price": 0.13688, "amount": 36612.0, "side": "sell", "timestamp": 1765583700411}, {"id": "979596199", "price": 0.13688, "amount": 74.0, "side": "buy", "timestamp": 1765583701545}, {"id": "979596200", "price": 0.13687, "amount": 40.0, "side": "sell", "timestamp": 1765583701886}, {"id": "979596201", "price": 0.13688, "amount": 129.0, "side": "buy", "timestamp": 1765583701913}, {"id": "979596202", "price": 0.13687, "amount": 1482.0, "side": "sell", "timestamp": 1765583702000}, {"id": "979596203", "price": 0.13688, "amount": 73.0, "side": "buy", "timestamp": 1765583702728}, {"id": "979596204", "price": 0.13688, "amount": 88.0, "side": "buy", "timestamp": 1765583703086}, {"id": "979596205", "price": 0.13687, "amount": 219.0, "side": "sell", "timestamp": 1765583703276}, {"id": "979596206", "price": 0.13687, "amount": 93.0, "side": "sell", "timestamp": 1765583703575}, {"id": "979596207", "price": 0.13688, "amount": 6127.0, "side": "buy", "timestamp": 1765583704198}, {"id": "979596208", "price": 0.13687, "amount": 863.0, "side": "sell", "timestamp": 1765583704463}, {"id": "979596209", "price": 0.13688, "amount": 634.0, "side": "buy", "timestamp": 1765583704752}, {"id": "979596210", "price": 0.13687, "amount": 29702.0, "side": "sell", "timestamp": 1765583705009}, {"id": "979596211", "price": 0.13688, "amount": 52.0, "side": "buy", "timestamp": 1765583705186}, {"id": "979596212", "price": 0.13688, "amount": 129.0, "side": "buy", "timestamp": 1765583705445}, {"id": "979596213", "price": 0.13687, "amount": 7107.0, "side": "sell", "timestamp": 1765583705601}, {"id": "979596214", "price": 0.13688, "amount": 88.0, "side": "buy", "timestamp": 1765583706099}, {"id": "979596215", "price": 0.13688, "amount": 329.0, "side": "buy", "timestamp": 1765583706953}, {"id": "979596216", "price": 0.13688, "amount": 88.0, "side": "buy", "timestamp": 1765583709110}, {"id": "979596217", "price": 0.13688, "amount": 219.0, "side": "buy", "timestamp": 1765583711416}, {"id": "979596218", "price": 0.13687, "amount": 88.0, "side": "sell", "timestamp": 1765583711743}, {"id": "979596219", "price": 0.13688, "amount": 88.0, "side": "buy", "timestamp": 1765583712120}, {"id": "979596220", "price": 0.13688, "amount": 4974.0, "side": "buy", "timestamp": 1765583713170}, {"id": "979596221", "price": 0.13687, "amount": 441.0, "side": "sell", "timestamp": 1765583714020}, {"id": "979596222", "price": 0.13687, "amount": 1425.0, "side": "sell", "timestamp": 1765583714136}, {"id": "979596223", "price": 0.13688, "amount": 88.0, "side": "buy", "timestamp": 1765583715131}, {"id": "979596224", "price": 0.13688, "amount": 1665.0, "side": "buy", "timestamp": 1765583715553}, {"id": "979596225", "price": 0.13688, "amount": 460.0, "side": "buy", "timestamp": 1765583716053}, {"id": "979596226", "price": 0.13687, "amount": 146.0, "side": "sell", "timestamp": 1765583716954}, {"id": "979596227", "price": 0.13688, "amount": 88.0, "side": "buy", "timestamp": 1765583718144}, {"id": "979596228", "price": 0.13687, "amount": 521.0, "side": "sell", "timestamp": 1765583718774}, {"id": "979596229", "price": 0.13687, "amount": 37.0, "side": "sell", "timestamp": 1765583720747}, {"id": "979596230", "price": 0.13688, "amount": 88.0, "side": "buy", "timestamp": 1765583721159}, {"id": "979596231", "price": 0.13687, "amount": 5570.0, "side": "sell", "timestamp": 1765583721960}, {"id": "979596232", "price": 0.13687, "amount": 36090.0, "side": "sell", "timestamp": 1765583722771}, {"id": "979596233", "price": 0.13688, "amount": 88.0, "side": "buy", "timestamp": 1765583724176}, {"id": "979596234", "price": 0.13687, "amount": 3680.0, "side": "sell", "timestamp": 1765583726471}, {"id": "979596268", "price": 0.13688, "amount": 483.0, "side": "buy", "timestamp": 1765583751340}, {"id": "979596269", "price": 0.13687, "amount": 34700.0, "side": "sell", "timestamp": 1765583752839}, {"id": "979596270", "price": 0.13688, "amount": 6568.0, "side": "buy", "timestamp": 1765583752916}, {"id": "979596271", "price": 0.13688, "amount": 88.0, "side": "buy", "timestamp": 1765583754162}, {"id": "979596272", "price": 0.13688, "amount": 88.0, "side": "buy", "timestamp": 1765583757003}, {"id": "979596273", "price": 0.13688, "amount": 88.0, "side": "buy", "timestamp": 1765583760040}, {"id": "979596274", "price": 0.13688, "amount": 8483.0, "side": "buy", "timestamp": 1765583760334}, {"id": "979596275", "price": 0.13687, "amount": 79.0, "side": "sell", "timestamp": 1765583760392}, {"id": "979596276", "price": 0.13687, "amount": 800.0, "side": "sell", "timestamp": 1765583760613}, {"id": "979596277", "price": 0.13687, "amount": 244.0, "side": "sell", "timestamp": 1765583761558}, {"id": "979596278", "price": 0.13688, "amount": 183.0, "side": "buy", "timestamp": 1765583761870}, {"id": "979596279", "price": 0.13688, "amount": 1678.0, "side": "buy", "timestamp": 1765583762846}, {"id": "979596280", "price": 0.13688, "amount": 88.0, "side": "buy", "timestamp": 1765583763053}, {"id": "979596281", "price": 0.13687, "amount": 46.0, "side": "sell", "timestamp": 1765583763661}, {"id": "979596282", "price": 0.13687, "amount": 45.0, "side": "sell", "timestamp": 1765583763967}, {"id": "979596283", "price": 0.13688, "amount": 43.0, "side": "buy", "timestamp": 1765583764092}, {"id": "979596284", "price": 0.13688, "amount": 39.0, "side": "buy", "timestamp": 1765583764242}, {"id": "979596285", "price": 0.13688, "amount": 100.0, "side": "buy", "timestamp": 1765583764792}, {"id": "979596286", "price": 0.13687, "amount": 150.0, "side": "sell", "timestamp": 1765583764886}, {"id": "979596287", "price": 0.13688, "amount": 88.0, "side": "buy", "timestamp": 1765583765039}, {"id": "979596288", "price": 0.13687, "amount": 10973.0, "side": "sell", "timestamp": 1765583765164}, {"id": "979596289", "price": 0.13688, "amount": 76.0, "side": "buy", "timestamp": 1765583765216}, {"id": "979596290", "price": 0.13688, "amount": 183.0, "side": "buy", "timestamp": 1765583765454}, {"id": "979596291", "price": 0.13688, "amount": 56.0, "side": "buy", "timestamp": 1765583765840}, {"id": "979596292", "price": 0.13688, "amount": 88.0, "side": "buy", "timestamp": 1765583766075}, {"id": "979596293", "price": 0.13687, "amount": 117.0, "side": "sell", "timestamp": 1765583767070}, {"id": "979596294", "price": 0.13687, "amount": 331.0, "side": "sell", "timestamp": 1765583767992}, {"id": "979596295", "price": 0.13687, "amount": 36248.0, "side": "sell", "timestamp": 1765583768197}, {"id": "979596296", "price": 0.13687, "amount": 88.0, "side": "buy", "timestamp": 1765583769088}, {"id": "979596297", "price": 0.13686, "amount": 179466.0, "side": "sell", "timestamp": 1765583769366}, {"id": "979596298", "price": 0.13685, "amount": 185844.0, "side": "sell", "timestamp": 1765583769366}, {"id": "979596299", "price": 0.13686, "amount": 707.0, "side": "buy", "timestamp": 1765583769579}, {"id": "979596300", "price": 0.13686, "amount": 8767.0, "side": "buy", "timestamp": 1765583770431}, {"id": "979596301", "price": 0.13686, "amount": 219.0, "side": "buy", "timestamp": 1765583771632}, {"id": "979596302", "price": 0.13685, "amount": 49.0, "side": "sell", "timestamp": 1765583772008}, {"id": "979596303", "price": 0.13686, "amount": 88.0, "side": "buy", "timestamp": 1765583772100}, {"id": "979596304", "price": 0.13685, "amount": 1884.0, "side": "sell", "timestamp": 1765583773608}, {"id": "979596305", "price": 0.13686, "amount": 88.0, "side": "buy", "timestamp": 1765583775125}, {"id": "979596306", "price": 0.13685, "amount": 7579.0, "side": "sell", "timestamp": 1765583775480}, {"id": "979596307", "price": 0.13684, "amount": 5482.0, "side": "sell", "timestamp": 1765583775844}, {"id": "979596308", "price": 0.13685, "amount": 5493.0, "side": "buy", "timestamp": 1765583776781}, {"id": "979596309", "price": 0.13684, "amount": 16662.0, "side": "sell", "timestamp": 1765583777497}, {"id": "979596310", "price": 0.13684, "amount": 42.0, "side": "sell", "timestamp": 1765583778057}, {"id": "979596311", "price": 0.13685, "amount": 88.0, "side": "buy", "timestamp": 1765583778135}, {"id": "979596312", "price": 0.13684, "amount": 16000.0, "side": "sell", "timestamp": 1765583778887}, {"id": "979596313", "price": 0.13685, "amount": 1213.0, "side": "buy", "timestamp": 1765583778938}, {"id": "979596314", "price": 0.13684, "amount": 4972.0, "side": "sell", "timestamp": 1765583778991}, {"id": "979596315", "price": 0.13684, "amount": 202.0, "side": "buy", "timestamp": 1765583779595}, {"id": "979596316", "price": 0.13683, "amount": 44.0, "side": "sell", "timestamp": 1765583779643}, {"id": "979596317", "price": 0.13683, "amount": 4000.0, "side": "sell", "timestamp": 1765583780051}, {"id": "979596368", "price": 0.13681, "amount": 498.0, "side": "sell", "timestamp": 1765583814299}, {"id": "979596369", "price": 0.13681, "amount": 39.0, "side": "sell", "timestamp": 1765583816169}, {"id": "979596370", "price": 0.13682, "amount": 88.0, "side": "buy", "timestamp": 1765583817067}, {"id": "979596371", "price": 0.13681, "amount": 1323.0, "side": "sell", "timestamp": 1765583817160}, {"id": "979596372", "price": 0.13682, "amount": 160.0, "side": "buy", "timestamp": 1765583817544}, {"id": "979596373", "price": 0.13681, "amount": 49.0, "side": "sell", "timestamp": 1765583817629}, {"id": "979596374", "price": 0.13682, "amount": 155.0, "side": "buy", "timestamp": 1765583818918}, {"id": "979596375", "price": 0.13681, "amount": 4636.0, "side": "sell", "timestamp": 1765583819230}, {"id": "979596376", "price": 0.13681, "amount": 88.0, "side": "sell", "timestamp": 1765583819737}, {"id": "979596377", "price": 0.13682, "amount": 88.0, "side": "buy", "timestamp": 1765583820105}, {"id": "979596378", "price": 0.13681, "amount": 9431.0, "side": "sell", "timestamp": 1765583820107}, {"id": "979596379", "price": 0.1368, "amount": 91967.0, "side": "sell", "timestamp": 1765583820161}, {"id": "979596380", "price": 0.13679, "amount": 24000.0, "side": "sell", "timestamp": 1765583820163}, {"id": "979596381", "price": 0.13679, "amount": 1004.0, "side": "sell", "timestamp": 1765583820293}, {"id": "979596382", "price": 0.1368, "amount": 109.0, "side": "buy", "timestamp": 1765583821754}, {"id": "979596383", "price": 0.13679, "amount": 13025.0, "side": "sell", "timestamp": 1765583822035}, {"id": "979596384", "price": 0.13678, "amount": 10901.0, "side": "sell", "timestamp": 1765583822035}, {"id": "979596385", "price": 0.13679, "amount": 88.0, "side": "buy", "timestamp": 1765583823148}, {"id": "979596386", "price": 0.13678, "amount": 225.0, "side": "sell", "timestamp": 1765583823346}, {"id": "979596387", "price": 0.13679, "amount": 41.0, "side": "buy", "timestamp": 1765583824216}, {"id": "979596388", "price": 0.13679, "amount": 2500.0, "side": "buy", "timestamp": 1765583824349}, {"id": "979596389", "price": 0.13678, "amount": 388.0, "side": "sell", "timestamp": 1765583824758}, {"id": "979596390", "price": 0.13679, "amount": 328612.0, "side": "buy", "timestamp": 1765583825021}, {"id": "979596391", "price": 0.13679, "amount": 41037.0, "side": "sell", "timestamp": 1765583825132}, {"id": "979596392", "price": 0.1368, "amount": 109.0, "side": "buy", "timestamp": 1765583825190}, {"id": "979596393", "price": 0.1368, "amount": 86.0, "side": "buy", "timestamp": 1765583825487}, {"id": "979596394", "price": 0.1368, "amount": 48.0, "side": "buy", "timestamp": 1765583825789}, {"id": "979596395", "price": 0.1368, "amount": 88.0, "side": "buy", "timestamp": 1765583826011}, {"id": "979596396", "price": 0.13679, "amount": 46.0, "side": "sell", "timestamp": 1765583826199}, {"id": "979596397", "price": 0.13679, "amount": 7181.0, "side": "sell", "timestamp": 1765583826786}, {"id": "979596398", "price": 0.13678, "amount": 55.0, "side": "sell", "timestamp": 1765583827216}, {"id": "979596399", "price": 0.13678, "amount": 293.0, "side": "sell", "timestamp": 1765583828543}, {"id": "979596400", "price": 0.13678, "amount": 3654.0, "side": "sell", "timestamp": 1765583828649}, {"id": "979596401", "price": 0.13679, "amount": 88.0, "side": "buy", "timestamp": 1765583829042}, {"id": "979596402", "price": 0.13679, "amount": 59.0, "side": "buy", "timestamp": 1765583829345}, {"id": "979596403", "price": 0.13678, "amount": 7500.0, "side": "sell", "timestamp": 1765583830407}, {"id": "979596404", "price": 0.13678, "amount": 94.0, "side": "sell", "timestamp": 1765583830694}, {"id": "979596405", "price": 0.13678, "amount": 110215.0, "side": "sell", "timestamp": 1765583831263}, {"id": "979596406", "price": 0.13677, "amount": 8257.0, "side": "sell", "timestamp": 1765583831266}, {"id": "979596407", "price": 0.13678, "amount": 635.0, "side": "buy", "timestamp": 1765583831280}, {"id": "979596408", "price": 0.13678, "amount": 47.0, "side": "buy", "timestamp": 1765583831415}, {"id": "979596409", "price": 0.13677, "amount": 3262.0, "side": "sell", "timestamp": 1765583831420}, {"id": "979596410", "price": 0.13677, "amount": 1952.0, "side": "buy", "timestamp": 1765583831642}, {"id": "979596411", "price": 0.13678, "amount": 47.0, "side": "buy", "timestamp": 1765583831707}, {"id": "979596412", "price": 0.13677, "amount": 7605.0, "side": "sell", "timestamp": 1765583831737}, {"id": "979596413", "price": 0.13678, "amount": 219.0, "side": "buy", "timestamp": 1765583831781}, {"id": "979596414", "price": 0.13678, "amount": 88.0, "side": "buy", "timestamp": 1765583832073}, {"id": "979596415", "price": 0.13677, "amount": 41.0, "side": "sell", "timestamp": 1765583832230}, {"id": "979596416", "price": 0.13678, "amount": 78284.0, "side": "buy", "timestamp": 1765583832234}, {"id": "979596417", "price": 0.13678, "amount": 1500.0, "side": "buy", "timestamp": 1765583833724}, {"id": "979596445", "price": 0.13678, "amount": 88.0, "side": "buy", "timestamp": 1765583859076}, {"id": "979596446", "price": 0.13677, "amount": 24990.0, "side": "sell", "timestamp": 1765583861652}, {"id": "979596447", "price": 0.13678, "amount": 88.0, "side": "buy", "timestamp": 1765583862095}, {"id": "979596448", "price": 0.13678, "amount": 61.0, "side": "buy", "timestamp": 1765583862281}, {"id": "979596449", "price": 0.13678, "amount": 73.0, "side": "buy", "timestamp": 1765583862428}, {"id": "979596450", "price": 0.13678, "amount": 88.0, "side": "buy", "timestamp": 1765583865129}, {"id": "979596451", "price": 0.13677, "amount": 46.0, "side": "sell", "timestamp": 1765583866308}, {"id": "979596452", "price": 0.13677, "amount": 256.0, "side": "sell", "timestamp": 1765583867157}, {"id": "979596453", "price": 0.13677, "amount": 442.0, "side": "sell", "timestamp": 1765583867501}, {"id": "979596454", "price": 0.13677, "amount": 17047.0, "side": "sell", "timestamp": 1765583867637}, {"id": "979596455", "price": 0.13677, "amount": 917.0, "side": "sell", "timestamp": 1765583867753}, {"id": "979596456", "price": 0.13677, "amount": 2517.0, "side": "sell", "timestamp": 1765583868036}, {"id": "979596457", "price": 0.13677, "amount": 287.0, "side": "sell", "timestamp": 1765583868168}, {"id": "979596458", "price": 0.13678, "amount": 88.0, "side": "buy", "timestamp": 1765583868189}, {"id": "979596459", "price": 0.13677, "amount": 26900.0, "side": "sell", "timestamp": 1765583868213}, {"id": "979596460", "price": 0.13676, "amount": 64.0, "side": "sell", "timestamp": 1765583868320}, {"id": "979596461", "price": 0.13676, "amount": 286.0, "side": "sell", "timestamp": 1765583868639}, {"id": "979596462", "price": 0.13677, "amount": 88.0, "side": "buy", "timestamp": 1765583871003}, {"id": "979596463", "price": 0.13676, "amount": 38.0, "side": "sell", "timestamp": 1765583871689}, {"id": "979596464", "price": 0.13677, "amount": 88.0, "side": "buy", "timestamp": 1765583874037}, {"id": "979596465", "price": 0.13676, "amount": 321072.0, "side": "sell", "timestamp": 1765583874075}, {"id": "979596466", "price": 0.13676, "amount": 1500.0, "side": "sell", "timestamp": 1765583874208}, {"id": "979596467", "price": 0.13676, "amount": 60.0, "side": "sell", "timestamp": 1765583874546}, {"id": "979596468", "price": 0.13677, "amount": 2000.0, "side": "buy", "timestamp": 1765583874564}, {"id": "979596469", "price": 0.13676, "amount": 56.0, "side": "sell", "timestamp": 1765583874769}, {"id": "979596470", "price": 0.13676, "amount": 7636.0, "side": "sell", "timestamp": 1765583875028}, {"id": "979596471", "price": 0.13677, "amount": 88.0, "side": "buy", "timestamp": 1765583877051}, {"id": "979596472", "price": 0.13676, "amount": 237.0, "side": "sell", "timestamp": 1765583877093}, {"id": "979596473", "price": 0.13676, "amount": 199.0, "side": "sell", "timestamp": 1765583877209}, {"id": "979596474", "price": 0.13676, "amount": 276.0, "side": "sell", "timestamp": 1765583877314}, {"id": "979596475", "price": 0.13676, "amount": 107.0, "side": "sell", "timestamp": 1765583877450}, {"id": "979596476", "price": 0.13676, "amount": 321.0, "side": "sell", "timestamp": 1765583877695}, {"id": "979596477", "price": 0.13676, "amount": 66.0, "side": "sell", "timestamp": 1765583878509}, {"id": "979596478", "price": 0.13676, "amount": 9223.0, "side": "sell", "timestamp": 1765583878862}, {"id": "979596479", "price": 0.13677, "amount": 4387.0, "side": "buy", "timestamp": 1765583879082}, {"id": "979596480", "price": 0.13676, "amount": 231.0, "side": "sell", "timestamp": 1765583879494}, {"id": "979596481", "price": 0.13677, "amount": 88.0, "side": "buy", "timestamp": 1765583880066}, {"id": "979596482", "price": 0.13676, "amount": 6963.0, "side": "sell", "timestamp": 1765583881191}, {"id": "979596483", "price": 0.13676, "amount": 1882.0, "side": "sell", "timestamp": 1765583881608}, {"id": "979596484", "price": 0.13676, "amount": 219.0, "side": "sell", "timestamp": 1765583882902}, {"id": "979596485", "price": 0.13676, "amount": 37.0, "side": "sell", "timestamp": 1765583883114}, {"id": "979596486", "price": 0.13677, "amount": 88.0, "side": "buy", "timestamp": 1765583883115}, {"id": "979596487", "price": 0.13676, "amount": 63.0, "side": "sell", "timestamp": 1765583883567}, {"id": "979596488", "price": 0.13677, "amount": 73.0, "side": "buy", "timestamp": 1765583884315}, {"id": "979596489", "price": 0.13677, "amount": 170.0, "side": "buy", "timestamp": 1765583884602}, {"id": "979596490", "price": 0.13677, "amount": 50.0, "side": "buy", "timestamp": 1765583884788}, {"id": "979596491", "price": 0.13677, "amount": 94.0, "side": "buy", "timestamp": 1765583884979}, {"id": "979596492", "price": 0.13677, "amount": 37.0, "side": "buy", "timestamp": 1765583885198}, {"id": "979596493", "price": 0.13677, "amount": 92.0, "side": "buy", "timestamp": 1765583885508}, {"id": "979596494", "price": 0.13677, "amount": 88.0, "side": "buy", "timestamp": 1765583886142}, {"id": "979596520", "price": 0.13675, "amount": 5.0, "side": "buy", "timestamp": 1765583902098}, {"id": "979596521", "price": 0.13674, "amount": 46.0, "side": "sell", "timestamp": 1765583902668}, {"id": "979596522", "price": 0.13674, "amount": 6770.0, "side": "sell", "timestamp": 1765583903073}, {"id": "979596523", "price": 0.13675, "amount": 13.0, "side": "buy", "timestamp": 1765583903288}, {"id": "979596524", "price": 0.13675, "amount": 88.0, "side": "buy", "timestamp": 1765583904128}, {"id": "979596525", "price": 0.13675, "amount": 8.0, "side": "buy", "timestamp": 1765583904344}, {"id": "979596526", "price": 0.13675, "amount": 13.0, "side": "buy", "timestamp": 1765583905470}, {"id": "979596527", "price": 0.13675, "amount": 13.0, "side": "buy", "timestamp": 1765583906468}, {"id": "979596528", "price": 0.13675, "amount": 38.0, "side": "buy", "timestamp": 1765583906703}, {"id": "979596529", "price": 0.13675, "amount": 88.0, "side": "buy", "timestamp": 1765583907172}, {"id": "979596530", "price": 0.13675, "amount": 9.0, "side": "buy", "timestamp": 1765583907491}, {"id": "979596531", "price": 0.13675, "amount": 9.0, "side": "buy", "timestamp": 1765583908451}, {"id": "979596532", "price": 0.13674, "amount": 48.0, "side": "sell", "timestamp": 1765583909208}, {"id": "979596533", "price": 0.13675, "amount": 10.0, "side": "buy", "timestamp": 1765583909628}, {"id": "979596534", "price": 0.13674, "amount": 57.0, "side": "sell", "timestamp": 1765583909923}, {"id": "979596535", "price": 0.13675, "amount": 88.0, "side": "buy", "timestamp": 1765583910186}, {"id": "979596536", "price": 0.13675, "amount": 88.0, "side": "buy", "timestamp": 1765583913005}, {"id": "979596537", "price": 0.13674, "amount": 45.0, "side": "sell", "timestamp": 1765583913129}, {"id": "979596538", "price": 0.13675, "amount": 494732.0, "side": "buy", "timestamp": 1765583915298}, {"id": "979596539", "price": 0.13676, "amount": 88.0, "side": "buy", "timestamp": 1765583916028}, {"id": "979596540", "price": 0.13675, "amount": 1752.0, "side": "sell", "timestamp": 1765583916142}, {"id": "979596541", "price": 0.13675, "amount": 45.0, "side": "sell", "timestamp": 1765583916874}, {"id": "979596542", "price": 0.13675, "amount": 7399.0, "side": "sell", "timestamp": 1765583917863}, {"id": "979596543", "price": 0.13675, "amount": 1270.0, "side": "sell", "timestamp": 1765583917977}, {"id": "979596544", "price": 0.13675, "amount": 63.0, "side": "sell", "timestamp": 1765583919008}, {"id": "979596545", "price": 0.13676, "amount": 88.0, "side": "buy", "timestamp": 1765583919059}, {"id": "979596546", "price": 0.13675, "amount": 47.0, "side": "sell", "timestamp": 1765583919776}, {"id": "979596547", "price": 0.13676, "amount": 1275.0, "side": "buy", "timestamp": 1765583920640}, {"id": "979596548", "price": 0.13675, "amount": 5533.0, "side": "sell", "timestamp": 1765583921146}, {"id": "979596549", "price": 0.13676, "amount": 35681.0, "side": "buy", "timestamp": 1765583921359}, {"id": "979596550", "price": 0.13677, "amount": 3340.0, "side": "buy", "timestamp": 1765583921399}, {"id": "979596551", "price": 0.13676, "amount": 219.0, "side": "sell", "timestamp": 1765583921978}, {"id": "979596552", "price": 0.13677, "amount": 88.0, "side": "buy", "timestamp": 1765583922083}, {"id": "979596553", "price": 0.13677, "amount": 125.0, "side": "buy", "timestamp": 1765583925027}, {"id": "979596554", "price": 0.13676, "amount": 88.0, "side": "sell", "timestamp": 1765583927727}, {"id": "979596555", "price": 0.13676, "amount": 43.0, "side": "sell", "timestamp": 1765583928060}, {"id": "979596556", "price": 0.13677, "amount": 88.0, "side": "buy", "timestamp": 1765583928136}, {"id": "979596557", "price": 0.13677, "amount": 88.0, "side": "buy", "timestamp": 1765583931165}, {"id": "979596558", "price": 0.13676, "amount": 52.0, "side": "sell", "timestamp": 1765583932517}, {"id": "979596559", "price": 0.13676, "amount": 37.0, "side": "sell", "timestamp": 1765583934146}, {"id": "979596560", "price": 0.13677, "amount": 88.0, "side": "buy", "timestamp": 1765583934179}, {"id": "979596561", "price": 0.13677, "amount": 10361.0, "side": "buy", "timestamp": 1765583934569}, {"id": "979596562", "price": 0.13677, "amount": 9917.0, "side": "buy", "timestamp": 1765583935856}, {"id": "979596563", "price": 0.13677, "amount": 88.0, "side": "buy", "timestamp": 1765583937201}, {"id": "979596564", "price": 0.13677, "amount": 79725.0, "side": "buy", "timestamp": 1765583938396}, {"id": "979596565", "price": 0.13678, "amount": 8630.0, "side": "buy", "timestamp": 1765583938480}, {"id": "979596566", "price": 0.13679, "amount": 20676.0, "side": "buy", "timestamp": 1765583938659}, {"id": "979596567", "price": 0.1368, "amount": 2893.0, "side": "buy", "timestamp": 1765583938682}, {"id": "979596568", "price": 0.13679, "amount": 73.0, "side": "sell", "timestamp": 1765583939099}, {"id": "979596569", "price": 0.1368, "amount": 281.0, "side": "buy", "timestamp": 1765583940033}, {"id": "979596580", "price": 0.1368, "amount": 14036.0, "side": "buy", "timestamp": 1765583951540}, {"id": "979596581", "price": 0.13681, "amount": 219.0, "side": "buy", "timestamp": 1765583952022}, {"id": "979596582", "price": 0.13681, "amount": 88.0, "side": "buy", "timestamp": 1765583952150}, {"id": "979596583", "price": 0.13681, "amount": 28442.0, "side": "buy", "timestamp": 1765583953256}, {"id": "979596584", "price": 0.1368, "amount": 67.0, "side": "sell", "timestamp": 1765583953549}, {"id": "979596585", "price": 0.1368, "amount": 46.0, "side": "sell", "timestamp": 1765583953797}, {"id": "979596586", "price": 0.1368, "amount": 49.0, "side": "sell", "timestamp": 1765583954862}, {"id": "979596587", "price": 0.13681, "amount": 88.0, "side": "buy", "timestamp": 1765583955161}, {"id": "979596588", "price": 0.1368, "amount": 1841.0, "side": "sell", "timestamp": 1765583955612}, {"id": "979596589", "price": 0.13681, "amount": 16362.0, "side": "buy", "timestamp": 1765583955697}, {"id": "979596590", "price": 0.13682, "amount": 45946.0, "side": "buy", "timestamp": 1765583955697}, {"id": "979596591", "price": 0.13681, "amount": 8.0, "side": "sell", "timestamp": 1765583957116}, {"id": "979596592", "price": 0.13682, "amount": 88.0, "side": "buy", "timestamp": 1765583958173}, {"id": "979596593", "price": 0.13681, "amount": 6578.0, "side": "sell", "timestamp": 1765583958731}, {"id": "979596594", "price": 0.13681, "amount": 60000.0, "side": "sell", "timestamp": 1765583958897}, {"id": "979596595", "price": 0.13681, "amount": 295.0, "side": "sell", "timestamp": 1765583960259}, {"id": "979596596", "price": 0.13682, "amount": 88.0, "side": "buy", "timestamp": 1765583961190}, {"id": "979596597", "price": 0.13681, "amount": 88.0, "side": "sell", "timestamp": 1765583963740}, {"id": "979596598", "price": 0.13682, "amount": 88.0, "side": "buy", "timestamp": 1765583964005}, {"id": "979596599", "price": 0.13681, "amount": 38.0, "side": "sell", "timestamp": 1765583965598}, {"id": "979596600", "price": 0.13682, "amount": 88.0, "side": "buy", "timestamp": 1765583967025}, {"id": "979596601", "price": 0.13682, "amount": 365.0, "side": "buy", "timestamp": 1765583967673}, {"id": "979596602", "price": 0.13682, "amount": 275.0, "side": "buy", "timestamp": 1765583968081}, {"id": "979596603", "price": 0.13681, "amount": 46.0, "side": "sell", "timestamp": 1765583968428}, {"id": "979596604", "price": 0.13682, "amount": 88.0, "side": "buy", "timestamp": 1765583970069}, {"id": "979596605", "price": 0.13682, "amount": 8800.0, "side": "buy", "timestamp": 1765583972239}, {"id": "979596606", "price": 0.13681, "amount": 200.0, "side": "sell", "timestamp": 1765583972576}, {"id": "979596607", "price": 0.13682, "amount": 88.0, "side": "buy", "timestamp": 1765583973092}, {"id": "979596608", "price": 0.13681, "amount": 495.0, "side": "sell", "timestamp": 1765583974298}, {"id": "979596609", "price": 0.13682, "amount": 88.0, "side": "buy", "timestamp": 1765583976174}, {"id": "979596610", "price": 0.13681, "amount": 600.0, "side": "sell", "timestamp": 1765583976296}, {"id": "979596611", "price": 0.13682, "amount": 2252.0, "side": "buy", "timestamp": 1765583976680}, {"id": "979596612", "price": 0.13682, "amount": 88.0, "side": "buy", "timestamp": 1765583979057}, {"id": "979596613", "price": 0.13681, "amount": 16267.0, "side": "sell", "timestamp": 1765583979521}, {"id": "979596614", "price": 0.13681, "amount": 1275.0, "side": "sell", "timestamp": 1765583980451}, {"id": "979596615", "price": 0.13682, "amount": 79424.0, "side": "buy", "timestamp": 1765583981755}, {"id": "979596616", "price": 0.13682, "amount": 72.0, "side": "sell", "timestamp": 1765583981789}, {"id": "979596617", "price": 0.13683, "amount": 88.0, "side": "buy", "timestamp": 1765583982068}, {"id": "979596618", "price": 0.13683, "amount": 1275.0, "side": "buy", "timestamp": 1765583983122}, {"id": "979596619", "price": 0.13682, "amount": 549.0, "side": "sell", "timestamp": 1765583983945}, {"id": "979596620", "price": 0.13683, "amount": 88.0, "side": "buy", "timestamp": 1765583985080}, {"id": "979596621", "price": 0.13682, "amount": 45.0, "side": "sell", "timestamp": 1765583986443}, {"id": "979596622", "price": 0.13683, "amount": 186.0, "side": "buy", "timestamp": 1765583987480}, {"id": "979596623", "price": 0.13683, "amount": 88.0, "side": "buy", "timestamp": 1765583988099}, {"id": "979596624", "price": 0.13683, "amount": 17544.0, "side": "buy", "timestamp": 1765583988974}, {"id": "979596625", "price": 0.13684, "amount": 39.0, "side": "buy", "timestamp": 1765583990859}, {"id": "979596626", "price": 0.13684, "amount": 88.0, "side": "buy", "timestamp": 1765583991112}, {"id": "979596627", "price": 0.13684, "amount": 41578.0, "side": "buy", "timestamp": 1765583992220}, {"id": "979596628", "price": 0.13684, "amount": 45.0, "side": "sell", "timestamp": 1765583994051}, {"id": "979596629", "price": 0.13685, "amount": 88.0, "side": "buy", "timestamp": 1765583994139}]