[{"symbol": "BTCUSDT", "bids": [[90419.1, 12.785], [90419.0, 0.068], [90418.9, 0.045], [90418.7, 0.002], [90418.6, 0.003], [90418.5, 0.015], [90418.1, 0.002], [90418.0, 0.217], [90417.9, 0.002], [90417.6, 0.024], [90417.5, 0.111], [90417.2, 0.002], [90417.1, 0.003], [90416.9, 0.003], [90416.6, 0.126], [90416.3, 0.026], [90416.1, 0.003], [90416.0, 0.003], [90415.9, 0.002], [90415.6, 0.003]], "asks": [[90419.2, 2.682], [90419.3, 0.116], [90419.5, 0.038], [90419.7, 0.003], [90419.8, 0.004], [90420.0, 0.011], [90420.2, 0.003], [90420.4, 0.004], [90420.7, 0.008], [90420.8, 0.002], [90420.9, 0.027], [90421.2, 0.003], [90421.4, 0.003], [90421.5, 0.002], [90421.6, 0.002], [90421.7, 0.041], [90421.9, 0.015], [90422.0, 0.003], [90422.2, 0.003], [90422.3, 0.004]], "timestamp": "2025-12-13T09:00:12.909575+00:00"}, {"symbol": "BTCUSDT", "bids": [[90408.8, 4.23], [90408.7, 0.04], [90408.6, 0.127], [90408.5, 0.062], [90408.3, 0.008], [90408.2, 0.005], [90408.1, 0.003], [90408.0, 0.003], [90407.9, 0.005], [90407.8, 0.006], [90407.7, 0.003], [90407.6, 0.019], [90407.5, 0.003], [90407.4, 0.005], [90407.3, 0.017], [90407.1, 0.003], [90407.0, 0.002], [90406.9, 0.002], [90406.7, 0.097], [90406.6, 0.006]], "asks": [[90408.9, 6.523], [90409.0, 0.009], [90409.1, 0.033], [90409.3, 0.027], [90409.5, 0.002], [90409.6, 0.002], [90409.7, 0.104], [90409.8, 0.114], [90409.9, 0.002], [90410.2, 0.006], [90410.3, 0.003], [90410.4, 0.005], [90410.5, 0.002], [90410.7, 0.111], [90410.8, 0.002], [90411.1, 0.006], [90411.4, 0.002], [90411.6, 0.003], [90411.8, 0.111], [90411.9, 0.002]], "timestamp": "2025-12-13T09:01:06.950541+00:00"}, {"symbol": "BTCUSDT", "bids": [[90412.1, 3.061], [90412.0, 0.04], [90411.8, 0.002], [90411.7, 0.002], [90411.6, 0.003], [90411.4, 0.111], [90411.1, 0.002], [90411.0, 0.003], [90410.7, 0.013], [90410.6, 0.124], [90410.5, 0.008], [90410.4, 0.002], [90410.2, 0.003], [90410.0, 0.004], [90409.9, 0.006], [90409.8, 0.111], [90409.7, 0.008], [90409.6, 0.002], [90409.5, 0.004], [90409.2, 0.005]], "asks": [[90412.2, 18.444], [90412.3, 0.011], [90412.4, 0.006], [90412.6, 0.053], [90413.3, 0.003], [90413.5, 0.152], [90413.9, 0.006], [90414.0, 0.016], [90414.1, 0.003], [90414.3, 0.005], [90414.4, 0.005], [90414.8, 0.002], [90414.9, 0.047], [90415.0, 0.002], [90415.1, 0.111], [90415.3, 0.005], [90415.4, 0.003], [90415.6, 0.002], [90415.8, 0.002], [90415.9, 0.163]], "timestamp": "2025-12-13T09:02:01.263866+00:00"}, {"symbol": "BTCUSDT", "bids": [[90432.1, 6.771], [90432.0, 0.128], [90431.6, 0.013], [90431.5, 0.3], [90431.3, 0.293], [90430.9, 0.023], [90430.7, 0.002], [90430.5, 0.111], [90430.4, 0.005], [90430.2, 0.002], [90430.1, 0.829], [90430.0, 0.002], [90429.9, 0.006], [90429.8, 0.113], [90429.5, 0.287], [90429.4, 0.002], [90429.3, 0.002], [90429.2, 0.003], [90429.1, 0.004], [90429.0, 0.114]], "asks": [[90432.2, 5.025], [90432.3, 0.007], [90432.4, 0.004], [90432.8, 0.003], [90432.9, 0.061], [90433.0, 0.188], [90433.3, 0.003], [90433.7, 0.024], [90433.8, 0.163], [90433.9, 0.002], [90434.4, 0.005], [90434.6, 0.004], [90434.7, 0.003], [90434.8, 0.002], [90435.0, 0.006], [90435.2, 0.044], [90435.6, 0.003], [90435.7, 0.014], [90436.0, 0.116], [90436.2, 0.006]], "timestamp": "2025-12-13T09:02:56.008540+00:00"}, {"symbol": "BTCUSDT", "bids": [[90438.6, 6.873], [90438.5, 0.16], [90438.4, 0.04], [90438.2, 0.003], [90438.1, 0.158], [90437.9, 0.002], [90437.6, 0.005], [90437.3, 0.111], [90437.1, 0.003], [90437.0, 0.002], [90436.7, 0.251], [90436.6, 0.114], [90436.5, 0.002], [90436.4, 0.003], [90436.1, 0.005], [90435.7, 0.005], [90435.6, 0.172], [90435.5, 0.006], [90435.4, 0.002], [90435.2, 0.002]], "asks": [[90438.7, 6.314], [90438.8, 0.002], [90439.2, 0.032], [90439.4, 0.039], [90439.5, 0.002], [90439.6, 0.002], [90439.7, 0.005], [90439.8, 0.003], [90439.9, 0.002], [90440.0, 0.009], [90440.1, 0.085], [90440.2, 0.005], [90440.3, 0.003], [90440.6, 0.005], [90440.7, 0.003], [90440.8, 0.037], [90441.0, 0.01], [90441.1, 0.487], [90441.2, 0.008], [90441.4, 0.002]], "timestamp": "2025-12-13T09:03:50.088842+00:00"}, {"symbol": "BTCUSDT", "bids": [[90433.2, 9.783], [90433.1, 0.233], [90433.0, 0.1], [90432.9, 0.003], [90432.8, 0.046], [90432.6, 0.005], [90432.5, 0.002], [90432.4, 0.297], [90432.3, 0.111], [90432.2, 0.043], [90432.1, 0.062], [90432.0, 0.004], [90431.9, 0.003], [90431.6, 0.12], [90431.5, 0.017], [90431.3, 0.002], [90431.1, 0.011], [90431.0, 0.003], [90430.9, 0.012], [90430.7, 0.116]], "asks": [[90433.3, 4.857], [90433.4, 0.025], [90433.6, 0.029], [90434.2, 0.005], [90434.8, 0.005], [90435.2, 0.002], [90435.3, 0.003], [90435.6, 0.005], [90435.7, 0.012], [90435.8, 0.003], [90436.0, 0.003], [90436.3, 0.003], [90436.4, 0.003], [90436.5, 0.004], [90437.0, 0.002], [90437.1, 0.003], [90437.3, 0.005], [90437.6, 0.006], [90437.7, 0.012], [90437.8, 0.014]], "timestamp": "2025-12-13T09:04:44.348482+00:00"}, {"symbol": "BTCUSDT", "bids": [[90433.2, 3.603], [90433.1, 0.139], [90433.0, 0.102], [90432.9, 0.043], [90432.8, 0.046], [90432.7, 0.003], [90432.6, 0.005], [90432.5, 0.002], [90432.2, 0.043], [90432.1, 0.01], [90432.0, 0.065], [90431.6, 0.007], [90431.5, 0.005], [90431.3, 0.002], [90431.2, 0.008], [90431.0, 0.385], [90430.9, 0.012], [90430.7, 0.005], [90430.4, 0.005], [90430.3, 0.002]], "asks": [[90433.3, 7.452], [90433.4, 0.034], [90433.5, 0.003], [90434.0, 0.058], [90434.1, 0.111], [90434.2, 0.002], [90434.3, 0.005], [90434.4, 0.002], [90434.8, 0.116], [90434.9, 0.003], [90435.0, 0.012], [90435.2, 0.002], [90435.3, 0.003], [90435.6, 0.114], [90435.8, 0.003], [90436.3, 0.003], [90436.4, 0.003], [90436.5, 0.006], [90436.6, 0.003], [90436.7, 0.111]], "timestamp": "2025-12-13T09:05:38.109139+00:00"}, {"symbol": "BTCUSDT", "bids": [[90443.9, 11.219], [90443.8, 1.274], [90443.7, 0.006], [90443.6, 0.126], [90443.5, 0.095], [90443.4, 0.042], [90443.3, 0.002], [90443.0, 0.002], [90442.8, 0.002], [90442.7, 0.168], [90442.4, 0.007], [90442.1, 0.14], [90442.0, 0.019], [90441.9, 0.039], [90441.7, 0.005], [90441.5, 0.377], [90441.3, 0.002], [90441.2, 0.002], [90441.0, 0.004], [90440.8, 0.013]], "asks": [[90444.0, 3.284], [90444.1, 0.004], [90444.2, 0.011], [90444.4, 0.019], [90444.6, 0.002], [90444.7, 0.006], [90444.8, 0.011], [90445.0, 0.002], [90445.1, 0.057], [90445.2, 0.003], [90445.5, 0.004], [90445.6, 0.002], [90445.7, 0.003], [90445.9, 0.002], [90446.0, 0.087], [90446.1, 0.025], [90446.2, 0.006], [90446.4, 0.06], [90446.6, 0.004], [90446.7, 0.012]], "timestamp": "2025-12-13T09:06:32.791019+00:00"}, {"symbol": "BTCUSDT", "bids": [[90442.3, 3.033], [90442.2, 0.21], [90442.1, 0.004], [90442.0, 0.003], [90441.9, 0.003], [90441.5, 0.005], [90441.2, 0.002], [90441.0, 0.012], [90440.8, 0.008], [90440.6, 0.002], [90440.5, 0.003], [90440.4, 0.016], [90440.3, 0.005], [90440.2, 0.052], [90440.1, 0.009], [90440.0, 0.096], [90439.9, 0.005], [90439.7, 0.002], [90439.6, 0.005], [90439.5, 0.003]], "asks": [[90442.4, 16.841], [90442.5, 0.026], [90442.6, 0.012], [90442.8, 0.07], [90442.9, 0.151], [90443.2, 0.081], [90443.3, 0.012], [90443.4, 0.056], [90443.5, 0.003], [90443.7, 0.011], [90444.0, 0.111], [90444.3, 0.049], [90444.4, 0.003], [90444.5, 0.059], [90444.6, 0.036], [90444.8, 0.003], [90444.9, 0.115], [90445.0, 0.016], [90445.3, 0.059], [90445.4, 0.002]], "timestamp": "2025-12-13T09:07:27.167056+00:00"}, {"symbol": "BTCUSDT", "bids": [[90436.0, 4.863], [90435.9, 0.055], [90435.8, 0.005], [90435.6, 0.047], [90435.2, 0.125], [90435.1, 0.279], [90435.0, 0.098], [90434.9, 0.005], [90434.7, 0.003], [90434.5, 0.007], [90434.4, 0.004], [90434.3, 0.002], [90434.2, 0.003], [90434.0, 0.02], [90433.9, 0.003], [90433.8, 0.123], [90433.5, 0.829], [90433.4, 0.007], [90433.3, 0.141], [90433.2, 0.037]], "asks": [[90436.1, 7.899], [90436.2, 0.02], [90436.5, 0.029], [90436.9, 0.005], [90437.1, 0.38], [90437.3, 0.002], [90437.4, 0.003], [90437.5, 0.002], [90437.8, 0.002], [90437.9, 0.003], [90438.0, 0.012], [90438.3, 0.003], [90438.4, 0.005], [90438.7, 0.002], [90438.9, 0.003], [90439.1, 0.111], [90439.2, 0.08], [90439.3, 0.004], [90439.4, 0.005], [90439.6, 0.018]], "timestamp": "2025-12-13T09:08:21.438761+00:00"}, {"symbol": "BTCUSDT", "bids": [[90436.0, 6.235], [90435.9, 0.089], [90435.8, 0.005], [90435.6, 0.089], [90435.2, 0.002], [90435.0, 0.1], [90434.9, 0.116], [90434.7, 0.003], [90434.6, 0.012], [90434.5, 0.004], [90434.4, 0.014], [90434.3, 0.139], [90434.2, 0.114], [90434.0, 0.018], [90433.9, 0.003], [90433.8, 0.055], [90433.4, 0.118], [90433.3, 0.151], [90433.2, 0.025], [90433.1, 0.031]], "asks": [[90436.1, 6.201], [90436.2, 0.009], [90436.5, 0.002], [90436.7, 0.002], [90436.9, 0.005], [90437.0, 0.002], [90437.1, 0.005], [90437.2, 0.002], [90437.4, 0.003], [90437.5, 0.002], [90437.9, 0.003], [90438.0, 0.012], [90438.3, 0.003], [90438.4, 0.005], [90438.7, 0.002], [90438.9, 0.003], [90439.0, 0.012], [90439.1, 0.045], [90439.2, 0.036], [90439.3, 0.004]], "timestamp": "2025-12-13T09:09:15.608758+00:00"}, {"symbol": "BTCUSDT", "bids": [[90440.7, 9.831], [90440.6, 0.063], [90440.3, 0.138], [90440.2, 0.003], [90440.1, 0.229], [90440.0, 0.128], [90439.8, 0.829], [90439.7, 0.007], [90439.4, 0.002], [90439.2, 0.003], [90438.8, 0.006], [90438.7, 0.003], [90438.5, 0.005], [90438.3, 0.011], [90438.2, 0.003], [90437.9, 0.002], [90437.7, 0.005], [90437.6, 0.116], [90437.5, 0.002], [90437.3, 0.003]], "asks": [[90440.8, 3.24], [90440.9, 0.007], [90441.0, 0.006], [90441.7, 0.003], [90441.9, 0.003], [90442.0, 0.002], [90442.1, 0.002], [90442.2, 0.003], [90442.8, 0.116], [90442.9, 0.003], [90443.2, 0.004], [90443.5, 0.003], [90443.6, 0.041], [90443.7, 0.114], [90443.8, 0.002], [90444.0, 0.009], [90444.2, 0.003], [90444.3, 0.003], [90444.4, 0.002], [90444.5, 0.003]], "timestamp": "2025-12-13T09:10:09.830561+00:00"}, {"symbol": "BTCUSDT", "bids": [[90436.1, 5.479], [90436.0, 0.117], [90435.9, 0.045], [90435.7, 0.047], [90435.6, 0.012], [90435.3, 0.213], [90435.2, 0.113], [90435.1, 0.002], [90435.0, 0.008], [90434.9, 0.002], [90434.8, 0.003], [90434.4, 0.004], [90434.3, 0.117], [90434.2, 0.005], [90434.0, 0.002], [90433.8, 0.003], [90433.6, 0.123], [90433.5, 0.008], [90433.4, 0.002], [90433.3, 0.003]], "asks": [[90436.2, 13.128], [90436.3, 0.008], [90436.4, 0.003], [90436.5, 0.079], [90436.6, 0.034], [90436.9, 0.008], [90437.0, 0.166], [90437.4, 0.014], [90437.7, 0.003], [90437.8, 0.002], [90437.9, 0.24], [90438.1, 0.002], [90438.4, 0.036], [90438.6, 0.003], [90438.7, 0.002], [90439.3, 0.803], [90439.4, 0.057], [90439.5, 0.113], [90439.6, 0.002], [90439.8, 0.026]], "timestamp": "2025-12-13T09:11:04.078386+00:00"}, {"symbol": "BTCUSDT", "bids": [[90436.1, 6.208], [90436.0, 0.206], [90435.9, 0.38], [90435.8, 0.2], [90435.7, 0.047], [90435.6, 0.829], [90435.5, 0.012], [90435.3, 0.114], [90435.2, 0.002], [90434.9, 0.002], [90434.8, 0.003], [90434.4, 0.004], [90434.3, 0.006], [90434.2, 0.116], [90434.0, 0.002], [90433.8, 0.003], [90433.5, 0.005], [90433.4, 0.014], [90433.3, 0.003], [90433.2, 0.003]], "asks": [[90436.2, 4.238], [90436.3, 0.004], [90436.5, 0.002], [90436.6, 0.002], [90436.8, 0.003], [90436.9, 0.005], [90437.1, 0.002], [90437.4, 0.002], [90437.5, 0.005], [90437.7, 0.003], [90437.9, 0.034], [90438.0, 0.001], [90438.1, 0.014], [90438.4, 0.003], [90438.6, 0.003], [90438.7, 0.002], [90439.2, 0.055], [90439.3, 0.005], [90439.4, 0.003], [90439.6, 0.008]], "timestamp": "2025-12-13T09:11:58.222579+00:00"}, {"symbol": "BTCUSDT", "bids": [[90443.2, 5.346], [90443.1, 0.059], [90443.0, 0.204], [90442.8, 0.088], [90442.7, 0.005], [90442.4, 0.002], [90442.1, 0.427], [90442.0, 0.003], [90441.9, 0.111], [90441.5, 0.003], [90441.2, 0.072], [90441.1, 0.008], [90441.0, 0.14], [90440.8, 0.003], [90440.4, 0.002], [90440.3, 0.114], [90440.2, 0.005], [90440.0, 0.006], [90439.8, 0.829], [90439.7, 0.005]], "asks": [[90443.3, 5.162], [90443.4, 0.011], [90443.5, 0.003], [90443.6, 0.002], [90443.7, 0.036], [90443.8, 0.653], [90443.9, 1.67], [90444.0, 0.018], [90444.1, 0.002], [90444.2, 0.003], [90444.3, 0.005], [90444.6, 0.012], [90444.7, 0.005], [90444.8, 0.002], [90444.9, 0.002], [90445.0, 0.005], [90445.1, 0.003], [90445.2, 0.003], [90445.5, 0.005], [90445.6, 0.006]], "timestamp": "2025-12-13T09:12:52.597357+00:00"}, {"symbol": "BTCUSDT", "bids": [[90447.0, 3.758], [90446.9, 0.007], [90446.8, 0.204], [90446.6, 0.003], [90446.4, 0.003], [90446.1, 0.002], [90445.8, 0.021], [90445.6, 0.005], [90445.5, 0.004], [90445.2, 0.607], [90445.1, 0.005], [90445.0, 0.005], [90444.8, 0.007], [90444.6, 0.011], [90444.2, 0.007], [90444.1, 0.009], [90444.0, 0.013], [90443.9, 0.004], [90443.3, 0.005], [90443.2, 0.074]], "asks": [[90447.1, 12.775], [90447.2, 0.046], [90447.3, 0.014], [90447.4, 0.111], [90447.5, 0.033], [90447.8, 0.288], [90447.9, 1.0], [90448.0, 0.804], [90448.1, 0.012], [90448.2, 0.057], [90448.3, 0.111], [90448.4, 0.004], [90448.7, 0.002], [90448.8, 0.003], [90449.3, 0.119], [90449.8, 0.003], [90449.9, 0.002], [90450.0, 0.006], [90450.1, 1.234], [90450.2, 0.017]], "timestamp": "2025-12-13T09:13:46.153047+00:00"}, {"symbol": "BTCUSDT", "bids": [[90438.2, 4.685], [90438.1, 0.004], [90438.0, 0.003], [90437.9, 0.035], [90437.5, 0.003], [90437.3, 0.002], [90437.2, 0.002], [90437.0, 0.007], [90436.7, 0.002], [90436.6, 0.002], [90436.5, 0.01], [90436.4, 0.011], [90436.1, 0.532], [90436.0, 0.026], [90435.9, 0.003], [90435.8, 0.004], [90435.7, 0.015], [90435.6, 0.013], [90435.5, 0.002], [90435.4, 0.003]], "asks": [[90438.3, 24.32], [90438.4, 2.613], [90438.5, 4.012], [90438.6, 0.935], [90438.7, 0.844], [90438.9, 0.002], [90439.2, 0.025], [90439.3, 0.002], [90439.4, 0.005], [90439.5, 0.111], [90439.6, 0.002], [90439.7, 0.002], [90439.9, 0.01], [90440.0, 0.002], [90440.1, 0.055], [90440.2, 0.002], [90440.3, 0.111], [90440.4, 0.002], [90440.5, 0.002], [90440.7, 1.003]], "timestamp": "2025-12-13T09:14:40.426236+00:00"}, {"symbol": "BTCUSDT", "bids": [[90409.9, 3.711], [90409.8, 0.002], [90409.7, 0.003], [90409.5, 0.002], [90409.3, 0.043], [90409.2, 0.005], [90409.1, 0.002], [90409.0, 0.002], [90408.9, 0.02], [90408.8, 0.002], [90408.7, 0.02], [90408.3, 0.002], [90408.2, 0.008], [90408.0, 0.006], [90407.9, 0.018], [90407.7, 0.003], [90407.6, 0.002], [90407.3, 0.006], [90407.2, 0.003], [90407.1, 0.005]], "asks": [[90410.0, 24.053], [90410.1, 2.857], [90410.2, 0.807], [90410.5, 0.146], [90410.6, 0.003], [90410.7, 1.0], [90410.8, 0.003], [90410.9, 1.002], [90411.2, 0.803], [90411.3, 0.914], [90411.8, 0.028], [90412.0, 0.014], [90412.2, 0.114], [90412.3, 0.008], [90412.9, 0.005], [90413.0, 0.284], [90413.1, 0.153], [90413.2, 0.059], [90413.6, 0.003], [90413.7, 0.003]], "timestamp": "2025-12-13T09:15:34.288700+00:00"}, {"symbol": "BTCUSDT", "bids": [[90419.3, 19.343], [90419.2, 0.234], [90419.1, 0.002], [90419.0, 0.202], [90418.9, 0.031], [90418.8, 0.003], [90418.7, 0.111], [90418.5, 0.013], [90418.3, 0.003], [90418.1, 0.002], [90418.0, 0.407], [90417.9, 0.396], [90417.8, 0.002], [90417.7, 0.014], [90417.6, 0.008], [90417.4, 0.002], [90417.2, 0.007], [90417.1, 0.003], [90417.0, 0.131], [90416.9, 0.002]], "asks": [[90419.4, 0.064], [90419.5, 0.004], [90419.8, 0.005], [90420.2, 0.003], [90420.4, 0.004], [90420.5, 0.006], [90420.8, 0.021], [90421.3, 0.008], [90421.5, 0.002], [90421.6, 0.002], [90421.7, 0.002], [90421.9, 0.003], [90422.1, 0.055], [90422.2, 0.005], [90422.4, 0.003], [90422.5, 0.002], [90422.8, 0.005], [90422.9, 0.003], [90423.0, 0.006], [90423.1, 0.002]], "timestamp": "2025-12-13T09:16:28.594333+00:00"}, {"symbol": "BTCUSDT", "bids": [[90419.3, 14.049], [90419.2, 0.208], [90419.1, 0.201], [90419.0, 0.268], [90418.9, 0.022], [90418.8, 0.003], [90418.7, 0.2], [90418.5, 0.024], [90418.4, 0.011], [90418.3, 0.003], [90418.1, 0.002], [90418.0, 0.049], [90417.9, 0.129], [90417.8, 0.002], [90417.7, 0.003], [90417.6, 0.002], [90417.4, 0.002], [90417.2, 0.002], [90417.1, 0.119], [90417.0, 0.008]], "asks": [[90419.4, 6.61], [90419.5, 0.007], [90419.8, 0.005], [90420.1, 0.003], [90420.2, 0.003], [90420.4, 0.004], [90420.5, 0.003], [90420.8, 0.021], [90421.1, 0.002], [90421.2, 0.046], [90421.3, 0.008], [90421.5, 0.002], [90421.6, 0.002], [90421.7, 0.016], [90421.9, 0.003], [90422.0, 0.111], [90422.1, 0.005], [90422.2, 0.005], [90422.4, 0.003], [90422.8, 0.116]], "timestamp": "2025-12-13T09:17:22.221690+00:00"}, {"symbol": "BTCUSDT", "bids": [[90403.5, 9.052], [90403.4, 0.022], [90403.3, 0.003], [90403.1, 0.131], [90402.9, 0.217], [90402.8, 0.011], [90402.7, 0.002], [90402.3, 0.147], [90402.2, 0.002], [90402.1, 0.005], [90402.0, 0.027], [90401.8, 0.002], [90401.7, 0.007], [90401.5, 0.004], [90401.3, 0.017], [90401.2, 0.147], [90401.1, 0.012], [90401.0, 0.034], [90400.9, 0.018], [90400.8, 0.004]], "asks": [[90403.6, 0.943], [90403.7, 0.018], [90404.3, 0.003], [90404.4, 0.002], [90404.8, 0.003], [90405.0, 0.006], [90405.3, 0.003], [90405.5, 0.002], [90405.8, 0.006], [90406.0, 0.002], [90406.3, 0.003], [90406.6, 0.002], [90406.7, 0.003], [90406.8, 0.06], [90407.2, 0.005], [90407.5, 0.003], [90407.6, 0.008], [90407.8, 0.006], [90408.1, 0.035], [90408.3, 0.003]], "timestamp": "2025-12-13T09:18:15.775391+00:00"}, {"symbol": "BTCUSDT", "bids": [[90411.3, 9.497], [90411.2, 0.36], [90411.0, 0.2], [90410.9, 0.184], [90410.8, 0.003], [90410.7, 0.26], [90410.3, 0.003], [90410.0, 0.002], [90409.9, 0.102], [90409.8, 0.114], [90409.7, 0.003], [90409.5, 0.024], [90409.4, 0.002], [90409.3, 0.012], [90409.2, 0.005], [90409.1, 0.126], [90409.0, 0.003], [90408.7, 0.003], [90408.6, 0.043], [90408.3, 0.002]], "asks": [[90411.4, 2.14], [90411.5, 0.006], [90411.6, 0.003], [90411.7, 0.002], [90411.9, 0.002], [90412.0, 0.555], [90412.3, 0.002], [90412.5, 0.003], [90412.6, 0.007], [90412.8, 0.002], [90413.0, 0.002], [90413.1, 0.058], [90413.2, 0.005], [90413.5, 0.002], [90413.8, 0.003], [90414.0, 0.122], [90414.1, 0.002], [90414.4, 0.005], [90414.5, 0.012], [90414.8, 0.002]], "timestamp": "2025-12-13T09:19:09.167013+00:00"}, {"symbol": "BTCUSDT", "bids": [[90419.3, 6.609], [90419.2, 0.487], [90419.1, 0.288], [90419.0, 0.202], [90418.8, 0.006], [90418.7, 0.01], [90418.5, 0.002], [90417.9, 0.013], [90417.8, 0.002], [90417.7, 0.043], [90417.4, 0.005], [90417.3, 0.007], [90417.2, 0.002], [90417.1, 0.003], [90417.0, 0.004], [90416.9, 0.002], [90416.8, 0.003], [90416.6, 0.088], [90416.4, 0.005], [90416.3, 0.005]], "asks": [[90419.4, 7.682], [90419.5, 0.115], [90419.8, 0.005], [90420.2, 0.114], [90420.4, 0.008], [90420.5, 0.085], [90420.7, 0.012], [90420.8, 0.021], [90421.0, 0.033], [90421.1, 0.111], [90421.2, 0.006], [90421.3, 0.008], [90421.5, 0.002], [90421.6, 0.002], [90421.7, 0.004], [90421.9, 0.003], [90422.1, 0.113], [90422.2, 0.011], [90422.4, 0.003], [90422.8, 0.128]], "timestamp": "2025-12-13T09:20:02.685440+00:00"}, {"symbol": "BTCUSDT", "bids": [[90414.2, 4.311], [90414.1, 0.007], [90414.0, 0.01], [90413.7, 0.002], [90413.6, 0.017], [90413.5, 0.197], [90413.3, 0.002], [90413.0, 0.013], [90412.6, 0.829], [90412.5, 0.003], [90412.4, 0.005], [90412.2, 0.002], [90412.1, 0.033], [90412.0, 0.007], [90411.9, 0.007], [90411.8, 0.002], [90411.6, 0.012], [90411.5, 0.002], [90411.4, 0.02], [90411.3, 0.003]], "asks": [[90414.3, 8.457], [90414.4, 0.026], [90414.7, 0.034], [90414.9, 0.16], [90415.0, 0.5], [90415.3, 0.114], [90415.8, 0.003], [90415.9, 0.002], [90416.1, 0.111], [90416.3, 0.003], [90416.5, 0.012], [90416.6, 0.009], [90416.7, 0.04], [90416.8, 0.156], [90417.2, 0.002], [90417.4, 0.003], [90417.6, 0.116], [90417.9, 0.041], [90418.0, 0.002], [90418.1, 0.025]], "timestamp": "2025-12-13T09:20:57.160357+00:00"}, {"symbol": "BTCUSDT", "bids": [[90414.2, 1.883], [90414.1, 0.007], [90414.0, 0.037], [90413.7, 0.01], [90413.6, 0.005], [90413.3, 0.007], [90413.2, 0.033], [90413.0, 0.016], [90412.5, 0.003], [90412.4, 0.002], [90412.2, 0.119], [90412.1, 0.033], [90412.0, 0.007], [90411.9, 0.204], [90411.8, 0.002], [90411.7, 0.111], [90411.5, 0.002], [90411.4, 0.02], [90411.3, 0.003], [90411.2, 0.209]], "asks": [[90414.3, 10.453], [90414.4, 0.01], [90414.7, 0.036], [90414.8, 0.002], [90414.9, 0.187], [90415.0, 0.566], [90415.1, 0.002], [90415.3, 0.003], [90415.4, 0.111], [90415.8, 0.036], [90415.9, 0.002], [90416.3, 0.015], [90416.4, 0.002], [90416.6, 0.147], [90416.7, 0.006], [90416.8, 0.005], [90417.2, 0.008], [90417.4, 0.116], [90417.5, 0.004], [90417.6, 0.005]], "timestamp": "2025-12-13T09:21:51.454720+00:00"}, {"symbol": "BTCUSDT", "bids": [[90409.5, 9.509], [90409.4, 0.117], [90409.3, 0.256], [90409.2, 0.002], [90409.1, 0.005], [90409.0, 0.005], [90408.9, 0.003], [90408.6, 0.111], [90408.5, 0.002], [90408.3, 0.012], [90408.2, 0.003], [90408.0, 0.002], [90407.9, 0.002], [90407.8, 0.311], [90407.7, 0.138], [90407.6, 0.335], [90407.3, 0.01], [90407.1, 0.082], [90407.0, 0.111], [90406.9, 0.05]], "asks": [[90409.6, 0.077], [90409.7, 0.004], [90409.8, 0.003], [90409.9, 0.002], [90410.4, 0.063], [90410.5, 0.002], [90410.8, 0.002], [90410.9, 0.017], [90411.4, 0.002], [90411.6, 0.003], [90411.7, 0.002], [90411.8, 0.009], [90412.0, 0.004], [90412.2, 0.005], [90412.3, 0.002], [90412.6, 0.005], [90412.9, 0.002], [90413.0, 0.003], [90413.2, 0.002], [90413.4, 0.006]], "timestamp": "2025-12-13T09:22:46.627629+00:00"}, {"symbol": "BTCUSDT", "bids": [[90404.4, 8.844], [90404.3, 0.006], [90404.2, 0.52], [90404.1, 0.041], [90404.0, 0.1], [90403.9, 0.113], [90403.8, 0.005], [90403.7, 1.069], [90403.6, 0.052], [90403.5, 0.009], [90403.4, 0.005], [90403.3, 0.002], [90403.2, 0.114], [90403.1, 0.014], [90403.0, 0.005], [90402.8, 0.003], [90402.7, 0.005], [90402.5, 0.005], [90402.4, 0.113], [90402.2, 0.005]], "asks": [[90404.5, 3.615], [90404.6, 0.009], [90405.0, 0.05], [90405.1, 0.003], [90405.4, 0.002], [90405.6, 0.003], [90405.9, 0.011], [90406.0, 0.002], [90406.1, 0.003], [90406.4, 0.002], [90406.6, 0.003], [90406.7, 0.012], [90406.8, 0.079], [90406.9, 0.035], [90407.2, 0.005], [90407.4, 0.003], [90407.6, 0.003], [90407.7, 0.113], [90407.8, 0.002], [90407.9, 0.003]], "timestamp": "2025-12-13T09:23:41.104365+00:00"}, {"symbol": "BTCUSDT", "bids": [[90406.0, 3.009], [90405.9, 0.167], [90405.8, 0.203], [90405.5, 0.002], [90405.2, 0.006], [90405.0, 0.006], [90404.6, 0.003], [90404.5, 0.02], [90404.4, 0.251], [90404.2, 0.002], [90404.1, 0.003], [90404.0, 0.003], [90403.9, 0.006], [90403.7, 0.079], [90403.6, 0.007], [90403.5, 0.009], [90403.4, 0.005], [90403.3, 0.002], [90403.1, 0.005], [90403.0, 0.003]], "asks": [[90406.1, 9.662], [90406.2, 0.755], [90406.3, 0.116], [90406.4, 0.002], [90406.5, 0.003], [90406.8, 0.006], [90407.0, 0.003], [90407.1, 0.113], [90407.5, 0.015], [90407.7, 4.435], [90407.8, 0.004], [90407.9, 0.111], [90408.0, 0.005], [90408.1, 0.002], [90408.3, 0.003], [90408.5, 0.003], [90408.6, 0.011], [90408.7, 0.111], [90408.9, 0.033], [90409.0, 0.005]], "timestamp": "2025-12-13T09:24:36.401243+00:00"}, {"symbol": "BTCUSDT", "bids": [[90395.4, 0.56], [90395.3, 0.002], [90395.2, 0.005], [90395.0, 0.005], [90394.9, 0.014], [90394.8, 0.014], [90394.7, 0.003], [90394.6, 0.002], [90394.3, 0.002], [90394.2, 0.003], [90394.1, 0.003], [90393.7, 0.011], [90393.5, 0.003], [90393.4, 0.018], [90393.3, 0.003], [90393.2, 0.003], [90393.0, 0.008], [90392.8, 0.011], [90392.7, 0.003], [90392.6, 0.003]], "asks": [[90395.5, 28.74], [90395.6, 2.208], [90395.7, 0.006], [90395.8, 0.007], [90396.0, 1.038], [90396.1, 1.328], [90396.2, 0.006], [90396.3, 0.005], [90396.8, 0.003], [90396.9, 0.071], [90397.0, 0.055], [90397.2, 0.115], [90397.3, 0.003], [90397.4, 0.009], [90397.8, 0.019], [90398.0, 0.113], [90398.1, 0.012], [90398.2, 0.002], [90398.3, 0.003], [90398.4, 0.003]], "timestamp": "2025-12-13T09:25:31.083456+00:00"}, {"symbol": "BTCUSDT", "bids": [[90396.8, 3.696], [90396.7, 0.052], [90396.6, 0.2], [90396.4, 0.002], [90396.0, 0.006], [90395.3, 0.114], [90395.2, 0.004], [90395.0, 0.002], [90394.9, 0.002], [90394.8, 0.003], [90394.7, 0.045], [90394.6, 0.389], [90394.5, 0.026], [90394.3, 0.003], [90393.8, 0.376], [90393.7, 0.006], [90393.4, 0.371], [90393.3, 0.437], [90393.2, 0.822], [90393.1, 0.193]], "asks": [[90396.9, 9.069], [90397.0, 0.063], [90397.2, 0.191], [90397.3, 0.114], [90397.4, 0.002], [90397.8, 0.06], [90397.9, 0.006], [90398.0, 0.002], [90398.1, 0.014], [90398.4, 0.008], [90398.5, 0.192], [90398.6, 0.111], [90398.7, 0.002], [90398.9, 0.003], [90399.0, 0.002], [90399.1, 0.003], [90399.2, 0.036], [90399.3, 0.111], [90399.5, 0.003], [90399.6, 0.06]], "timestamp": "2025-12-13T09:26:25.669895+00:00"}, {"symbol": "BTCUSDT", "bids": [[90396.8, 5.527], [90396.7, 0.056], [90396.6, 0.235], [90396.4, 0.002], [90396.3, 0.006], [90396.1, 0.054], [90396.0, 0.066], [90395.8, 0.003], [90395.6, 0.002], [90395.3, 0.114], [90395.2, 0.002], [90395.1, 0.011], [90395.0, 0.002], [90394.9, 0.002], [90394.8, 0.003], [90394.7, 0.299], [90394.6, 0.003], [90394.5, 0.031], [90394.3, 0.003], [90394.1, 0.111]], "asks": [[90396.9, 5.389], [90397.0, 0.212], [90397.2, 0.026], [90397.3, 0.037], [90397.4, 0.172], [90397.5, 0.111], [90397.8, 0.06], [90398.1, 0.002], [90398.4, 0.114], [90398.5, 0.004], [90398.7, 0.002], [90398.9, 0.003], [90399.1, 0.003], [90399.2, 0.144], [90399.3, 0.012], [90399.5, 0.003], [90399.6, 0.005], [90399.8, 0.006], [90399.9, 0.118], [90400.0, 0.176]], "timestamp": "2025-12-13T09:27:20.345873+00:00"}, {"symbol": "BTCUSDT", "bids": [[90384.1, 6.3], [90384.0, 0.032], [90383.8, 0.464], [90383.7, 0.215], [90383.3, 0.009], [90383.2, 0.003], [90382.9, 0.01], [90382.7, 0.017], [90382.6, 0.046], [90382.5, 0.002], [90382.4, 0.113], [90382.3, 0.012], [90382.2, 0.003], [90382.0, 0.011], [90381.9, 0.003], [90381.8, 0.003], [90381.7, 0.005], [90381.6, 0.003], [90381.5, 0.002], [90381.4, 0.03]], "asks": [[90384.2, 9.038], [90384.3, 0.054], [90384.5, 0.003], [90384.6, 0.005], [90384.8, 0.003], [90385.2, 0.024], [90385.3, 0.022], [90385.4, 0.033], [90385.5, 0.002], [90385.9, 0.005], [90386.0, 0.003], [90386.1, 0.064], [90386.4, 0.005], [90386.5, 0.003], [90386.8, 0.008], [90387.0, 0.33], [90387.1, 0.003], [90387.2, 0.002], [90387.3, 0.005], [90387.8, 0.111]], "timestamp": "2025-12-13T09:28:14.879667+00:00"}, {"symbol": "BTCUSDT", "bids": [[90383.9, 2.5], [90383.8, 0.438], [90383.7, 0.008], [90383.6, 0.202], [90383.4, 0.283], [90383.3, 0.009], [90383.2, 0.003], [90382.9, 0.002], [90382.7, 0.017], [90382.6, 0.046], [90382.5, 0.002], [90382.4, 0.002], [90382.3, 0.111], [90382.2, 0.003], [90382.0, 0.011], [90381.9, 0.003], [90381.8, 0.003], [90381.7, 0.017], [90381.6, 0.003], [90381.5, 0.002]], "asks": [[90384.0, 21.522], [90384.1, 1.431], [90384.2, 0.471], [90384.3, 0.022], [90384.4, 0.024], [90384.5, 0.031], [90384.6, 0.002], [90384.8, 0.003], [90384.9, 0.116], [90385.0, 0.11], [90385.1, 0.012], [90385.2, 0.059], [90385.4, 0.033], [90385.5, 0.002], [90385.7, 0.002], [90385.8, 0.111], [90385.9, 0.005], [90386.1, 0.02], [90386.4, 0.005], [90386.5, 0.119]], "timestamp": "2025-12-13T09:29:08.891674+00:00"}, {"symbol": "BTCUSDT", "bids": [[90389.9, 11.637], [90389.8, 0.004], [90389.6, 0.002], [90389.5, 0.113], [90389.3, 0.003], [90389.1, 0.009], [90388.6, 0.003], [90388.2, 0.249], [90388.1, 0.829], [90388.0, 0.11], [90387.8, 0.723], [90387.7, 0.128], [90387.1, 0.003], [90387.0, 0.278], [90386.9, 0.033], [90386.8, 0.005], [90386.6, 0.003], [90386.5, 0.08], [90385.9, 0.042], [90385.8, 0.569]], "asks": [[90390.0, 2.776], [90390.1, 0.009], [90390.2, 0.003], [90390.4, 0.006], [90390.6, 0.077], [90390.7, 0.003], [90390.9, 0.002], [90391.2, 0.003], [90391.5, 0.015], [90391.6, 0.002], [90391.7, 0.006], [90391.8, 0.092], [90392.2, 0.003], [90392.3, 0.005], [90392.4, 0.004], [90392.7, 0.002], [90392.8, 0.003], [90392.9, 0.091], [90393.1, 0.007], [90393.2, 0.003]], "timestamp": "2025-12-13T09:30:02.375891+00:00"}, {"symbol": "BTCUSDT", "bids": [[90394.5, 5.704], [90394.4, 0.006], [90394.3, 0.003], [90394.0, 0.111], [90393.9, 0.01], [90393.8, 0.003], [90393.7, 0.115], [90393.6, 0.054], [90393.5, 0.006], [90393.3, 0.119], [90393.2, 0.012], [90393.1, 0.011], [90392.9, 0.006], [90392.8, 0.004], [90392.6, 0.002], [90392.5, 0.111], [90392.3, 0.091], [90392.0, 0.005], [90391.9, 0.002], [90391.8, 0.005]], "asks": [[90394.6, 10.237], [90394.7, 0.008], [90395.2, 0.002], [90395.5, 0.003], [90395.8, 0.194], [90396.0, 0.006], [90396.1, 0.008], [90396.7, 0.004], [90396.8, 0.008], [90397.0, 0.055], [90397.2, 0.002], [90397.3, 0.003], [90397.4, 0.004], [90397.6, 0.006], [90397.7, 0.003], [90397.8, 0.005], [90398.0, 0.004], [90398.1, 0.002], [90398.2, 0.111], [90398.3, 0.008]], "timestamp": "2025-12-13T09:30:56.309950+00:00"}, {"symbol": "BTCUSDT", "bids": [[90389.8, 2.02], [90389.7, 0.1], [90389.6, 0.202], [90389.5, 0.111], [90389.4, 0.039], [90389.3, 0.016], [90389.2, 0.014], [90388.9, 0.002], [90388.6, 0.114], [90388.0, 0.004], [90387.8, 0.058], [90387.7, 0.036], [90387.6, 0.04], [90387.5, 0.118], [90387.2, 0.012], [90387.1, 0.003], [90387.0, 0.018], [90386.8, 0.116], [90386.6, 0.003], [90386.5, 0.002]], "asks": [[90389.9, 9.055], [90390.0, 0.368], [90390.5, 0.002], [90390.7, 0.006], [90390.8, 0.003], [90390.9, 0.002], [90391.3, 0.003], [90391.5, 0.002], [90391.8, 0.017], [90392.3, 0.006], [90392.4, 0.002], [90392.6, 0.113], [90392.7, 0.002], [90392.8, 0.003], [90393.1, 0.005], [90393.5, 0.015], [90393.6, 0.002], [90393.9, 0.116], [90394.0, 0.005], [90394.2, 0.055]], "timestamp": "2025-12-13T09:31:49.658914+00:00"}, {"symbol": "BTCUSDT", "bids": [[90369.2, 2.772], [90369.1, 0.002], [90369.0, 0.04], [90368.9, 0.004], [90368.8, 0.011], [90368.7, 0.012], [90368.5, 0.099], [90368.2, 0.005], [90368.1, 0.011], [90368.0, 0.002], [90367.7, 0.003], [90367.6, 0.005], [90367.5, 0.039], [90367.4, 0.055], [90367.3, 0.166], [90367.2, 0.109], [90367.1, 0.077], [90367.0, 0.058], [90366.9, 0.003], [90366.8, 0.011]], "asks": [[90369.3, 15.021], [90369.4, 0.013], [90369.5, 0.005], [90369.6, 0.033], [90369.8, 0.003], [90369.9, 0.002], [90370.0, 0.005], [90370.1, 0.003], [90370.2, 0.114], [90370.3, 0.006], [90370.4, 0.003], [90370.5, 0.003], [90370.7, 0.433], [90370.9, 0.003], [90371.0, 0.436], [90371.1, 0.917], [90371.2, 0.002], [90371.3, 0.127], [90371.5, 0.003], [90371.6, 0.006]], "timestamp": "2025-12-13T09:32:43.216936+00:00"}, {"symbol": "BTCUSDT", "bids": [[90346.4, 0.114], [90346.3, 0.145], [90346.2, 0.003], [90346.0, 0.016], [90345.9, 0.002], [90345.7, 0.003], [90345.2, 0.007], [90345.0, 0.43], [90344.8, 0.025], [90344.7, 0.005], [90344.5, 0.019], [90344.2, 0.003], [90344.0, 0.022], [90343.8, 0.018], [90343.7, 0.008], [90343.4, 0.002], [90343.3, 0.002], [90343.2, 0.005], [90343.1, 0.003], [90343.0, 0.007]], "asks": [[90346.5, 6.135], [90346.6, 0.007], [90346.7, 0.005], [90346.8, 0.006], [90346.9, 0.003], [90347.0, 0.003], [90347.1, 0.003], [90347.2, 0.006], [90347.3, 0.006], [90347.4, 0.003], [90347.5, 0.012], [90347.6, 0.004], [90347.7, 0.002], [90347.8, 0.003], [90348.2, 0.078], [90348.3, 0.058], [90348.5, 0.002], [90348.7, 0.005], [90348.8, 0.006], [90348.9, 0.111]], "timestamp": "2025-12-13T09:33:37.284883+00:00"}, {"symbol": "BTCUSDT", "bids": [[90365.9, 0.552], [90365.8, 0.212], [90365.6, 0.2], [90364.9, 0.009], [90364.5, 0.002], [90364.2, 0.003], [90364.1, 0.098], [90364.0, 0.002], [90363.9, 0.024], [90363.7, 0.006], [90363.6, 0.002], [90363.5, 0.004], [90363.4, 0.111], [90363.3, 0.047], [90363.2, 0.003], [90363.0, 0.005], [90362.9, 0.005], [90362.7, 0.004], [90362.5, 0.114], [90362.1, 0.003]], "asks": [[90366.0, 7.287], [90366.1, 0.012], [90366.2, 0.058], [90366.3, 0.166], [90366.6, 0.005], [90366.9, 0.002], [90367.1, 0.003], [90367.2, 0.006], [90367.3, 0.123], [90367.9, 0.003], [90368.0, 0.111], [90368.1, 0.038], [90368.3, 0.003], [90368.4, 0.002], [90368.6, 0.005], [90368.8, 0.111], [90368.9, 0.036], [90369.0, 0.012], [90369.2, 0.166], [90369.3, 0.319]], "timestamp": "2025-12-13T09:34:30.867537+00:00"}, {"symbol": "BTCUSDT", "bids": [[90359.3, 8.093], [90359.2, 0.578], [90359.1, 0.01], [90359.0, 0.314], [90358.9, 0.005], [90358.8, 0.007], [90358.7, 0.014], [90358.5, 0.005], [90358.3, 0.048], [90358.2, 0.002], [90358.1, 0.111], [90357.9, 0.002], [90357.7, 0.01], [90357.6, 0.002], [90357.4, 0.005], [90357.3, 0.113], [90357.2, 0.002], [90357.1, 0.163], [90357.0, 0.008], [90356.8, 0.01]], "asks": [[90359.4, 0.587], [90359.5, 0.004], [90359.6, 0.003], [90359.9, 0.015], [90360.0, 0.004], [90360.1, 0.203], [90360.2, 0.002], [90360.8, 0.002], [90361.0, 0.057], [90361.1, 0.002], [90361.6, 0.006], [90361.7, 0.002], [90362.2, 0.007], [90362.4, 0.004], [90362.5, 0.003], [90362.6, 0.002], [90362.7, 0.003], [90362.9, 0.004], [90363.2, 0.003], [90363.3, 0.003]], "timestamp": "2025-12-13T09:35:24.623652+00:00"}, {"symbol": "BTCUSDT", "bids": [[90394.1, 12.308], [90394.0, 0.219], [90393.9, 0.265], [90393.8, 0.219], [90393.7, 0.011], [90393.5, 0.007], [90393.4, 0.002], [90393.3, 0.003], [90393.2, 0.341], [90393.1, 0.119], [90393.0, 0.013], [90392.8, 0.005], [90392.7, 0.009], [90392.6, 0.003], [90392.5, 0.002], [90392.4, 0.113], [90392.2, 0.003], [90392.1, 0.006], [90391.9, 0.287], [90391.8, 0.003]], "asks": [[90394.2, 0.506], [90394.3, 0.005], [90394.4, 0.002], [90394.5, 0.002], [90394.6, 0.031], [90394.8, 0.006], [90395.0, 0.002], [90395.1, 0.002], [90395.2, 0.002], [90395.3, 0.005], [90395.5, 0.035], [90395.7, 0.002], [90395.8, 0.003], [90396.0, 0.004], [90396.3, 0.01], [90396.7, 0.002], [90396.8, 0.011], [90396.9, 0.035], [90397.0, 0.055], [90397.3, 0.005]], "timestamp": "2025-12-13T09:36:17.943192+00:00"}, {"symbol": "BTCUSDT", "bids": [[90395.4, 6.102], [90395.3, 0.017], [90395.2, 0.2], [90395.0, 0.2], [90394.9, 0.126], [90394.6, 0.009], [90394.5, 0.029], [90394.4, 0.299], [90394.3, 0.299], [90394.2, 0.116], [90394.1, 0.377], [90393.9, 0.113], [90393.7, 0.002], [90393.6, 0.832], [90393.5, 0.5], [90393.4, 0.004], [90393.3, 0.002], [90393.2, 0.036], [90393.1, 0.114], [90393.0, 0.01]], "asks": [[90395.5, 4.499], [90395.6, 0.009], [90395.7, 0.005], [90395.8, 0.003], [90396.0, 0.004], [90396.3, 0.01], [90396.8, 0.003], [90396.9, 0.002], [90397.0, 0.055], [90397.3, 0.016], [90397.4, 0.002], [90397.8, 0.008], [90398.0, 0.002], [90398.3, 0.006], [90398.6, 0.002], [90398.8, 0.003], [90398.9, 0.003], [90399.0, 0.002], [90399.1, 0.002], [90399.2, 0.002]], "timestamp": "2025-12-13T09:37:11.713170+00:00"}, {"symbol": "BTCUSDT", "bids": [[90440.0, 7.262], [90439.9, 0.008], [90439.8, 0.2], [90439.7, 0.002], [90439.6, 0.276], [90439.5, 0.045], [90439.0, 0.003], [90438.9, 0.033], [90438.8, 0.315], [90438.7, 0.435], [90438.6, 0.013], [90438.5, 0.005], [90438.3, 0.055], [90438.1, 0.002], [90438.0, 0.003], [90437.9, 0.002], [90437.8, 0.003], [90437.6, 0.721], [90437.5, 0.003], [90437.3, 0.56]], "asks": [[90440.1, 7.641], [90440.2, 0.006], [90440.3, 0.003], [90440.5, 0.005], [90440.6, 0.003], [90440.7, 0.09], [90440.8, 0.034], [90441.0, 0.006], [90441.1, 0.005], [90441.3, 0.003], [90441.5, 0.002], [90441.6, 0.035], [90441.8, 0.006], [90441.9, 0.002], [90442.3, 0.003], [90442.4, 0.002], [90442.5, 0.002], [90442.6, 0.105], [90442.7, 0.042], [90442.8, 0.007]], "timestamp": "2025-12-13T09:38:04.859526+00:00"}, {"symbol": "BTCUSDT", "bids": [[90440.8, 3.308], [90440.7, 0.006], [90440.6, 0.202], [90440.5, 0.003], [90440.3, 0.002], [90440.1, 0.299], [90440.0, 0.014], [90439.7, 0.014], [90439.6, 0.114], [90439.5, 0.503], [90439.4, 0.013], [90439.0, 0.005], [90438.9, 0.264], [90438.8, 0.005], [90438.5, 0.005], [90438.1, 0.002], [90438.0, 0.832], [90437.9, 0.004], [90437.8, 0.114], [90437.6, 0.005]], "asks": [[90440.9, 13.844], [90441.0, 0.187], [90441.1, 0.007], [90441.4, 0.012], [90441.6, 0.118], [90441.9, 0.011], [90442.1, 0.003], [90442.2, 0.002], [90442.6, 0.114], [90442.7, 0.042], [90442.8, 0.011], [90442.9, 0.01], [90443.0, 0.166], [90443.1, 0.003], [90443.3, 0.123], [90443.4, 0.003], [90443.9, 0.029], [90444.0, 0.114], [90444.2, 0.042], [90444.5, 0.031]], "timestamp": "2025-12-13T09:38:58.107449+00:00"}, {"symbol": "BTCUSDT", "bids": [[90440.8, 3.732], [90440.7, 0.117], [90440.6, 0.002], [90440.5, 0.042], [90440.3, 0.002], [90440.0, 0.033], [90439.9, 0.111], [90439.7, 0.04], [90439.6, 0.003], [90439.5, 0.503], [90439.4, 0.009], [90439.1, 0.111], [90439.0, 0.203], [90438.8, 0.205], [90438.5, 0.005], [90438.4, 0.002], [90438.1, 0.116], [90438.0, 0.003], [90437.9, 0.006], [90437.8, 0.036]], "asks": [[90440.9, 7.919], [90441.0, 0.137], [90441.1, 0.003], [90441.3, 0.002], [90441.4, 0.012], [90441.6, 0.114], [90441.9, 0.011], [90442.1, 0.036], [90442.6, 0.003], [90442.7, 0.042], [90442.8, 0.011], [90442.9, 0.01], [90443.0, 0.166], [90443.1, 0.003], [90443.2, 0.003], [90443.4, 0.003], [90443.6, 0.012], [90443.7, 0.111], [90443.9, 0.024], [90444.0, 0.003]], "timestamp": "2025-12-13T09:39:52.073619+00:00"}, {"symbol": "BTCUSDT", "bids": [[90440.8, 4.809], [90440.7, 0.091], [90440.6, 0.202], [90440.5, 0.4], [90440.4, 0.003], [90440.3, 0.002], [90440.0, 0.079], [90439.7, 0.04], [90439.6, 0.003], [90439.5, 0.503], [90439.4, 0.013], [90439.3, 0.829], [90439.2, 0.002], [90439.1, 0.005], [90439.0, 0.011], [90438.8, 0.116], [90438.5, 0.005], [90438.1, 0.002], [90438.0, 0.114], [90437.9, 0.002]], "asks": [[90440.9, 7.66], [90441.0, 0.1], [90441.1, 0.003], [90441.5, 0.003], [90441.6, 0.016], [90441.7, 0.131], [90441.9, 0.073], [90442.0, 0.1], [90442.1, 0.006], [90442.6, 0.003], [90442.7, 0.111], [90442.8, 0.006], [90442.9, 0.002], [90443.1, 0.003], [90443.4, 0.003], [90443.6, 0.123], [90443.9, 0.024], [90444.0, 0.003], [90444.1, 0.003], [90444.2, 0.002]], "timestamp": "2025-12-13T09:40:46.124002+00:00"}, {"symbol": "BTCUSDT", "bids": [[90418.8, 8.587], [90418.7, 0.139], [90418.6, 0.213], [90418.5, 0.116], [90418.4, 0.003], [90418.3, 0.012], [90418.2, 0.003], [90418.1, 0.005], [90418.0, 0.006], [90417.9, 0.003], [90417.8, 0.002], [90417.6, 0.281], [90417.2, 0.005], [90416.9, 0.131], [90416.7, 0.003], [90416.6, 0.003], [90416.5, 0.002], [90416.3, 0.002], [90416.2, 0.008], [90415.8, 0.022]], "asks": [[90418.9, 1.841], [90419.0, 0.008], [90419.2, 0.003], [90419.4, 0.058], [90419.5, 0.003], [90419.7, 0.005], [90419.8, 0.002], [90420.1, 0.005], [90420.2, 0.005], [90420.4, 0.004], [90420.6, 0.003], [90421.1, 0.002], [90421.2, 0.011], [90421.3, 0.002], [90421.4, 0.006], [90421.5, 0.002], [90421.6, 0.002], [90421.7, 0.002], [90421.9, 0.003], [90422.0, 0.003]], "timestamp": "2025-12-13T09:41:39.901727+00:00"}, {"symbol": "BTCUSDT", "bids": [[90418.8, 5.62], [90418.7, 0.284], [90418.6, 0.239], [90418.5, 0.002], [90418.4, 0.165], [90418.2, 0.007], [90418.1, 0.002], [90418.0, 0.008], [90417.8, 0.045], [90417.7, 0.004], [90417.6, 0.111], [90417.4, 0.007], [90417.2, 0.005], [90416.9, 0.127], [90416.7, 0.003], [90416.6, 0.036], [90416.2, 0.003], [90416.0, 0.111], [90415.8, 0.085], [90415.7, 0.009]], "asks": [[90418.9, 6.278], [90419.0, 0.126], [90419.1, 0.003], [90419.2, 0.033], [90419.4, 0.003], [90419.5, 0.002], [90419.7, 0.126], [90419.8, 0.272], [90419.9, 0.111], [90420.0, 0.002], [90420.1, 0.003], [90420.4, 0.006], [90420.6, 0.003], [90420.7, 0.002], [90421.0, 0.111], [90421.1, 0.002], [90421.3, 0.002], [90421.4, 0.006], [90421.5, 0.002], [90421.7, 0.113]], "timestamp": "2025-12-13T09:42:34.175108+00:00"}, {"symbol": "BTCUSDT", "bids": [[90418.8, 5.982], [90418.7, 0.198], [90418.6, 0.487], [90418.5, 0.002], [90418.1, 0.002], [90418.0, 0.003], [90417.9, 0.111], [90417.8, 0.047], [90417.4, 0.009], [90417.2, 0.118], [90417.1, 0.012], [90417.0, 0.008], [90416.9, 0.004], [90416.7, 0.003], [90416.6, 0.003], [90416.5, 0.005], [90416.4, 0.111], [90416.3, 0.002], [90416.2, 0.003], [90415.8, 0.082]], "asks": [[90418.9, 5.737], [90419.0, 0.135], [90419.1, 0.004], [90419.4, 0.003], [90419.5, 0.012], [90419.7, 0.169], [90419.8, 0.288], [90420.0, 0.112], [90420.1, 0.003], [90420.4, 0.01], [90420.6, 0.003], [90420.7, 0.111], [90421.1, 0.002], [90421.3, 0.002], [90421.4, 0.119], [90421.5, 0.002], [90421.7, 0.022], [90421.9, 0.003], [90422.0, 0.099], [90422.1, 0.055]], "timestamp": "2025-12-13T09:43:28.040809+00:00"}, {"symbol": "BTCUSDT", "bids": [[90418.8, 5.307], [90418.7, 0.522], [90418.6, 0.376], [90418.5, 0.042], [90418.1, 0.002], [90418.0, 0.003], [90417.8, 0.047], [90417.7, 0.144], [90417.6, 0.003], [90417.5, 0.003], [90417.4, 0.012], [90417.3, 0.003], [90417.2, 0.01], [90417.1, 0.003], [90417.0, 0.114], [90416.9, 0.007], [90416.8, 0.323], [90416.7, 0.006], [90416.6, 0.014], [90416.3, 0.115]], "asks": [[90418.9, 7.11], [90419.0, 0.139], [90419.4, 0.003], [90419.6, 0.111], [90419.7, 0.181], [90419.8, 0.27], [90420.0, 0.112], [90420.1, 0.003], [90420.2, 0.033], [90420.4, 0.01], [90420.6, 0.114], [90421.1, 0.002], [90421.2, 0.003], [90421.3, 0.002], [90421.4, 0.006], [90421.5, 0.113], [90421.6, 0.002], [90421.7, 0.022], [90421.9, 0.003], [90422.0, 0.099]], "timestamp": "2025-12-13T09:44:22.720448+00:00"}, {"symbol": "BTCUSDT", "bids": [[90415.4, 8.221], [90415.3, 0.049], [90415.2, 0.117], [90415.1, 0.005], [90415.0, 0.308], [90414.9, 0.006], [90414.8, 0.068], [90414.5, 0.002], [90414.3, 0.005], [90414.2, 0.013], [90414.1, 0.036], [90414.0, 0.08], [90413.9, 0.074], [90413.8, 0.163], [90413.7, 0.29], [90413.6, 0.005], [90413.5, 0.018], [90413.4, 0.003], [90413.3, 0.002], [90413.1, 0.035]], "asks": [[90415.5, 1.693], [90415.6, 0.009], [90415.8, 0.397], [90415.9, 0.003], [90416.3, 0.002], [90416.5, 0.025], [90416.7, 0.003], [90416.8, 0.003], [90417.0, 0.003], [90417.2, 0.033], [90417.5, 0.003], [90417.8, 0.002], [90418.1, 0.003], [90418.3, 0.005], [90418.5, 0.002], [90418.8, 0.454], [90418.9, 0.499], [90419.0, 0.027], [90419.4, 0.003], [90419.6, 0.004]], "timestamp": "2025-12-13T09:45:16.585043+00:00"}, {"symbol": "BTCUSDT", "bids": [[90415.4, 7.232], [90415.3, 0.077], [90415.2, 0.567], [90415.1, 0.005], [90415.0, 0.33], [90414.9, 0.006], [90414.8, 0.02], [90414.7, 0.003], [90414.6, 0.003], [90414.5, 0.005], [90414.3, 0.003], [90414.2, 0.002], [90414.0, 0.159], [90413.7, 0.014], [90413.6, 0.002], [90413.5, 0.003], [90413.3, 0.002], [90413.2, 0.011], [90413.1, 0.007], [90413.0, 1.144]], "asks": [[90415.5, 2.832], [90415.6, 0.013], [90415.8, 0.502], [90415.9, 0.003], [90416.1, 0.003], [90416.2, 0.012], [90416.5, 0.025], [90416.6, 0.111], [90416.8, 0.003], [90417.0, 0.003], [90417.4, 0.111], [90417.5, 0.003], [90417.8, 0.005], [90418.0, 0.005], [90418.1, 0.003], [90418.2, 0.123], [90418.3, 0.01], [90418.4, 0.033], [90418.5, 0.002], [90418.7, 0.004]], "timestamp": "2025-12-13T09:46:10.651005+00:00"}, {"symbol": "BTCUSDT", "bids": [[90454.4, 15.279], [90454.3, 0.104], [90454.2, 0.241], [90454.1, 0.08], [90454.0, 0.002], [90453.9, 0.225], [90453.8, 0.004], [90453.6, 0.033], [90453.5, 0.005], [90453.3, 0.002], [90453.2, 0.003], [90453.1, 0.01], [90453.0, 0.002], [90452.8, 0.253], [90452.7, 0.116], [90452.5, 0.002], [90452.4, 0.002], [90452.2, 0.295], [90452.1, 0.002], [90452.0, 0.005]], "asks": [[90454.5, 4.57], [90454.6, 0.011], [90454.7, 0.003], [90454.8, 0.006], [90455.3, 0.009], [90455.8, 0.005], [90456.1, 0.002], [90456.3, 0.003], [90456.6, 0.002], [90456.7, 0.005], [90456.8, 0.007], [90456.9, 0.028], [90457.0, 0.012], [90457.1, 0.004], [90457.2, 0.02], [90457.3, 0.003], [90457.6, 0.003], [90457.8, 0.005], [90458.0, 0.011], [90458.3, 0.018]], "timestamp": "2025-12-13T09:47:04.923631+00:00"}, {"symbol": "BTCUSDT", "bids": [[90458.9, 1.794], [90458.8, 0.264], [90458.7, 0.002], [90458.6, 0.2], [90458.4, 0.002], [90458.3, 0.003], [90458.1, 0.011], [90457.8, 0.002], [90457.7, 0.003], [90457.5, 0.003], [90457.1, 0.091], [90456.9, 0.005], [90456.7, 0.003], [90456.6, 0.003], [90456.5, 0.003], [90456.3, 0.033], [90456.0, 0.05], [90455.9, 0.002], [90455.8, 0.003], [90455.7, 0.002]], "asks": [[90459.0, 5.098], [90459.1, 0.004], [90459.2, 0.003], [90459.5, 0.002], [90459.6, 0.006], [90459.8, 0.139], [90460.0, 0.016], [90460.1, 0.003], [90460.2, 0.02], [90460.6, 0.134], [90460.7, 0.117], [90460.8, 0.003], [90461.0, 0.009], [90461.1, 0.003], [90461.2, 0.007], [90461.5, 0.115], [90461.6, 0.003], [90461.7, 0.003], [90461.9, 0.002], [90462.0, 0.166]], "timestamp": "2025-12-13T09:47:58.377916+00:00"}, {"symbol": "BTCUSDT", "bids": [[90415.9, 5.663], [90415.8, 0.762], [90415.7, 0.008], [90415.6, 0.203], [90415.5, 0.05], [90415.4, 0.1], [90415.3, 0.114], [90415.2, 0.003], [90415.1, 0.007], [90415.0, 0.47], [90414.9, 0.003], [90414.8, 0.007], [90414.7, 0.003], [90414.5, 0.002], [90414.4, 0.003], [90414.3, 0.023], [90414.2, 0.002], [90414.1, 0.111], [90414.0, 0.004], [90413.9, 0.009]], "asks": [[90416.0, 3.293], [90416.1, 0.031], [90416.2, 0.002], [90416.3, 0.139], [90416.4, 0.003], [90416.9, 0.015], [90417.1, 0.002], [90417.4, 0.003], [90417.6, 0.022], [90417.7, 0.002], [90417.9, 0.002], [90418.0, 0.007], [90418.2, 0.003], [90418.3, 0.003], [90418.5, 0.016], [90418.6, 0.002], [90418.7, 0.005], [90418.9, 0.002], [90419.1, 0.018], [90419.2, 0.111]], "timestamp": "2025-12-13T09:48:52.445038+00:00"}, {"symbol": "BTCUSDT", "bids": [[90431.0, 8.344], [90430.9, 0.175], [90430.8, 0.2], [90430.7, 0.113], [90430.4, 0.005], [90430.1, 0.042], [90430.0, 0.111], [90429.9, 0.003], [90429.8, 0.002], [90429.7, 0.002], [90429.6, 0.002], [90429.5, 0.023], [90429.3, 0.003], [90429.2, 0.111], [90429.1, 0.005], [90429.0, 0.163], [90428.9, 0.003], [90428.8, 0.008], [90428.7, 0.084], [90428.6, 0.006]], "asks": [[90431.1, 5.109], [90431.2, 0.012], [90431.3, 0.025], [90431.4, 0.006], [90431.5, 0.006], [90431.6, 0.002], [90431.8, 0.003], [90431.9, 0.003], [90432.0, 0.024], [90432.1, 0.002], [90432.3, 0.002], [90432.4, 0.005], [90432.6, 0.117], [90433.0, 0.014], [90433.2, 0.003], [90433.3, 0.005], [90433.5, 0.002], [90433.8, 0.057], [90433.9, 0.113], [90434.0, 0.003]], "timestamp": "2025-12-13T09:49:46.001487+00:00"}, {"symbol": "BTCUSDT", "bids": [[90441.6, 6.174], [90441.5, 0.02], [90441.4, 0.21], [90441.2, 0.111], [90441.1, 0.252], [90441.0, 0.063], [90440.9, 0.002], [90440.6, 0.004], [90440.4, 0.117], [90440.3, 0.002], [90440.1, 0.011], [90440.0, 0.004], [90439.7, 0.003], [90439.6, 0.004], [90439.5, 0.111], [90439.4, 0.002], [90439.2, 0.006], [90439.1, 0.014], [90438.8, 0.005], [90438.7, 0.002]], "asks": [[90441.7, 3.948], [90441.8, 0.008], [90441.9, 0.066], [90442.3, 0.002], [90442.5, 0.012], [90442.7, 0.054], [90442.8, 0.036], [90442.9, 0.002], [90443.2, 0.002], [90443.3, 0.003], [90443.6, 0.144], [90443.8, 0.005], [90443.9, 0.006], [90444.0, 0.003], [90444.1, 0.002], [90444.3, 0.006], [90444.5, 0.012], [90444.7, 0.002], [90444.8, 0.005], [90445.0, 0.002]], "timestamp": "2025-12-13T09:50:40.068553+00:00"}, {"symbol": "BTCUSDT", "bids": [[90450.2, 2.449], [90450.1, 0.006], [90450.0, 0.221], [90449.9, 0.003], [90449.8, 0.003], [90449.7, 0.012], [90449.6, 0.003], [90449.5, 0.003], [90449.4, 0.002], [90449.1, 0.055], [90449.0, 0.003], [90448.8, 0.002], [90448.5, 0.009], [90448.4, 0.002], [90448.2, 0.003], [90447.9, 0.005], [90447.8, 0.002], [90447.7, 0.006], [90447.6, 0.325], [90447.4, 0.003]], "asks": [[90450.3, 12.511], [90450.4, 1.224], [90450.5, 0.009], [90450.6, 0.113], [90451.0, 0.015], [90451.2, 0.002], [90451.5, 0.084], [90451.8, 0.009], [90452.0, 0.092], [90452.1, 0.003], [90452.2, 0.113], [90452.3, 0.004], [90452.4, 0.003], [90452.7, 0.027], [90452.8, 0.003], [90452.9, 0.036], [90453.0, 0.113], [90453.1, 0.004], [90453.2, 0.012], [90453.6, 0.014]], "timestamp": "2025-12-13T09:51:34.341843+00:00"}, {"symbol": "BTCUSDT", "bids": [[90428.6, 4.433], [90428.5, 0.006], [90428.4, 0.033], [90428.0, 0.005], [90427.7, 0.002], [90427.6, 0.003], [90427.5, 0.006], [90427.4, 0.674], [90427.2, 0.004], [90427.1, 0.002], [90427.0, 0.005], [90426.9, 0.003], [90426.8, 0.009], [90426.7, 0.002], [90426.6, 0.042], [90426.4, 0.114], [90426.2, 0.016], [90426.1, 0.007], [90426.0, 0.002], [90425.9, 0.013]], "asks": [[90428.7, 7.972], [90428.8, 0.039], [90429.2, 0.003], [90429.4, 0.002], [90429.7, 0.003], [90429.8, 0.012], [90429.9, 0.003], [90430.1, 0.006], [90430.2, 0.003], [90430.3, 0.002], [90430.7, 0.003], [90430.9, 0.003], [90431.0, 0.037], [90431.1, 0.111], [90431.3, 0.003], [90431.5, 0.007], [90431.6, 0.002], [90431.8, 0.003], [90431.9, 0.003], [90432.0, 0.117]], "timestamp": "2025-12-13T09:52:28.924429+00:00"}, {"symbol": "BTCUSDT", "bids": [[90417.8, 0.092], [90417.7, 0.002], [90417.6, 0.002], [90417.5, 0.003], [90417.2, 0.004], [90417.0, 0.003], [90416.9, 0.002], [90416.7, 0.039], [90416.5, 0.003], [90416.3, 0.002], [90416.0, 0.005], [90415.5, 0.042], [90415.4, 0.113], [90415.3, 0.003], [90415.0, 0.223], [90414.8, 0.558], [90414.7, 0.165], [90414.6, 0.002], [90414.5, 0.005], [90414.4, 0.045]], "asks": [[90417.9, 21.261], [90418.0, 1.142], [90418.1, 0.004], [90418.2, 0.003], [90418.3, 0.111], [90418.5, 0.071], [90418.9, 1.002], [90419.0, 1.002], [90419.1, 0.196], [90419.2, 0.003], [90419.3, 0.003], [90419.4, 0.288], [90419.5, 0.021], [90419.7, 0.003], [90419.8, 0.002], [90420.0, 0.004], [90420.1, 0.003], [90420.2, 0.002], [90420.3, 0.842], [90420.4, 0.005]], "timestamp": "2025-12-13T09:53:22.886954+00:00"}, {"symbol": "BTCUSDT", "bids": [[90385.9, 5.825], [90385.8, 0.349], [90385.6, 0.202], [90385.5, 0.005], [90385.2, 0.002], [90385.0, 0.034], [90384.8, 0.111], [90384.7, 0.002], [90384.5, 0.003], [90384.4, 0.045], [90384.2, 0.008], [90384.0, 0.116], [90383.8, 0.002], [90383.6, 0.005], [90383.5, 0.007], [90383.4, 0.002], [90383.3, 0.002], [90383.0, 0.123], [90382.9, 0.053], [90382.7, 0.011]], "asks": [[90386.0, 6.543], [90386.1, 0.049], [90386.2, 0.003], [90386.3, 0.006], [90386.4, 0.005], [90386.5, 0.003], [90386.6, 0.003], [90386.7, 0.003], [90386.8, 0.057], [90386.9, 0.126], [90387.0, 0.049], [90387.3, 0.002], [90387.5, 0.003], [90387.9, 0.079], [90388.2, 0.002], [90388.3, 0.006], [90388.4, 0.111], [90388.8, 0.015], [90388.9, 0.012], [90389.0, 0.003]], "timestamp": "2025-12-13T09:54:17.274897+00:00"}, {"symbol": "BTCUSDT", "bids": [[90382.5, 3.989], [90382.4, 0.209], [90382.3, 0.01], [90382.2, 0.214], [90382.1, 0.003], [90382.0, 0.017], [90381.5, 0.003], [90381.4, 0.049], [90381.2, 0.005], [90381.1, 0.002], [90381.0, 0.003], [90380.9, 0.065], [90380.8, 0.002], [90380.7, 0.003], [90380.5, 0.005], [90380.3, 0.002], [90380.2, 0.007], [90380.1, 0.003], [90380.0, 0.017], [90379.9, 0.055]], "asks": [[90382.6, 18.042], [90382.7, 0.745], [90382.8, 1.019], [90382.9, 0.008], [90383.0, 0.008], [90383.1, 0.003], [90383.2, 0.003], [90383.3, 1.842], [90383.4, 0.209], [90383.5, 0.015], [90383.7, 0.002], [90383.9, 0.003], [90384.0, 0.002], [90384.2, 0.221], [90384.3, 0.958], [90384.4, 0.002], [90384.5, 0.003], [90384.6, 0.002], [90384.9, 0.003], [90385.0, 0.002]], "timestamp": "2025-12-13T09:55:11.841835+00:00"}, {"symbol": "BTCUSDT", "bids": [[90350.0, 5.241], [90349.9, 0.009], [90349.5, 0.011], [90349.4, 0.015], [90349.2, 0.004], [90349.1, 0.08], [90349.0, 0.003], [90348.7, 0.003], [90348.5, 0.099], [90348.4, 0.004], [90348.0, 0.003], [90347.8, 0.014], [90347.6, 0.002], [90347.5, 0.003], [90347.4, 0.113], [90347.3, 0.009], [90347.0, 0.003], [90346.9, 0.002], [90346.6, 0.008], [90346.5, 0.04]], "asks": [[90350.1, 16.424], [90350.2, 0.29], [90350.3, 0.007], [90350.4, 0.005], [90350.5, 0.005], [90350.6, 0.008], [90350.7, 0.015], [90350.8, 0.114], [90350.9, 0.003], [90351.0, 0.007], [90351.1, 0.006], [90351.2, 0.002], [90351.3, 0.278], [90351.5, 0.111], [90351.6, 0.003], [90351.8, 0.002], [90352.1, 0.003], [90352.2, 0.113], [90352.3, 0.003], [90352.4, 0.002]], "timestamp": "2025-12-13T09:56:05.398107+00:00"}, {"symbol": "BTCUSDT", "bids": [[90342.0, 1.225], [90341.9, 0.004], [90341.8, 0.2], [90341.6, 0.204], [90341.5, 0.005], [90341.3, 0.011], [90341.1, 0.002], [90341.0, 0.003], [90340.7, 0.001], [90340.6, 0.01], [90340.5, 0.018], [90340.4, 0.004], [90340.3, 0.016], [90340.0, 0.332], [90339.9, 0.003], [90339.5, 0.006], [90339.4, 0.002], [90339.2, 0.005], [90339.0, 0.003], [90338.9, 0.002]], "asks": [[90342.1, 15.438], [90342.2, 0.006], [90342.3, 0.01], [90342.5, 0.003], [90342.6, 0.012], [90342.8, 0.146], [90343.0, 0.153], [90343.1, 0.002], [90343.2, 0.054], [90343.3, 0.002], [90343.5, 0.003], [90343.7, 0.002], [90343.8, 0.232], [90344.0, 0.004], [90344.1, 0.003], [90344.2, 0.111], [90344.3, 0.003], [90344.6, 0.081], [90344.7, 0.015], [90344.8, 0.005]], "timestamp": "2025-12-13T09:56:58.544693+00:00"}, {"symbol": "BTCUSDT", "bids": [[90365.1, 18.153], [90365.0, 0.21], [90364.9, 0.014], [90364.8, 0.2], [90364.5, 0.002], [90364.4, 0.002], [90364.0, 0.222], [90363.9, 0.372], [90363.8, 0.002], [90363.6, 0.002], [90363.0, 0.005], [90362.9, 0.003], [90362.7, 0.002], [90362.5, 0.323], [90362.4, 0.033], [90362.1, 0.017], [90362.0, 0.116], [90361.8, 0.002], [90361.7, 0.003], [90361.6, 0.042]], "asks": [[90365.2, 0.025], [90365.3, 0.002], [90365.6, 0.003], [90365.9, 0.002], [90366.0, 0.043], [90366.1, 0.003], [90366.6, 0.003], [90366.7, 0.003], [90366.8, 0.005], [90366.9, 0.002], [90367.0, 0.057], [90367.1, 0.003], [90367.2, 0.002], [90367.6, 0.003], [90367.8, 0.003], [90368.0, 0.002], [90368.1, 0.017], [90368.6, 0.036], [90368.7, 0.003], [90369.0, 0.008]], "timestamp": "2025-12-13T09:57:52.407579+00:00"}, {"symbol": "BTCUSDT", "bids": [[90354.3, 1.395], [90354.2, 0.202], [90354.0, 0.005], [90353.9, 0.003], [90353.7, 0.002], [90353.4, 0.017], [90353.3, 0.003], [90353.2, 0.002], [90353.1, 0.01], [90352.8, 0.005], [90352.6, 0.002], [90352.5, 0.003], [90352.4, 0.002], [90352.3, 0.003], [90352.1, 0.003], [90352.0, 0.002], [90351.9, 0.004], [90351.7, 0.003], [90351.6, 0.002], [90351.5, 0.006]], "asks": [[90354.4, 12.729], [90354.5, 0.166], [90354.6, 0.113], [90354.7, 0.002], [90354.8, 0.002], [90355.0, 0.003], [90355.3, 0.012], [90355.4, 0.113], [90355.5, 0.013], [90355.6, 0.003], [90355.7, 0.248], [90355.8, 0.319], [90355.9, 0.002], [90356.0, 0.024], [90356.1, 0.114], [90356.3, 0.002], [90356.6, 0.005], [90356.8, 0.003], [90356.9, 0.054], [90357.1, 0.003]], "timestamp": "2025-12-13T09:58:46.987187+00:00"}, {"symbol": "BTCUSDT", "bids": [[90370.1, 4.11], [90370.0, 0.204], [90369.8, 0.203], [90369.7, 0.008], [90369.4, 0.002], [90369.2, 0.003], [90369.1, 0.004], [90369.0, 0.004], [90368.7, 0.003], [90368.2, 0.002], [90368.1, 0.06], [90367.8, 0.002], [90367.7, 0.077], [90367.6, 0.008], [90367.2, 0.002], [90367.1, 0.003], [90366.9, 0.002], [90366.7, 0.003], [90366.6, 0.003], [90366.4, 0.002]], "asks": [[90370.2, 16.84], [90370.3, 0.008], [90370.4, 0.002], [90371.0, 0.002], [90371.1, 0.005], [90371.7, 0.002], [90371.8, 0.003], [90372.1, 0.154], [90372.2, 1.0], [90372.3, 0.13], [90372.4, 0.003], [90372.7, 0.01], [90372.8, 0.005], [90372.9, 0.002], [90373.3, 0.006], [90373.5, 0.004], [90373.6, 0.604], [90373.7, 1.0], [90373.8, 0.158], [90374.2, 0.007]], "timestamp": "2025-12-13T09:59:40.962725+00:00"}, {"symbol": "BTCUSDT", "bids": [[90381.7, 10.248], [90381.6, 0.206], [90381.5, 0.111], [90381.4, 0.2], [90381.2, 0.304], [90381.1, 0.555], [90381.0, 0.022], [90380.7, 0.832], [90380.6, 0.111], [90380.5, 0.002], [90380.2, 0.005], [90379.8, 0.111], [90379.7, 0.003], [90379.6, 0.012], [90379.5, 0.003], [90379.2, 0.003], [90379.1, 0.32], [90379.0, 0.005], [90378.7, 0.117], [90378.6, 0.003]], "asks": [[90381.8, 3.814], [90381.9, 0.048], [90382.1, 0.184], [90382.2, 0.553], [90382.5, 0.005], [90382.8, 0.002], [90382.9, 0.002], [90383.2, 0.003], [90383.4, 0.002], [90383.7, 0.072], [90383.8, 0.003], [90383.9, 0.054], [90384.0, 0.002], [90384.3, 0.085], [90384.6, 0.002], [90384.8, 0.002], [90384.9, 0.004], [90385.0, 0.002], [90385.1, 0.114], [90385.2, 0.016]], "timestamp": "2025-12-13T10:00:35.122724+00:00"}, {"symbol": "BTCUSDT", "bids": [[90397.9, 15.312], [90397.8, 0.231], [90397.7, 0.007], [90397.6, 0.203], [90397.5, 0.017], [90397.4, 0.003], [90397.3, 0.005], [90397.2, 0.006], [90397.1, 0.003], [90397.0, 0.005], [90396.9, 0.111], [90396.8, 0.308], [90396.7, 0.003], [90396.6, 0.012], [90396.4, 0.476], [90396.3, 0.299], [90396.2, 0.007], [90396.0, 0.017], [90395.8, 0.119], [90395.7, 0.114]], "asks": [[90398.0, 2.845], [90398.1, 0.006], [90398.4, 0.003], [90398.7, 0.02], [90398.8, 0.002], [90398.9, 0.003], [90399.4, 0.005], [90399.8, 0.039], [90399.9, 0.003], [90400.0, 0.167], [90400.1, 0.02], [90400.3, 0.003], [90400.4, 0.003], [90400.5, 0.004], [90400.8, 0.072], [90400.9, 0.003], [90401.0, 0.003], [90401.2, 0.006], [90401.4, 0.003], [90401.6, 0.039]], "timestamp": "2025-12-13T10:01:29.190573+00:00"}, {"symbol": "BTCUSDT", "bids": [[90406.9, 13.664], [90406.8, 0.265], [90406.7, 0.016], [90406.6, 0.203], [90406.5, 0.31], [90406.4, 0.004], [90406.3, 0.133], [90406.0, 0.006], [90405.9, 0.003], [90405.8, 0.017], [90405.7, 0.003], [90405.6, 0.014], [90405.5, 0.116], [90405.4, 0.014], [90405.3, 0.085], [90405.2, 0.036], [90405.1, 0.005], [90405.0, 0.028], [90404.8, 0.003], [90404.7, 0.005]], "asks": [[90407.0, 2.324], [90407.1, 0.046], [90407.2, 0.008], [90407.3, 0.011], [90407.4, 0.003], [90407.5, 0.002], [90407.6, 0.002], [90407.9, 0.003], [90408.2, 0.003], [90408.3, 0.02], [90408.4, 0.003], [90408.9, 0.003], [90409.0, 0.094], [90409.2, 0.177], [90409.3, 0.303], [90409.4, 0.003], [90409.5, 0.005], [90409.6, 0.008], [90409.7, 0.002], [90409.9, 0.003]], "timestamp": "2025-12-13T10:02:23.770971+00:00"}, {"symbol": "BTCUSDT", "bids": [[90422.3, 19.102], [90422.2, 0.386], [90422.1, 0.066], [90421.9, 0.003], [90421.8, 0.064], [90421.7, 0.005], [90421.6, 0.003], [90421.5, 0.003], [90421.4, 0.01], [90421.3, 0.017], [90421.2, 0.006], [90421.1, 0.003], [90421.0, 0.998], [90420.9, 0.01], [90420.8, 0.468], [90420.7, 0.002], [90420.6, 0.004], [90420.5, 0.002], [90420.4, 0.151], [90420.1, 0.323]], "asks": [[90422.4, 2.868], [90422.5, 0.004], [90422.9, 0.132], [90423.0, 0.004], [90423.1, 0.002], [90423.2, 0.002], [90423.4, 0.003], [90423.7, 0.012], [90423.8, 0.121], [90423.9, 0.003], [90424.0, 0.268], [90424.1, 0.003], [90424.3, 0.005], [90424.4, 0.031], [90424.5, 0.111], [90424.6, 0.003], [90424.9, 0.005], [90425.0, 0.004], [90425.1, 0.006], [90425.2, 0.005]], "timestamp": "2025-12-13T10:03:17.593330+00:00"}, {"symbol": "BTCUSDT", "bids": [[90432.9, 9.657], [90432.8, 0.992], [90432.7, 0.01], [90432.5, 0.016], [90432.3, 0.051], [90432.2, 0.002], [90432.1, 0.036], [90432.0, 0.007], [90431.8, 0.083], [90431.7, 0.224], [90431.6, 0.01], [90431.5, 0.049], [90431.4, 0.998], [90431.3, 0.228], [90431.2, 0.005], [90431.1, 0.028], [90431.0, 0.005], [90430.9, 0.03], [90430.8, 0.203], [90430.7, 0.005]], "asks": [[90433.0, 2.454], [90433.1, 0.01], [90433.3, 0.221], [90433.4, 0.003], [90433.9, 0.005], [90434.0, 0.028], [90434.1, 0.111], [90434.4, 0.005], [90434.6, 0.002], [90434.8, 0.012], [90434.9, 0.114], [90435.0, 0.002], [90435.1, 0.218], [90435.2, 0.371], [90435.3, 0.377], [90435.4, 0.385], [90435.5, 0.388], [90435.6, 0.111], [90435.9, 0.036], [90436.0, 0.005]], "timestamp": "2025-12-13T10:04:12.520508+00:00"}, {"symbol": "BTCUSDT", "bids": [[90442.8, 4.965], [90442.7, 0.012], [90442.6, 0.212], [90442.5, 0.003], [90442.4, 0.002], [90442.3, 0.003], [90442.0, 0.002], [90441.8, 0.003], [90441.7, 0.003], [90441.5, 0.154], [90441.3, 0.003], [90441.2, 0.043], [90441.0, 0.004], [90440.8, 0.002], [90440.6, 0.008], [90440.3, 0.002], [90440.0, 0.005], [90439.9, 0.047], [90439.8, 0.002], [90439.7, 0.005]], "asks": [[90442.9, 16.677], [90443.0, 0.006], [90443.4, 0.131], [90443.6, 0.706], [90443.7, 0.059], [90443.8, 0.004], [90444.0, 0.105], [90444.1, 0.335], [90444.2, 0.002], [90444.4, 3.961], [90444.5, 0.002], [90444.6, 0.055], [90444.8, 0.002], [90444.9, 0.005], [90445.0, 0.002], [90445.1, 0.073], [90445.2, 0.002], [90445.3, 0.115], [90445.4, 0.009], [90445.5, 0.04]], "timestamp": "2025-12-13T10:05:07.418604+00:00"}, {"symbol": "BTCUSDT", "bids": [[90449.3, 4.631], [90449.2, 0.12], [90449.1, 0.011], [90449.0, 0.048], [90448.9, 0.005], [90448.8, 0.647], [90448.4, 0.278], [90448.3, 0.002], [90448.2, 0.2], [90448.1, 0.013], [90448.0, 0.033], [90447.9, 0.009], [90447.8, 0.003], [90447.6, 0.079], [90447.3, 0.003], [90447.0, 0.004], [90446.8, 0.003], [90446.7, 0.005], [90446.6, 0.002], [90446.3, 0.118]], "asks": [[90449.4, 9.172], [90449.5, 1.006], [90449.6, 0.005], [90449.7, 0.002], [90449.9, 0.045], [90450.0, 0.072], [90450.2, 0.261], [90450.3, 0.293], [90450.4, 0.018], [90450.5, 0.012], [90450.9, 0.003], [90451.1, 0.111], [90451.2, 0.006], [90451.4, 0.009], [90451.5, 0.002], [90451.6, 0.004], [90451.7, 0.005], [90451.8, 0.033], [90451.9, 0.005], [90452.0, 0.14]], "timestamp": "2025-12-13T10:06:01.154052+00:00"}, {"symbol": "BTCUSDT", "bids": [[90431.0, 7.326], [90430.9, 0.223], [90430.8, 0.349], [90430.7, 0.013], [90430.6, 0.005], [90430.5, 0.123], [90430.4, 0.002], [90430.1, 0.009], [90430.0, 0.021], [90429.8, 0.002], [90429.6, 0.003], [90429.5, 0.143], [90429.3, 0.003], [90429.1, 0.003], [90428.9, 0.002], [90428.8, 0.129], [90428.7, 0.118], [90428.6, 0.022], [90428.5, 0.003], [90428.4, 0.015]], "asks": [[90431.1, 9.561], [90431.2, 0.008], [90431.3, 0.033], [90432.0, 0.059], [90432.1, 0.358], [90432.9, 0.005], [90433.0, 1.78], [90433.1, 0.004], [90433.3, 0.003], [90433.4, 0.006], [90433.6, 0.003], [90434.2, 0.006], [90434.3, 0.111], [90434.4, 0.004], [90434.5, 0.054], [90434.7, 0.009], [90434.8, 0.002], [90435.0, 0.002], [90435.1, 0.115], [90435.2, 0.003]], "timestamp": "2025-12-13T10:06:54.623680+00:00"}, {"symbol": "BTCUSDT", "bids": [[90412.7, 3.756], [90412.6, 0.005], [90412.4, 0.005], [90412.1, 0.003], [90412.0, 0.004], [90411.9, 0.003], [90411.8, 0.026], [90411.6, 0.004], [90411.5, 0.005], [90411.4, 0.016], [90411.3, 0.003], [90410.9, 0.004], [90410.8, 0.003], [90410.6, 0.002], [90410.5, 0.003], [90410.4, 0.024], [90410.3, 0.003], [90410.2, 0.002], [90410.0, 0.004], [90409.8, 0.005]], "asks": [[90412.8, 13.417], [90412.9, 0.808], [90413.0, 0.002], [90413.1, 0.803], [90413.2, 0.002], [90413.5, 0.002], [90413.6, 0.003], [90413.9, 0.897], [90414.0, 0.004], [90414.1, 0.802], [90414.2, 0.004], [90414.3, 0.113], [90414.4, 0.005], [90414.5, 0.002], [90414.7, 0.002], [90414.8, 1.002], [90414.9, 0.875], [90415.0, 1.004], [90415.1, 0.156], [90415.2, 0.003]], "timestamp": "2025-12-13T10:07:49.419884+00:00"}, {"symbol": "BTCUSDT", "bids": [[90405.6, 11.513], [90405.5, 0.015], [90405.4, 0.203], [90405.3, 0.003], [90405.2, 0.248], [90405.1, 0.181], [90405.0, 0.059], [90404.5, 0.014], [90404.4, 0.005], [90404.3, 0.005], [90404.2, 0.002], [90404.1, 0.247], [90404.0, 0.005], [90403.9, 0.111], [90403.6, 0.004], [90403.5, 0.005], [90403.4, 0.007], [90403.3, 0.008], [90403.0, 0.005], [90402.9, 0.111]], "asks": [[90405.7, 5.744], [90405.8, 0.007], [90406.1, 0.003], [90406.3, 0.116], [90406.4, 0.002], [90406.8, 0.003], [90406.9, 0.084], [90407.0, 0.316], [90407.1, 0.113], [90407.2, 0.004], [90407.4, 0.003], [90407.8, 0.005], [90407.9, 0.003], [90408.0, 0.113], [90408.1, 0.002], [90408.5, 0.017], [90408.7, 0.116], [90408.8, 0.002], [90408.9, 0.002], [90409.1, 0.003]], "timestamp": "2025-12-13T10:08:43.782332+00:00"}, {"symbol": "BTCUSDT", "bids": [[90418.4, 18.756], [90418.3, 0.379], [90418.2, 0.221], [90418.1, 0.167], [90418.0, 0.029], [90417.9, 0.003], [90417.7, 0.111], [90417.6, 0.002], [90417.5, 0.003], [90417.3, 0.111], [90417.2, 0.004], [90417.0, 0.118], [90416.9, 0.007], [90416.7, 0.138], [90416.6, 0.002], [90416.5, 0.045], [90416.4, 0.236], [90416.3, 0.113], [90416.2, 0.003], [90416.0, 0.002]], "asks": [[90418.5, 2.76], [90418.6, 0.004], [90418.7, 0.002], [90418.8, 0.004], [90418.9, 0.002], [90419.0, 0.003], [90419.5, 0.002], [90419.7, 0.003], [90420.0, 0.006], [90420.2, 0.003], [90420.4, 0.004], [90420.6, 0.006], [90420.7, 0.003], [90420.9, 0.005], [90421.0, 0.105], [90421.1, 0.014], [90421.2, 0.069], [90421.3, 0.005], [90421.6, 0.002], [90421.7, 0.003]], "timestamp": "2025-12-13T10:09:38.566944+00:00"}, {"symbol": "BTCUSDT", "bids": [[90383.2, 5.722], [90383.1, 0.008], [90383.0, 0.004], [90382.9, 0.002], [90382.8, 0.009], [90382.6, 0.003], [90382.5, 0.004], [90382.4, 0.135], [90382.3, 0.003], [90382.1, 0.02], [90382.0, 0.223], [90381.8, 0.032], [90381.7, 0.038], [90381.6, 0.073], [90381.4, 0.044], [90381.3, 0.114], [90381.2, 0.004], [90381.1, 0.002], [90381.0, 0.005], [90380.9, 0.012]], "asks": [[90383.3, 4.29], [90383.4, 0.465], [90383.5, 0.008], [90383.7, 0.002], [90384.3, 0.002], [90384.4, 0.003], [90384.9, 0.003], [90385.2, 0.008], [90385.3, 0.043], [90385.4, 0.003], [90385.5, 0.002], [90385.6, 0.003], [90385.9, 0.003], [90386.1, 0.002], [90386.4, 0.003], [90386.5, 0.005], [90386.6, 0.003], [90386.8, 0.002], [90386.9, 0.024], [90387.0, 0.291]], "timestamp": "2025-12-13T10:10:32.634444+00:00"}, {"symbol": "BTCUSDT", "bids": [[90405.8, 4.1], [90405.7, 0.431], [90405.6, 0.2], [90405.5, 0.002], [90405.4, 0.017], [90405.1, 0.002], [90405.0, 0.004], [90404.9, 0.003], [90404.5, 0.002], [90404.4, 0.003], [90404.2, 0.002], [90403.9, 0.005], [90403.6, 0.003], [90403.5, 0.054], [90403.4, 0.028], [90403.3, 0.002], [90402.9, 0.003], [90402.7, 0.002], [90402.6, 0.005], [90402.5, 0.077]], "asks": [[90405.9, 8.522], [90406.0, 0.004], [90406.1, 0.038], [90406.3, 0.026], [90406.4, 0.004], [90406.6, 0.043], [90406.9, 0.002], [90407.1, 0.003], [90407.6, 0.002], [90407.7, 0.035], [90407.8, 0.002], [90407.9, 0.006], [90408.3, 0.005], [90408.4, 0.003], [90408.7, 0.002], [90408.8, 0.005], [90408.9, 0.008], [90409.0, 0.002], [90409.1, 0.003], [90409.2, 0.007]], "timestamp": "2025-12-13T10:11:26.702944+00:00"}, {"symbol": "BTCUSDT", "bids": [[90381.9, 3.041], [90381.8, 0.279], [90381.7, 0.033], [90381.6, 0.2], [90381.2, 0.07], [90381.1, 0.002], [90381.0, 0.056], [90380.8, 0.113], [90380.5, 0.003], [90380.3, 0.098], [90380.2, 0.002], [90380.0, 0.002], [90379.8, 0.003], [90379.7, 0.003], [90379.4, 0.012], [90379.2, 0.111], [90379.1, 0.003], [90378.8, 0.058], [90378.6, 0.005], [90378.3, 0.002]], "asks": [[90382.0, 5.638], [90382.1, 0.006], [90382.4, 0.002], [90382.5, 0.009], [90382.7, 0.003], [90382.8, 0.004], [90383.0, 0.002], [90383.2, 0.003], [90383.4, 0.1], [90383.5, 0.008], [90383.6, 0.003], [90383.7, 0.005], [90383.9, 0.012], [90384.0, 0.004], [90384.1, 0.002], [90384.2, 0.003], [90384.3, 0.013], [90384.5, 0.008], [90384.6, 0.018], [90384.7, 0.006]], "timestamp": "2025-12-13T10:12:19.958150+00:00"}, {"symbol": "BTCUSDT", "bids": [[90409.9, 12.429], [90409.8, 0.666], [90409.7, 0.004], [90409.6, 0.203], [90409.5, 0.831], [90409.3, 0.012], [90409.2, 0.372], [90409.1, 0.004], [90408.8, 0.005], [90408.5, 0.01], [90408.3, 0.111], [90408.2, 0.005], [90408.1, 0.005], [90407.9, 0.002], [90407.8, 0.066], [90407.7, 0.003], [90407.6, 0.111], [90407.5, 0.005], [90407.3, 0.002], [90407.2, 0.002]], "asks": [[90410.0, 2.798], [90410.1, 0.012], [90410.4, 0.006], [90410.5, 0.01], [90410.6, 0.003], [90410.8, 0.002], [90411.1, 0.003], [90411.3, 0.111], [90411.4, 0.002], [90411.7, 0.066], [90411.8, 0.224], [90412.0, 0.004], [90412.1, 0.003], [90412.3, 0.119], [90412.5, 0.002], [90412.6, 0.007], [90413.2, 0.007], [90413.3, 0.003], [90413.4, 0.111], [90413.5, 0.002]], "timestamp": "2025-12-13T10:13:14.650332+00:00"}, {"symbol": "BTCUSDT", "bids": [[90430.9, 9.535], [90430.8, 0.281], [90430.7, 0.002], [90430.6, 0.519], [90430.4, 0.005], [90429.9, 0.003], [90429.8, 0.002], [90429.6, 0.111], [90429.5, 0.01], [90429.4, 0.003], [90429.3, 0.27], [90429.1, 0.012], [90428.9, 1.0], [90428.8, 0.115], [90428.7, 0.005], [90428.6, 0.002], [90428.5, 0.007], [90428.4, 0.003], [90428.3, 0.012], [90428.2, 0.003]], "asks": [[90431.0, 2.377], [90431.1, 0.756], [90431.2, 1.599], [90431.3, 0.004], [90431.5, 0.005], [90431.6, 0.03], [90431.7, 0.029], [90431.9, 0.004], [90432.0, 0.13], [90432.5, 0.003], [90432.6, 0.002], [90432.7, 0.028], [90432.9, 0.111], [90433.0, 0.003], [90433.1, 0.013], [90433.3, 0.003], [90433.5, 0.003], [90433.6, 0.111], [90433.8, 0.046], [90434.0, 0.018]], "timestamp": "2025-12-13T10:14:09.350915+00:00"}, {"symbol": "BTCUSDT", "bids": [[90442.6, 14.948], [90442.5, 0.468], [90442.4, 0.918], [90441.9, 0.003], [90441.5, 0.005], [90441.4, 0.003], [90441.2, 0.014], [90441.0, 0.037], [90440.9, 0.114], [90440.6, 0.002], [90440.5, 0.002], [90440.4, 0.006], [90440.3, 0.002], [90440.0, 0.103], [90439.9, 0.354], [90439.7, 0.002], [90439.6, 0.006], [90439.5, 0.003], [90439.4, 0.008], [90439.3, 0.003]], "asks": [[90442.7, 4.301], [90442.8, 0.011], [90442.9, 0.02], [90443.0, 0.003], [90443.5, 0.027], [90443.6, 0.023], [90444.0, 0.003], [90444.4, 0.017], [90444.5, 0.026], [90444.8, 0.011], [90445.0, 0.008], [90445.1, 0.007], [90445.4, 0.003], [90445.5, 0.031], [90445.6, 0.002], [90445.9, 0.002], [90446.0, 0.006], [90446.2, 0.002], [90446.4, 0.061], [90446.5, 0.042]], "timestamp": "2025-12-13T10:15:03.281192+00:00"}, {"symbol": "BTCUSDT", "bids": [[90454.0, 3.939], [90453.9, 0.177], [90453.8, 0.2], [90453.6, 0.021], [90453.5, 0.006], [90453.3, 0.002], [90453.0, 0.069], [90452.9, 0.005], [90452.8, 0.003], [90452.7, 0.027], [90452.6, 0.109], [90452.4, 0.005], [90452.3, 0.077], [90451.9, 0.003], [90451.8, 0.005], [90451.5, 0.002], [90451.4, 0.003], [90451.3, 0.002], [90451.2, 0.002], [90451.0, 0.012]], "asks": [[90454.1, 5.882], [90454.2, 0.012], [90454.4, 0.005], [90454.5, 0.01], [90454.6, 0.116], [90454.8, 0.525], [90454.9, 0.251], [90455.0, 0.003], [90455.1, 0.008], [90455.2, 0.01], [90455.3, 2.094], [90455.4, 0.142], [90455.5, 0.003], [90455.6, 0.002], [90455.7, 0.002], [90455.9, 0.012], [90456.0, 0.003], [90456.1, 0.112], [90456.3, 0.114], [90456.5, 0.005]], "timestamp": "2025-12-13T10:15:56.935469+00:00"}, {"symbol": "BTCUSDT", "bids": [[90449.2, 15.947], [90449.1, 0.435], [90449.0, 1.075], [90448.9, 0.002], [90448.8, 0.002], [90448.4, 0.002], [90448.2, 0.141], [90447.9, 0.007], [90447.8, 0.042], [90447.7, 0.291], [90447.6, 0.005], [90447.5, 0.007], [90447.4, 0.159], [90447.3, 0.003], [90447.2, 0.015], [90447.0, 0.003], [90446.9, 0.003], [90446.8, 0.003], [90446.7, 0.005], [90446.6, 0.003]], "asks": [[90449.3, 2.057], [90449.4, 0.006], [90449.8, 0.003], [90450.0, 0.004], [90450.3, 0.003], [90450.5, 0.003], [90450.6, 0.002], [90450.9, 0.003], [90451.1, 0.003], [90451.2, 0.005], [90451.4, 0.003], [90451.6, 0.002], [90451.7, 0.003], [90452.0, 0.002], [90452.1, 0.004], [90452.3, 0.006], [90452.4, 0.003], [90452.5, 0.002], [90452.9, 0.005], [90453.1, 0.003]], "timestamp": "2025-12-13T10:16:50.905722+00:00"}, {"symbol": "BTCUSDT", "bids": [[90435.0, 6.957], [90434.9, 0.007], [90434.8, 0.003], [90434.7, 0.003], [90434.6, 0.003], [90434.4, 0.003], [90434.3, 0.07], [90434.0, 0.003], [90433.9, 0.237], [90433.8, 0.01], [90433.7, 0.003], [90433.6, 0.003], [90433.5, 0.003], [90433.4, 0.002], [90433.3, 0.003], [90433.1, 0.002], [90433.0, 0.012], [90432.9, 0.077], [90432.8, 0.039], [90432.5, 0.002]], "asks": [[90435.1, 8.49], [90435.2, 0.007], [90435.8, 0.003], [90436.0, 0.014], [90436.2, 0.002], [90436.3, 0.002], [90436.5, 0.002], [90436.6, 0.092], [90436.8, 0.114], [90436.9, 0.002], [90437.2, 0.007], [90437.5, 0.004], [90437.6, 0.113], [90437.7, 0.052], [90437.8, 0.002], [90438.0, 0.002], [90438.1, 0.012], [90438.2, 0.006], [90438.3, 0.055], [90438.4, 0.002]], "timestamp": "2025-12-13T10:17:44.665658+00:00"}, {"symbol": "BTCUSDT", "bids": [[90439.5, 21.533], [90439.4, 0.08], [90439.0, 0.052], [90438.9, 0.027], [90438.8, 0.002], [90438.7, 0.003], [90438.6, 0.005], [90438.5, 0.002], [90438.2, 0.564], [90438.1, 0.421], [90437.8, 0.221], [90437.7, 1.937], [90437.6, 0.369], [90437.5, 0.005], [90437.4, 0.203], [90437.3, 0.006], [90437.2, 0.005], [90437.1, 0.003], [90437.0, 0.005], [90436.9, 0.003]], "asks": [[90439.6, 0.015], [90439.7, 0.005], [90439.8, 0.002], [90440.0, 0.002], [90440.1, 0.006], [90440.2, 0.002], [90440.5, 0.002], [90440.6, 0.003], [90441.0, 0.059], [90441.1, 0.005], [90441.2, 0.006], [90441.4, 0.002], [90441.6, 0.003], [90441.8, 0.005], [90441.9, 0.002], [90442.4, 0.006], [90442.5, 0.045], [90442.7, 0.003], [90442.8, 0.002], [90443.0, 0.003]], "timestamp": "2025-12-13T10:18:38.835993+00:00"}, {"symbol": "BTCUSDT", "bids": [[90459.3, 8.353], [90459.2, 0.531], [90459.1, 0.326], [90459.0, 0.204], [90458.9, 0.015], [90458.8, 0.003], [90458.7, 0.008], [90458.4, 0.113], [90458.2, 0.018], [90458.1, 0.013], [90457.9, 0.005], [90457.8, 0.003], [90457.7, 0.114], [90457.6, 0.003], [90457.5, 0.116], [90457.3, 0.002], [90457.1, 0.003], [90456.9, 0.002], [90456.8, 0.128], [90456.6, 0.002]], "asks": [[90459.4, 6.07], [90459.5, 0.015], [90459.6, 0.017], [90459.8, 0.008], [90459.9, 0.324], [90460.0, 0.117], [90460.3, 0.054], [90460.4, 0.004], [90460.5, 0.01], [90460.8, 1.802], [90460.9, 0.002], [90461.0, 0.005], [90461.1, 0.004], [90461.2, 0.003], [90461.5, 0.014], [90461.6, 0.013], [90461.7, 0.035], [90461.9, 0.004], [90462.0, 0.003], [90462.2, 0.012]], "timestamp": "2025-12-13T10:19:33.146697+00:00"}, {"symbol": "BTCUSDT", "bids": [[90459.7, 12.064], [90459.6, 0.239], [90459.5, 0.325], [90459.4, 0.394], [90459.3, 0.01], [90459.2, 0.036], [90459.0, 0.077], [90458.9, 0.16], [90458.8, 0.078], [90458.7, 0.004], [90458.5, 0.828], [90458.4, 0.002], [90458.3, 0.005], [90458.2, 0.003], [90458.0, 0.029], [90457.9, 0.003], [90457.8, 0.002], [90457.7, 0.014], [90457.6, 0.003], [90457.5, 0.002]], "asks": [[90459.8, 6.757], [90459.9, 0.012], [90460.4, 0.002], [90460.6, 1.008], [90460.8, 0.004], [90461.0, 0.002], [90461.4, 0.123], [90461.8, 0.003], [90462.0, 2.326], [90462.1, 0.005], [90462.3, 0.114], [90462.4, 0.01], [90462.8, 0.005], [90462.9, 1.815], [90463.0, 0.117], [90463.1, 0.035], [90463.2, 0.005], [90463.3, 0.01], [90463.4, 0.014], [90463.5, 0.056]], "timestamp": "2025-12-13T10:20:27.489594+00:00"}, {"symbol": "BTCUSDT", "bids": [[90483.2, 16.119], [90483.1, 0.008], [90483.0, 0.002], [90482.9, 0.011], [90482.8, 7.36], [90482.6, 0.247], [90482.5, 0.181], [90482.4, 0.004], [90482.0, 0.228], [90481.9, 0.793], [90481.7, 0.219], [90481.6, 0.2], [90481.5, 0.016], [90481.4, 0.311], [90481.3, 0.002], [90481.2, 0.004], [90480.9, 0.078], [90480.7, 0.002], [90480.6, 0.022], [90480.5, 0.014]], "asks": [[90483.3, 0.113], [90483.4, 1.795], [90483.5, 0.005], [90483.6, 0.003], [90483.8, 0.002], [90483.9, 0.011], [90484.0, 0.003], [90484.2, 0.002], [90484.3, 0.003], [90484.4, 0.005], [90484.5, 0.03], [90484.6, 0.005], [90484.8, 0.002], [90485.0, 0.005], [90485.1, 0.003], [90485.3, 0.007], [90485.5, 0.003], [90485.6, 0.013], [90485.7, 0.002], [90485.8, 0.022]], "timestamp": "2025-12-13T10:21:21.551934+00:00"}, {"symbol": "BTCUSDT", "bids": [[90478.7, 17.491], [90478.6, 0.266], [90478.5, 0.006], [90478.1, 0.114], [90478.0, 0.002], [90477.5, 0.236], [90477.4, 0.003], [90477.2, 0.111], [90477.0, 0.004], [90476.9, 0.018], [90476.6, 0.002], [90476.5, 0.075], [90476.4, 0.138], [90476.3, 0.002], [90476.2, 0.003], [90475.8, 0.004], [90475.7, 0.003], [90475.6, 0.003], [90475.5, 0.002], [90475.3, 0.831]], "asks": [[90478.8, 4.184], [90478.9, 0.004], [90479.0, 0.005], [90479.1, 0.002], [90479.2, 0.002], [90479.3, 0.002], [90479.5, 0.003], [90479.6, 0.018], [90479.7, 0.076], [90480.0, 0.005], [90480.2, 0.004], [90480.4, 0.017], [90481.0, 0.033], [90481.1, 0.003], [90481.2, 0.005], [90481.5, 0.004], [90481.7, 0.003], [90481.8, 0.002], [90482.0, 0.006], [90482.2, 0.003]], "timestamp": "2025-12-13T10:22:16.233889+00:00"}, {"symbol": "BTCUSDT", "bids": [[90444.9, 4.016], [90444.8, 0.207], [90444.7, 0.003], [90444.6, 0.203], [90444.5, 0.003], [90444.3, 0.003], [90444.2, 0.005], [90443.9, 0.002], [90443.8, 0.012], [90443.7, 0.058], [90443.5, 0.004], [90443.3, 0.002], [90443.2, 0.003], [90443.0, 0.118], [90442.9, 0.063], [90442.8, 0.008], [90442.7, 0.003], [90442.5, 0.003], [90442.2, 0.111], [90442.1, 0.002]], "asks": [[90445.0, 7.691], [90445.1, 0.008], [90445.4, 0.003], [90445.5, 0.057], [90445.6, 0.004], [90446.0, 0.002], [90446.1, 0.003], [90446.3, 0.18], [90446.4, 0.111], [90446.6, 0.002], [90446.7, 0.045], [90446.9, 0.002], [90447.1, 0.113], [90447.2, 0.005], [90447.3, 0.003], [90447.5, 0.004], [90447.6, 0.01], [90447.8, 0.116], [90448.1, 0.003], [90448.2, 0.011]], "timestamp": "2025-12-13T10:23:10.323917+00:00"}, {"symbol": "BTCUSDT", "bids": [[90449.7, 12.213], [90449.6, 0.119], [90449.5, 0.283], [90449.4, 0.311], [90449.3, 0.023], [90449.2, 0.2], [90449.0, 0.002], [90448.8, 0.002], [90448.7, 0.008], [90448.6, 0.007], [90448.5, 0.002], [90448.4, 0.14], [90448.3, 0.221], [90448.2, 0.005], [90448.1, 0.077], [90448.0, 0.003], [90447.9, 0.002], [90447.8, 0.007], [90447.7, 0.072], [90447.6, 0.113]], "asks": [[90449.8, 0.093], [90449.9, 0.035], [90450.0, 0.028], [90450.2, 0.008], [90450.3, 0.003], [90450.4, 0.002], [90450.5, 0.002], [90451.0, 0.002], [90451.1, 0.005], [90451.2, 0.002], [90451.4, 0.003], [90451.7, 0.002], [90451.8, 0.003], [90452.0, 0.002], [90452.1, 0.003], [90452.3, 0.003], [90452.4, 0.002], [90452.5, 0.003], [90452.8, 0.003], [90452.9, 0.058]], "timestamp": "2025-12-13T10:24:04.679891+00:00"}, {"symbol": "BTCUSDT", "bids": [[90457.5, 1.929], [90457.4, 0.004], [90457.0, 0.014], [90456.9, 0.005], [90456.6, 0.002], [90456.5, 0.058], [90455.9, 0.003], [90455.6, 0.004], [90455.4, 0.207], [90455.3, 0.003], [90455.1, 0.008], [90455.0, 0.681], [90454.9, 0.219], [90454.8, 0.202], [90454.7, 0.002], [90454.6, 0.002], [90454.5, 0.009], [90454.4, 0.012], [90454.2, 0.002], [90454.1, 0.01]], "asks": [[90457.6, 9.502], [90457.7, 0.006], [90457.9, 0.012], [90458.0, 0.054], [90458.1, 0.009], [90458.3, 0.111], [90458.7, 0.012], [90458.8, 0.315], [90458.9, 0.036], [90459.0, 0.039], [90459.1, 0.111], [90459.2, 0.002], [90459.3, 0.003], [90459.4, 0.002], [90459.6, 0.016], [90459.7, 0.003], [90459.9, 0.003], [90460.0, 0.004], [90460.1, 0.113], [90460.2, 0.006]], "timestamp": "2025-12-13T10:24:59.350554+00:00"}, {"symbol": "BTCUSDT", "bids": [[90450.4, 7.129], [90450.3, 0.123], [90450.2, 0.2], [90450.0, 0.053], [90449.9, 0.006], [90449.8, 0.057], [90449.7, 0.004], [90449.6, 0.221], [90449.4, 0.12], [90449.1, 0.003], [90449.0, 0.012], [90448.7, 0.017], [90448.6, 0.013], [90448.5, 0.831], [90448.4, 0.113], [90448.3, 0.005], [90448.2, 0.003], [90447.9, 0.004], [90447.8, 0.005], [90447.7, 0.114]], "asks": [[90450.5, 15.317], [90450.6, 0.008], [90450.7, 0.002], [90451.0, 0.002], [90451.1, 0.003], [90451.4, 0.002], [90451.7, 0.039], [90451.8, 0.003], [90452.0, 0.002], [90452.3, 0.005], [90452.4, 0.002], [90452.8, 0.006], [90452.9, 0.002], [90453.0, 0.005], [90453.4, 0.014], [90453.6, 0.003], [90453.8, 0.003], [90454.0, 0.002], [90454.3, 0.114], [90454.5, 0.127]], "timestamp": "2025-12-13T10:25:53.567378+00:00"}, {"symbol": "BTCUSDT", "bids": [[90465.1, 15.628], [90465.0, 1.329], [90464.9, 0.014], [90464.8, 0.2], [90464.4, 0.096], [90464.3, 0.002], [90464.2, 0.116], [90464.1, 0.007], [90463.9, 0.003], [90463.8, 0.089], [90463.6, 0.693], [90463.5, 0.07], [90463.3, 0.111], [90463.2, 0.002], [90463.1, 0.014], [90463.0, 0.005], [90462.9, 0.002], [90462.8, 0.003], [90462.6, 0.003], [90462.5, 0.996]], "asks": [[90465.2, 2.621], [90465.3, 0.004], [90465.6, 0.003], [90465.8, 0.002], [90465.9, 0.006], [90466.0, 0.052], [90466.1, 0.003], [90466.4, 0.012], [90466.7, 0.002], [90466.9, 0.003], [90467.0, 0.004], [90467.1, 0.002], [90467.3, 0.111], [90467.4, 0.006], [90467.5, 0.002], [90467.8, 0.033], [90467.9, 0.002], [90468.0, 0.008], [90468.1, 0.118], [90468.2, 0.003]], "timestamp": "2025-12-13T10:26:48.109311+00:00"}, {"symbol": "BTCUSDT", "bids": [[90479.4, 4.551], [90479.3, 0.01], [90479.2, 0.2], [90479.1, 0.003], [90478.5, 0.002], [90478.2, 0.005], [90477.7, 0.003], [90477.5, 0.242], [90477.3, 0.004], [90477.2, 0.006], [90477.1, 0.138], [90477.0, 0.004], [90476.7, 0.354], [90476.5, 0.003], [90476.4, 0.008], [90476.3, 0.003], [90476.2, 0.002], [90476.0, 0.003], [90475.9, 0.003], [90475.8, 0.002]], "asks": [[90479.5, 8.538], [90479.6, 0.006], [90479.9, 0.003], [90480.4, 0.003], [90480.6, 0.066], [90480.8, 0.002], [90481.0, 0.023], [90481.2, 0.005], [90481.3, 0.003], [90481.5, 0.026], [90481.7, 0.008], [90482.0, 0.017], [90482.2, 0.01], [90482.3, 0.012], [90482.4, 0.163], [90482.5, 0.005], [90482.6, 0.002], [90482.7, 0.003], [90483.1, 0.118], [90483.2, 0.833]], "timestamp": "2025-12-13T10:27:42.355838+00:00"}, {"symbol": "BTCUSDT", "bids": [[90465.0, 16.756], [90464.9, 0.008], [90464.8, 0.202], [90464.5, 0.003], [90464.2, 0.125], [90464.1, 0.002], [90464.0, 0.005], [90463.8, 0.288], [90463.7, 0.012], [90463.5, 0.005], [90463.1, 0.005], [90463.0, 0.003], [90462.9, 0.002], [90462.8, 0.003], [90462.4, 0.005], [90462.0, 0.005], [90461.9, 0.006], [90461.8, 0.996], [90461.6, 0.066], [90461.2, 0.54]], "asks": [[90465.1, 7.988], [90465.2, 0.004], [90465.5, 0.016], [90465.7, 0.003], [90465.8, 0.002], [90466.1, 0.003], [90466.2, 0.003], [90466.4, 0.002], [90466.7, 0.003], [90466.9, 0.017], [90467.0, 0.006], [90467.1, 0.002], [90467.2, 0.013], [90467.3, 0.002], [90467.6, 0.002], [90467.7, 0.003], [90467.8, 0.012], [90467.9, 0.003], [90468.0, 0.302], [90468.2, 0.002]], "timestamp": "2025-12-13T10:28:36.347304+00:00"}, {"symbol": "BTCUSDT", "bids": [[90459.0, 3.258], [90458.9, 0.006], [90458.8, 0.005], [90458.7, 0.035], [90458.4, 0.005], [90458.3, 0.005], [90458.0, 0.002], [90457.8, 0.003], [90457.7, 0.006], [90457.6, 0.054], [90457.5, 0.002], [90457.4, 0.202], [90457.2, 0.223], [90457.1, 0.003], [90456.9, 0.004], [90456.8, 0.002], [90456.7, 0.003], [90456.6, 0.125], [90456.5, 0.005], [90456.4, 0.048]], "asks": [[90459.1, 18.696], [90459.2, 0.044], [90459.3, 0.004], [90459.4, 0.123], [90459.5, 0.004], [90459.6, 0.002], [90460.1, 0.002], [90460.4, 0.059], [90460.6, 0.1], [90460.7, 0.285], [90460.8, 0.011], [90461.0, 0.113], [90461.1, 0.008], [90461.2, 0.004], [90461.3, 0.007], [90461.4, 0.003], [90461.6, 0.003], [90461.7, 0.003], [90461.8, 0.165], [90461.9, 0.002]], "timestamp": "2025-12-13T10:29:29.698654+00:00"}, {"symbol": "BTCUSDT", "bids": [[90459.0, 6.789], [90458.9, 0.018], [90458.8, 0.75], [90458.7, 0.002], [90458.6, 0.002], [90458.5, 0.111], [90458.3, 0.017], [90458.2, 0.038], [90458.0, 0.004], [90457.8, 0.003], [90457.7, 0.117], [90457.6, 0.056], [90457.5, 0.002], [90457.4, 0.002], [90457.3, 0.828], [90457.2, 0.023], [90457.1, 0.003], [90456.9, 0.004], [90456.8, 0.004], [90456.7, 0.114]], "asks": [[90459.1, 7.831], [90459.2, 0.006], [90459.3, 0.002], [90459.5, 0.002], [90459.7, 0.096], [90459.9, 0.111], [90460.1, 0.002], [90460.3, 0.003], [90460.4, 0.002], [90460.6, 0.117], [90460.7, 0.002], [90460.8, 0.033], [90461.0, 0.002], [90461.2, 0.003], [90461.3, 0.005], [90461.4, 0.003], [90461.6, 0.123], [90461.7, 0.003], [90461.9, 0.002], [90462.2, 0.008]], "timestamp": "2025-12-13T10:30:24.187280+00:00"}, {"symbol": "BTCUSDT", "bids": [[90459.0, 3.803], [90458.9, 0.006], [90458.8, 0.208], [90458.7, 0.017], [90458.4, 0.033], [90458.3, 0.005], [90458.2, 0.005], [90458.0, 0.004], [90457.8, 0.003], [90457.7, 0.047], [90457.5, 0.002], [90457.4, 0.002], [90457.2, 0.023], [90457.1, 0.199], [90457.0, 0.006], [90456.9, 0.004], [90456.8, 0.004], [90456.7, 0.003], [90456.6, 0.06], [90456.5, 0.003]], "asks": [[90459.1, 8.213], [90459.2, 0.008], [90459.3, 0.007], [90459.5, 0.911], [90459.6, 0.114], [90459.7, 0.005], [90459.9, 0.033], [90460.1, 0.002], [90460.3, 0.114], [90460.4, 0.005], [90460.6, 0.051], [90460.7, 0.002], [90461.0, 0.002], [90461.2, 0.126], [90461.3, 0.007], [90461.7, 0.003], [90461.9, 0.007], [90462.0, 2.451], [90462.1, 0.004], [90462.2, 0.008]], "timestamp": "2025-12-13T10:31:20.189541+00:00"}, {"symbol": "BTCUSDT", "bids": [[90459.0, 7.577], [90458.9, 0.029], [90458.8, 0.118], [90458.7, 0.015], [90458.4, 0.338], [90458.3, 0.005], [90458.2, 0.005], [90458.0, 0.115], [90457.9, 0.063], [90457.8, 0.094], [90457.7, 0.129], [90457.6, 0.2], [90457.5, 0.998], [90457.4, 0.202], [90457.3, 0.08], [90457.2, 0.023], [90457.1, 0.003], [90457.0, 0.008], [90456.9, 0.004], [90456.8, 0.004]], "asks": [[90459.1, 3.82], [90459.2, 0.039], [90459.3, 0.014], [90459.4, 0.003], [90459.5, 0.002], [90459.6, 0.003], [90460.1, 0.002], [90460.3, 0.003], [90460.4, 0.003], [90460.6, 0.051], [90460.7, 0.002], [90460.8, 0.055], [90461.0, 0.002], [90461.2, 0.003], [90461.3, 0.007], [90461.6, 0.012], [90461.7, 0.003], [90461.9, 0.007], [90462.2, 0.006], [90462.5, 0.003]], "timestamp": "2025-12-13T10:32:14.465153+00:00"}, {"symbol": "BTCUSDT", "bids": [[90474.2, 9.67], [90474.1, 0.006], [90474.0, 0.202], [90473.9, 0.996], [90473.8, 0.115], [90473.7, 0.005], [90473.6, 0.002], [90473.5, 0.798], [90473.4, 0.033], [90473.3, 0.055], [90473.1, 0.002], [90473.0, 0.003], [90472.8, 0.004], [90472.7, 0.012], [90472.6, 0.111], [90472.5, 0.002], [90472.3, 0.141], [90472.2, 0.004], [90471.9, 0.002], [90471.8, 0.111]], "asks": [[90474.3, 4.502], [90474.4, 0.004], [90474.5, 0.006], [90474.8, 0.007], [90475.0, 0.004], [90475.3, 0.025], [90475.4, 0.004], [90475.7, 0.002], [90475.8, 0.003], [90476.3, 0.009], [90476.4, 0.002], [90476.8, 0.003], [90476.9, 0.003], [90477.0, 0.006], [90477.1, 0.164], [90477.2, 0.004], [90477.3, 0.003], [90477.4, 0.002], [90477.5, 0.113], [90477.6, 0.002]], "timestamp": "2025-12-13T10:33:09.042405+00:00"}, {"symbol": "BTCUSDT", "bids": [[90509.9, 13.677], [90509.8, 0.008], [90509.7, 0.002], [90509.4, 0.003], [90509.2, 0.164], [90508.9, 0.002], [90508.8, 0.003], [90508.6, 0.002], [90508.5, 0.284], [90508.3, 0.003], [90508.1, 0.433], [90508.0, 0.002], [90507.8, 0.003], [90507.7, 0.017], [90507.2, 0.005], [90507.0, 0.077], [90506.9, 0.004], [90506.8, 0.003], [90506.7, 0.008], [90506.6, 0.055]], "asks": [[90510.0, 5.632], [90510.1, 0.002], [90510.4, 0.116], [90510.5, 0.003], [90511.0, 0.122], [90511.1, 0.016], [90511.2, 0.132], [90511.3, 0.002], [90511.4, 0.111], [90511.5, 0.003], [90511.7, 0.56], [90511.8, 0.003], [90511.9, 0.021], [90512.0, 0.003], [90512.1, 0.003], [90512.2, 0.114], [90512.3, 0.006], [90512.4, 0.021], [90512.5, 0.008], [90512.6, 0.002]], "timestamp": "2025-12-13T10:34:03.014055+00:00"}, {"symbol": "BTCUSDT", "bids": [[90502.6, 8.483], [90502.5, 0.069], [90501.9, 0.003], [90501.8, 0.012], [90501.7, 0.002], [90501.2, 0.003], [90501.1, 0.002], [90500.7, 0.003], [90500.4, 0.003], [90500.2, 0.005], [90500.0, 0.005], [90499.6, 0.002], [90499.5, 0.005], [90499.3, 0.005], [90499.2, 0.111], [90498.8, 0.002], [90498.6, 0.008], [90498.1, 0.6], [90498.0, 2.148], [90497.9, 0.539]], "asks": [[90502.7, 7.962], [90502.8, 0.125], [90503.0, 0.111], [90503.1, 0.055], [90503.2, 0.145], [90503.7, 0.005], [90503.8, 0.202], [90503.9, 0.113], [90504.0, 0.018], [90504.2, 0.006], [90504.3, 0.003], [90504.4, 0.006], [90504.6, 0.049], [90504.9, 0.136], [90505.0, 0.004], [90505.2, 0.005], [90505.4, 0.01], [90505.5, 0.002], [90505.7, 0.111], [90505.9, 0.002]], "timestamp": "2025-12-13T10:34:57.502834+00:00"}, {"symbol": "BTCUSDT", "bids": [[90516.7, 9.775], [90516.6, 0.018], [90516.5, 0.098], [90516.4, 0.005], [90516.1, 0.023], [90515.9, 0.003], [90515.6, 0.002], [90515.5, 0.115], [90515.3, 0.408], [90515.2, 0.024], [90515.1, 0.003], [90514.8, 0.113], [90514.6, 0.02], [90514.5, 0.003], [90514.4, 0.8], [90514.3, 0.004], [90514.1, 0.114], [90514.0, 0.424], [90513.9, 0.948], [90513.8, 0.204]], "asks": [[90516.8, 1.753], [90516.9, 0.004], [90517.1, 0.002], [90517.2, 0.004], [90517.3, 0.008], [90517.4, 0.002], [90517.5, 0.013], [90517.7, 0.002], [90517.8, 0.002], [90517.9, 0.002], [90518.0, 0.11], [90518.3, 0.006], [90518.4, 0.068], [90518.5, 0.924], [90518.6, 0.004], [90518.9, 0.024], [90519.0, 0.031], [90519.1, 0.005], [90519.5, 0.006], [90519.7, 0.003]], "timestamp": "2025-12-13T10:35:52.080567+00:00"}, {"symbol": "BTCUSDT", "bids": [[90504.9, 2.394], [90504.8, 0.143], [90504.7, 0.019], [90504.4, 0.007], [90504.2, 0.003], [90504.0, 0.006], [90503.9, 0.002], [90503.5, 0.002], [90503.4, 0.006], [90503.3, 0.025], [90503.1, 0.053], [90502.9, 0.002], [90502.8, 0.003], [90502.6, 0.006], [90502.5, 0.003], [90502.4, 0.002], [90502.2, 0.002], [90501.9, 0.003], [90501.8, 0.082], [90501.7, 0.009]], "asks": [[90505.0, 7.84], [90505.1, 0.061], [90505.4, 0.033], [90505.5, 0.113], [90505.9, 0.012], [90506.1, 0.008], [90506.2, 0.033], [90506.4, 0.121], [90506.5, 0.333], [90507.0, 0.002], [90507.2, 0.007], [90507.3, 0.008], [90507.5, 0.166], [90507.6, 0.002], [90507.9, 0.002], [90508.0, 0.164], [90508.1, 0.04], [90508.2, 0.005], [90508.3, 0.002], [90508.5, 0.002]], "timestamp": "2025-12-13T10:36:46.850438+00:00"}, {"symbol": "BTCUSDT", "bids": [[90507.3, 1.985], [90507.2, 0.208], [90507.1, 0.015], [90507.0, 0.205], [90506.5, 0.011], [90506.3, 0.003], [90506.2, 0.007], [90506.1, 0.008], [90506.0, 0.005], [90505.6, 0.007], [90505.5, 0.013], [90505.3, 0.005], [90505.0, 0.072], [90504.9, 0.067], [90504.8, 0.141], [90504.7, 0.002], [90504.6, 0.003], [90504.4, 0.004], [90504.2, 0.003], [90504.0, 0.021]], "asks": [[90507.4, 14.577], [90507.5, 0.011], [90507.6, 0.099], [90507.7, 0.006], [90507.9, 0.002], [90508.2, 0.002], [90508.4, 0.042], [90508.5, 0.014], [90508.8, 0.002], [90509.0, 0.288], [90509.1, 0.002], [90509.2, 0.293], [90509.3, 0.002], [90509.4, 0.437], [90509.5, 0.002], [90509.6, 0.003], [90510.0, 0.006], [90510.3, 0.058], [90510.5, 0.015], [90510.6, 0.002]], "timestamp": "2025-12-13T10:37:40.712549+00:00"}, {"symbol": "BTCUSDT", "bids": [[90554.9, 13.743], [90554.8, 0.412], [90554.7, 0.269], [90554.6, 0.2], [90554.5, 0.004], [90554.4, 0.109], [90554.3, 0.002], [90554.2, 0.003], [90554.0, 0.009], [90553.6, 0.12], [90553.5, 0.007], [90553.4, 0.002], [90553.1, 0.005], [90553.0, 0.141], [90552.9, 0.111], [90552.6, 0.005], [90552.5, 0.005], [90552.2, 0.126], [90552.0, 0.004], [90551.7, 0.005]], "asks": [[90555.0, 3.224], [90555.1, 0.006], [90555.4, 0.002], [90555.5, 0.153], [90555.7, 0.002], [90555.9, 0.109], [90556.0, 0.394], [90556.1, 0.062], [90556.2, 0.003], [90556.5, 0.003], [90556.6, 0.002], [90556.7, 0.044], [90556.8, 0.011], [90556.9, 0.002], [90557.0, 0.006], [90557.2, 0.028], [90557.3, 0.114], [90557.4, 0.009], [90557.5, 0.005], [90557.6, 0.002]], "timestamp": "2025-12-13T10:38:34.844681+00:00"}, {"symbol": "BTCUSDT", "bids": [[90553.5, 2.723], [90553.4, 0.208], [90553.2, 0.203], [90553.0, 0.003], [90552.7, 0.003], [90552.6, 0.055], [90552.5, 0.002], [90552.4, 0.003], [90552.2, 0.005], [90552.0, 0.002], [90551.7, 0.008], [90551.6, 0.038], [90551.3, 0.282], [90551.2, 0.007], [90550.7, 0.005], [90550.5, 0.011], [90550.3, 0.011], [90550.2, 0.003], [90550.1, 0.161], [90550.0, 0.178]], "asks": [[90553.6, 15.351], [90553.7, 0.008], [90553.8, 0.002], [90554.1, 0.027], [90554.2, 0.002], [90554.8, 0.002], [90555.1, 0.399], [90555.2, 0.003], [90555.3, 0.28], [90555.5, 0.008], [90555.7, 0.002], [90555.8, 0.46], [90555.9, 0.002], [90556.0, 0.002], [90556.2, 0.012], [90556.6, 0.003], [90556.7, 0.003], [90557.5, 0.002], [90557.6, 0.006], [90557.8, 0.002]], "timestamp": "2025-12-13T10:39:28.745958+00:00"}, {"symbol": "BTCUSDT", "bids": [[90564.7, 3.952], [90564.6, 0.209], [90564.4, 0.2], [90564.3, 0.027], [90564.2, 0.014], [90564.0, 0.007], [90563.9, 0.003], [90563.8, 0.005], [90563.6, 0.012], [90563.3, 0.019], [90563.0, 0.002], [90562.9, 0.042], [90562.8, 0.005], [90562.7, 0.033], [90562.6, 0.042], [90562.5, 0.062], [90562.4, 0.002], [90562.3, 0.003], [90562.2, 0.003], [90562.1, 0.002]], "asks": [[90564.8, 16.896], [90564.9, 0.858], [90565.0, 0.004], [90565.1, 0.113], [90565.6, 0.012], [90566.0, 0.115], [90566.5, 0.002], [90566.7, 0.002], [90566.8, 0.002], [90566.9, 0.685], [90567.0, 1.608], [90567.1, 0.011], [90567.2, 0.024], [90567.5, 0.006], [90567.6, 0.004], [90567.7, 0.123], [90567.8, 0.002], [90568.0, 0.064], [90568.1, 0.01], [90568.4, 0.015]], "timestamp": "2025-12-13T10:40:22.610139+00:00"}, {"symbol": "BTCUSDT", "bids": [[90566.8, 16.81], [90566.7, 0.131], [90566.3, 0.003], [90566.0, 0.004], [90565.8, 0.111], [90565.7, 0.003], [90565.2, 0.003], [90565.1, 0.035], [90565.0, 0.737], [90564.9, 1.002], [90564.8, 1.542], [90564.7, 0.464], [90564.6, 0.22], [90564.5, 0.006], [90564.4, 0.2], [90564.2, 0.026], [90564.1, 0.006], [90563.8, 0.006], [90563.7, 0.114], [90563.6, 0.005]], "asks": [[90566.9, 2.989], [90567.0, 0.424], [90567.1, 0.008], [90567.2, 0.023], [90567.5, 0.012], [90567.6, 0.004], [90567.8, 0.008], [90568.0, 0.061], [90568.1, 0.004], [90568.3, 0.033], [90568.4, 0.012], [90568.5, 0.003], [90568.7, 0.008], [90568.8, 0.002], [90569.0, 0.039], [90569.1, 0.003], [90569.2, 0.011], [90569.3, 0.002], [90569.5, 0.019], [90569.6, 0.006]], "timestamp": "2025-12-13T10:41:16.370108+00:00"}, {"symbol": "BTCUSDT", "bids": [[90582.7, 5.841], [90582.6, 0.206], [90582.5, 0.056], [90582.4, 0.215], [90582.3, 0.027], [90582.2, 0.003], [90582.0, 0.055], [90581.9, 0.005], [90581.7, 0.133], [90581.4, 0.002], [90581.2, 0.01], [90581.1, 0.05], [90581.0, 0.003], [90580.8, 0.111], [90580.7, 0.003], [90580.5, 0.004], [90580.3, 0.002], [90580.1, 0.017], [90580.0, 0.468], [90579.9, 0.212]], "asks": [[90582.8, 6.382], [90582.9, 0.034], [90583.0, 0.013], [90583.1, 0.004], [90583.2, 0.105], [90583.4, 0.003], [90583.5, 0.011], [90583.7, 0.016], [90583.8, 0.01], [90584.0, 0.164], [90584.1, 0.007], [90584.2, 0.014], [90584.3, 0.142], [90584.4, 0.039], [90584.5, 0.017], [90584.6, 0.004], [90584.7, 0.111], [90584.8, 0.016], [90584.9, 0.002], [90585.0, 0.023]], "timestamp": "2025-12-13T10:42:09.932115+00:00"}, {"symbol": "BTCUSDT", "bids": [[90598.8, 2.638], [90598.7, 0.002], [90598.6, 0.2], [90598.5, 0.018], [90598.4, 0.013], [90597.7, 0.003], [90597.6, 0.098], [90597.5, 0.034], [90597.3, 0.002], [90597.2, 0.003], [90597.0, 0.002], [90596.7, 0.002], [90596.6, 0.058], [90596.4, 0.005], [90596.1, 0.003], [90595.9, 0.003], [90595.8, 0.027], [90595.7, 0.002], [90595.5, 0.002], [90595.4, 0.003]], "asks": [[90598.9, 11.716], [90599.0, 6.82], [90599.1, 0.004], [90599.4, 0.008], [90599.5, 0.114], [90599.6, 0.004], [90599.7, 0.002], [90599.8, 1.105], [90599.9, 4.641], [90600.0, 29.753], [90600.1, 0.018], [90600.2, 0.002], [90600.3, 0.015], [90600.4, 0.042], [90600.5, 0.003], [90600.7, 0.002], [90600.8, 0.115], [90600.9, 0.007], [90601.0, 0.005], [90601.2, 0.003]], "timestamp": "2025-12-13T10:43:03.584204+00:00"}, {"symbol": "BTCUSDT", "bids": [[90555.0, 5.163], [90554.9, 0.004], [90554.8, 0.202], [90554.7, 0.002], [90554.6, 0.003], [90554.5, 0.005], [90554.3, 0.002], [90554.1, 0.003], [90554.0, 0.007], [90553.6, 1.002], [90553.5, 0.01], [90553.4, 0.004], [90553.2, 0.006], [90553.1, 0.113], [90553.0, 0.003], [90552.8, 0.002], [90552.7, 0.006], [90552.6, 0.018], [90552.3, 0.015], [90552.2, 0.005]], "asks": [[90555.1, 6.385], [90555.2, 0.006], [90555.3, 0.055], [90555.4, 0.097], [90555.5, 0.111], [90555.7, 0.033], [90556.0, 0.002], [90556.2, 0.023], [90556.6, 0.002], [90556.7, 0.088], [90556.8, 0.111], [90556.9, 0.002], [90557.0, 0.002], [90557.1, 0.022], [90557.3, 0.003], [90557.5, 0.002], [90557.6, 0.002], [90557.7, 0.111], [90557.8, 0.002], [90558.0, 0.134]], "timestamp": "2025-12-13T10:43:57.958991+00:00"}, {"symbol": "BTCUSDT", "bids": [[90555.9, 17.19], [90555.8, 0.108], [90555.7, 0.02], [90555.4, 0.563], [90555.3, 1.0], [90555.2, 1.113], [90555.1, 0.94], [90555.0, 0.089], [90554.9, 0.003], [90554.8, 0.004], [90554.5, 0.036], [90554.4, 0.017], [90554.3, 0.113], [90554.0, 0.017], [90553.8, 0.008], [90553.7, 0.003], [90553.6, 0.002], [90553.5, 0.12], [90553.4, 0.003], [90553.1, 0.168]], "asks": [[90556.0, 5.882], [90556.1, 0.006], [90556.3, 0.15], [90556.9, 0.002], [90557.1, 0.002], [90557.2, 0.004], [90557.5, 0.135], [90557.7, 0.006], [90557.8, 0.002], [90558.0, 0.004], [90558.2, 0.117], [90558.3, 0.003], [90558.4, 0.054], [90558.7, 0.002], [90559.0, 0.082], [90559.1, 0.111], [90559.2, 0.005], [90559.3, 0.005], [90559.4, 0.042], [90559.6, 0.002]], "timestamp": "2025-12-13T10:44:53.050602+00:00"}, {"symbol": "BTCUSDT", "bids": [[90528.9, 12.331], [90528.8, 0.176], [90528.6, 0.005], [90528.4, 0.016], [90528.3, 0.033], [90528.2, 0.002], [90528.1, 0.361], [90527.5, 0.003], [90527.4, 0.012], [90527.0, 0.149], [90526.8, 0.002], [90526.7, 0.003], [90526.5, 0.007], [90526.3, 0.828], [90526.2, 0.447], [90526.1, 0.111], [90526.0, 0.005], [90525.8, 0.003], [90525.6, 0.009], [90525.5, 0.003]], "asks": [[90529.0, 6.216], [90529.1, 0.009], [90529.2, 0.003], [90529.3, 0.003], [90529.4, 0.003], [90529.5, 0.006], [90529.6, 0.005], [90529.7, 0.003], [90529.8, 0.003], [90529.9, 0.005], [90530.0, 0.003], [90530.1, 0.003], [90530.3, 0.005], [90530.4, 0.002], [90530.5, 0.005], [90530.8, 0.008], [90531.0, 0.016], [90531.2, 0.006], [90531.3, 0.006], [90531.4, 0.007]], "timestamp": "2025-12-13T10:45:47.743412+00:00"}, {"symbol": "BTCUSDT", "bids": [[90536.0, 16.687], [90535.9, 0.009], [90535.8, 0.005], [90535.5, 0.002], [90535.4, 0.003], [90535.2, 0.002], [90534.9, 0.003], [90534.5, 0.012], [90534.4, 0.003], [90534.2, 0.002], [90534.0, 0.286], [90533.9, 1.241], [90533.8, 0.438], [90533.7, 0.008], [90533.6, 0.271], [90533.3, 0.003], [90533.1, 0.007], [90532.9, 0.005], [90532.4, 0.009], [90532.3, 0.012]], "asks": [[90536.1, 5.861], [90536.2, 0.019], [90536.3, 0.585], [90536.4, 1.664], [90536.5, 0.113], [90537.0, 0.002], [90537.1, 0.002], [90537.3, 0.003], [90537.5, 0.115], [90537.7, 0.002], [90537.8, 0.003], [90538.0, 0.002], [90538.2, 0.012], [90538.3, 0.114], [90538.6, 0.002], [90538.7, 0.039], [90538.8, 0.003], [90538.9, 0.002], [90539.0, 1.783], [90539.1, 0.199]], "timestamp": "2025-12-13T10:46:41.874400+00:00"}, {"symbol": "BTCUSDT", "bids": [[90536.0, 10.958], [90535.9, 0.081], [90535.7, 0.002], [90535.5, 0.343], [90535.4, 0.113], [90535.2, 0.135], [90535.1, 0.024], [90534.9, 0.014], [90534.8, 0.012], [90534.7, 0.005], [90534.6, 0.058], [90534.5, 0.012], [90534.4, 0.114], [90534.2, 0.002], [90534.0, 0.002], [90533.9, 0.828], [90533.8, 0.244], [90533.7, 0.003], [90533.6, 0.016], [90533.4, 0.113]], "asks": [[90536.1, 5.157], [90536.2, 0.006], [90536.3, 0.105], [90536.7, 0.006], [90537.0, 0.002], [90537.1, 0.002], [90537.3, 0.008], [90537.5, 0.002], [90537.6, 0.005], [90537.7, 0.002], [90537.8, 0.003], [90538.0, 0.002], [90538.3, 0.111], [90538.4, 0.012], [90538.6, 0.002], [90538.7, 0.003], [90538.8, 0.003], [90538.9, 0.002], [90539.0, 0.111], [90539.1, 0.003]], "timestamp": "2025-12-13T10:47:36.278318+00:00"}, {"symbol": "BTCUSDT", "bids": [[90558.2, 0.347], [90558.1, 0.002], [90558.0, 0.204], [90557.9, 0.002], [90557.6, 0.006], [90557.1, 0.062], [90557.0, 0.004], [90556.7, 0.002], [90556.6, 0.003], [90555.9, 0.003], [90555.8, 0.002], [90555.6, 0.003], [90555.5, 0.002], [90555.4, 0.003], [90555.3, 0.033], [90555.2, 0.004], [90555.1, 0.16], [90555.0, 0.002], [90554.9, 0.01], [90554.8, 0.002]], "asks": [[90558.3, 18.181], [90558.4, 0.061], [90558.5, 0.009], [90558.7, 0.002], [90558.8, 0.138], [90558.9, 0.788], [90559.0, 2.551], [90559.1, 0.002], [90559.5, 0.114], [90559.6, 0.002], [90559.8, 0.016], [90559.9, 0.028], [90560.0, 0.019], [90560.3, 0.111], [90560.4, 0.002], [90560.6, 0.003], [90560.7, 0.022], [90560.8, 0.003], [90560.9, 0.012], [90561.1, 0.111]], "timestamp": "2025-12-13T10:48:31.165651+00:00"}, {"symbol": "BTCUSDT", "bids": [[90534.4, 2.951], [90534.3, 0.009], [90534.2, 0.208], [90533.8, 0.029], [90533.7, 0.003], [90533.6, 0.002], [90533.3, 0.005], [90533.1, 0.003], [90533.0, 0.004], [90532.9, 0.002], [90532.6, 0.005], [90532.4, 0.007], [90532.2, 0.003], [90532.1, 0.008], [90531.9, 0.003], [90531.8, 0.013], [90531.6, 0.168], [90531.5, 0.007], [90531.4, 0.002], [90531.2, 0.003]], "asks": [[90534.5, 18.755], [90534.6, 0.216], [90534.7, 0.002], [90534.8, 0.002], [90535.0, 0.005], [90535.2, 0.002], [90535.3, 0.133], [90535.5, 0.002], [90535.8, 0.053], [90535.9, 0.002], [90536.0, 0.006], [90536.1, 0.04], [90536.2, 0.002], [90536.4, 0.166], [90536.8, 0.003], [90537.1, 0.082], [90537.2, 0.002], [90537.4, 0.163], [90537.6, 0.003], [90537.9, 0.003]], "timestamp": "2025-12-13T10:49:24.662895+00:00"}, {"symbol": "BTCUSDT", "bids": [[90545.0, 3.577], [90544.9, 0.006], [90544.8, 0.2], [90544.5, 0.027], [90544.4, 0.016], [90544.1, 0.002], [90544.0, 0.114], [90543.6, 0.055], [90543.5, 0.005], [90543.3, 0.111], [90543.2, 0.002], [90543.0, 0.003], [90542.8, 0.003], [90542.6, 0.035], [90542.5, 0.114], [90542.0, 0.005], [90541.9, 0.003], [90541.8, 0.122], [90541.3, 0.003], [90541.0, 0.007]], "asks": [[90545.1, 9.848], [90545.2, 0.006], [90545.4, 0.005], [90545.9, 0.003], [90546.0, 0.085], [90546.1, 0.002], [90546.2, 0.012], [90546.3, 0.114], [90546.4, 0.007], [90546.7, 0.15], [90546.8, 0.033], [90546.9, 0.008], [90547.0, 0.002], [90547.1, 0.009], [90547.4, 0.002], [90547.6, 0.116], [90547.7, 0.005], [90547.9, 0.002], [90548.0, 0.002], [90548.1, 0.012]], "timestamp": "2025-12-13T10:50:18.381226+00:00"}