[{"id": "3011875656", "price": 90174.8, "amount": 0.043, "side": "sell", "timestamp": 1765669346150}, {"id": "3011875657", "price": 90174.8, "amount": 0.019, "side": "sell", "timestamp": 1765669347445}, {"id": "3011875658", "price": 90174.7, "amount": 0.02, "side": "sell", "timestamp": 1765669347974}, {"id": "3011875659", "price": 90174.7, "amount": 0.07, "side": "sell", "timestamp": 1765669348096}, {"id": "3011875660", "price": 90174.6, "amount": 0.004, "side": "sell", "timestamp": 1765669348104}, {"id": "3011875661", "price": 90174.3, "amount": 0.003, "side": "sell", "timestamp": 1765669348104}, {"id": "3011875662", "price": 90174.0, "amount": 0.002, "side": "sell", "timestamp": 1765669348104}, {"id": "3011875663", "price": 90173.8, "amount": 0.003, "side": "sell", "timestamp": 1765669348104}, {"id": "3011875664", "price": 90173.6, "amount": 0.034, "side": "sell", "timestamp": 1765669348104}, {"id": "3011875665", "price": 90173.3, "amount": 0.003, "side": "sell", "timestamp": 1765669348104}, {"id": "3011875666", "price": 90172.8, "amount": 0.003, "side": "sell", "timestamp": 1765669348104}, {"id": "3011875667", "price": 90172.7, "amount": 0.023, "side": "sell", "timestamp": 1765669348104}, {"id": "3011875668", "price": 90172.5, "amount": 0.039, "side": "sell", "timestamp": 1765669348104}, {"id": "3011875669", "price": 90172.3, "amount": 0.003, "side": "sell", "timestamp": 1765669348104}, {"id": "3011875670", "price": 90172.2, "amount": 0.043, "side": "sell", "timestamp": 1765669348104}, {"id": "3011875671", "price": 90172.0, "amount": 0.005, "side": "sell", "timestamp": 1765669348135}, {"id": "3011875672", "price": 90172.0, "amount": 0.147, "side": "sell", "timestamp": 1765669348419}, {"id": "3011875673", "price": 90172.1, "amount": 0.015, "side": "buy", "timestamp": 1765669348630}, {"id": "3011875674", "price": 90172.0, "amount": 0.004, "side": "sell", "timestamp": 1765669350102}, {"id": "3011875675", "price": 90172.0, "amount": 0.007, "side": "sell", "timestamp": 1765669351866}, {"id": "3011875676", "price": 90172.0, "amount": 0.039, "side": "sell", "timestamp": 1765669352577}, {"id": "3011875677", "price": 90172.0, "amount": 0.022, "side": "sell", "timestamp": 1765669353414}, {"id": "3011875678", "price": 90172.1, "amount": 0.004, "side": "buy", "timestamp": 1765669354090}, {"id": "3011875679", "price": 90172.1, "amount": 0.109, "side": "buy", "timestamp": 1765669354394}, {"id": "3011875680", "price": 90172.1, "amount": 0.02, "side": "buy", "timestamp": 1765669355121}, {"id": "3011875681", "price": 90172.1, "amount": 0.003, "side": "buy", "timestamp": 1765669355908}, {"id": "3011875682", "price": 90172.0, "amount": 0.015, "side": "sell", "timestamp": 1765669355948}, {"id": "3011875683", "price": 90171.9, "amount": 0.015, "side": "sell", "timestamp": 1765669355950}, {"id": "3011875684", "price": 90172.0, "amount": 0.175, "side": "buy", "timestamp": 1765669356114}, {"id": "3011875685", "price": 90171.9, "amount": 0.002, "side": "sell", "timestamp": 1765669356132}, {"id": "3011875686", "price": 90172.0, "amount": 0.007, "side": "buy", "timestamp": 1765669356777}, {"id": "3011875687", "price": 90171.9, "amount": 0.006, "side": "sell", "timestamp": 1765669356844}, {"id": "3011875688", "price": 90171.9, "amount": 0.159, "side": "sell", "timestamp": 1765669356999}, {"id": "3011875689", "price": 90172.0, "amount": 0.044, "side": "buy", "timestamp": 1765669357263}, {"id": "3011875690", "price": 90171.9, "amount": 0.008, "side": "sell", "timestamp": 1765669358884}, {"id": "3011875691", "price": 90171.9, "amount": 0.02, "side": "sell", "timestamp": 1765669359009}, {"id": "3011875692", "price": 90172.0, "amount": 0.002, "side": "buy", "timestamp": 1765669359766}, {"id": "3011875693", "price": 90171.9, "amount": 0.211, "side": "sell", "timestamp": 1765669359839}, {"id": "3011875694", "price": 90171.9, "amount": 0.002, "side": "sell", "timestamp": 1765669360031}, {"id": "3011875695", "price": 90171.9, "amount": 0.005, "side": "sell", "timestamp": 1765669361503}, {"id": "3011875696", "price": 90171.9, "amount": 0.251, "side": "sell", "timestamp": 1765669362130}, {"id": "3011875697", "price": 90171.9, "amount": 0.003, "side": "sell", "timestamp": 1765669362407}, {"id": "3011875698", "price": 90172.0, "amount": 0.026, "side": "buy", "timestamp": 1765669363261}, {"id": "3011875699", "price": 90171.9, "amount": 0.002, "side": "sell", "timestamp": 1765669363974}, {"id": "3011875700", "price": 90172.0, "amount": 0.1, "side": "buy", "timestamp": 1765669364405}, {"id": "3011875701", "price": 90171.9, "amount": 0.005, "side": "sell", "timestamp": 1765669365824}, {"id": "3011875702", "price": 90171.9, "amount": 0.053, "side": "sell", "timestamp": 1765669367396}, {"id": "3011875703", "price": 90171.9, "amount": 0.026, "side": "sell", "timestamp": 1765669367812}, {"id": "3011875704", "price": 90172.0, "amount": 0.004, "side": "buy", "timestamp": 1765669367911}, {"id": "3011875705", "price": 90171.9, "amount": 0.002, "side": "sell", "timestamp": 1765669368022}, {"id": "3011875782", "price": 90181.6, "amount": 0.003, "side": "buy", "timestamp": 1765669383354}, {"id": "3011875783", "price": 90181.7, "amount": 0.033, "side": "buy", "timestamp": 1765669383354}, {"id": "3011875784", "price": 90181.8, "amount": 0.005, "side": "buy", "timestamp": 1765669383354}, {"id": "3011875785", "price": 90182.0, "amount": 0.002, "side": "buy", "timestamp": 1765669383354}, {"id": "3011875786", "price": 90182.1, "amount": 0.005, "side": "buy", "timestamp": 1765669383354}, {"id": "3011875787", "price": 90182.3, "amount": 0.022, "side": "buy", "timestamp": 1765669383945}, {"id": "3011875788", "price": 90182.2, "amount": 0.021, "side": "sell", "timestamp": 1765669384956}, {"id": "3011875789", "price": 90182.2, "amount": 0.002, "side": "sell", "timestamp": 1765669386135}, {"id": "3011875790", "price": 90182.2, "amount": 0.431, "side": "sell", "timestamp": 1765669387119}, {"id": "3011875791", "price": 90182.3, "amount": 0.109, "side": "buy", "timestamp": 1765669387382}, {"id": "3011875792", "price": 90182.3, "amount": 0.6, "side": "buy", "timestamp": 1765669388190}, {"id": "3011875793", "price": 90182.3, "amount": 0.13, "side": "buy", "timestamp": 1765669388681}, {"id": "3011875794", "price": 90182.3, "amount": 0.002, "side": "buy", "timestamp": 1765669389602}, {"id": "3011875795", "price": 90182.2, "amount": 0.002, "side": "sell", "timestamp": 1765669390182}, {"id": "3011875796", "price": 90182.2, "amount": 0.002, "side": "sell", "timestamp": 1765669391612}, {"id": "3011875797", "price": 90182.3, "amount": 0.003, "side": "buy", "timestamp": 1765669391685}, {"id": "3011875798", "price": 90182.2, "amount": 0.002, "side": "sell", "timestamp": 1765669392177}, {"id": "3011875799", "price": 90182.3, "amount": 0.003, "side": "buy", "timestamp": 1765669392359}, {"id": "3011875800", "price": 90182.2, "amount": 0.068, "side": "sell", "timestamp": 1765669393461}, {"id": "3011875801", "price": 90182.3, "amount": 0.022, "side": "buy", "timestamp": 1765669394373}, {"id": "3011875802", "price": 90182.3, "amount": 0.011, "side": "buy", "timestamp": 1765669394497}, {"id": "3011875803", "price": 90182.3, "amount": 0.002, "side": "buy", "timestamp": 1765669394930}, {"id": "3011875804", "price": 90182.2, "amount": 0.027, "side": "sell", "timestamp": 1765669395064}, {"id": "3011875805", "price": 90182.2, "amount": 0.014, "side": "sell", "timestamp": 1765669396894}, {"id": "3011875806", "price": 90182.2, "amount": 0.002, "side": "sell", "timestamp": 1765669398013}, {"id": "3011875807", "price": 90182.3, "amount": 0.257, "side": "buy", "timestamp": 1765669398178}, {"id": "3011875808", "price": 90182.3, "amount": 0.003, "side": "buy", "timestamp": 1765669399848}, {"id": "3011875809", "price": 90182.2, "amount": 0.038, "side": "sell", "timestamp": 1765669400071}, {"id": "3011875810", "price": 90182.3, "amount": 0.003, "side": "buy", "timestamp": 1765669401613}, {"id": "3011875811", "price": 90182.3, "amount": 0.001, "side": "buy", "timestamp": 1765669403194}, {"id": "3011875812", "price": 90182.3, "amount": 0.221, "side": "buy", "timestamp": 1765669403550}, {"id": "3011875813", "price": 90182.2, "amount": 0.002, "side": "sell", "timestamp": 1765669404044}, {"id": "3011875814", "price": 90182.2, "amount": 0.004, "side": "sell", "timestamp": 1765669404832}, {"id": "3011875815", "price": 90182.3, "amount": 0.066, "side": "buy", "timestamp": 1765669406450}, {"id": "3011875816", "price": 90182.3, "amount": 0.023, "side": "buy", "timestamp": 1765669407900}, {"id": "3011875817", "price": 90182.2, "amount": 0.002, "side": "sell", "timestamp": 1765669410077}, {"id": "3011875818", "price": 90182.3, "amount": 0.008, "side": "buy", "timestamp": 1765669410490}, {"id": "3011875819", "price": 90182.3, "amount": 0.004, "side": "buy", "timestamp": 1765669411269}, {"id": "3011875820", "price": 90182.2, "amount": 0.002, "side": "sell", "timestamp": 1765669411376}, {"id": "3011875821", "price": 90182.3, "amount": 0.004, "side": "buy", "timestamp": 1765669411824}, {"id": "3011875822", "price": 90182.2, "amount": 0.017, "side": "sell", "timestamp": 1765669412804}, {"id": "3011875823", "price": 90182.3, "amount": 0.014, "side": "buy", "timestamp": 1765669412985}, {"id": "3011875824", "price": 90182.2, "amount": 0.033, "side": "sell", "timestamp": 1765669413607}, {"id": "3011875825", "price": 90182.3, "amount": 0.032, "side": "buy", "timestamp": 1765669414988}, {"id": "3011875826", "price": 90182.2, "amount": 0.027, "side": "sell", "timestamp": 1765669417161}, {"id": "3011875827", "price": 90182.3, "amount": 1.0, "side": "buy", "timestamp": 1765669418088}, {"id": "3011875828", "price": 90182.3, "amount": 0.1, "side": "buy", "timestamp": 1765669419975}, {"id": "3011875829", "price": 90182.3, "amount": 0.011, "side": "buy", "timestamp": 1765669420415}, {"id": "3011875830", "price": 90182.3, "amount": 0.016, "side": "buy", "timestamp": 1765669421298}, {"id": "3011875831", "price": 90182.2, "amount": 0.005, "side": "sell", "timestamp": 1765669422136}, {"id": "3011875940", "price": 90200.1, "amount": 0.04, "side": "buy", "timestamp": 1765669444803}, {"id": "3011875941", "price": 90200.0, "amount": 0.002, "side": "sell", "timestamp": 1765669446474}, {"id": "3011875942", "price": 90200.1, "amount": 0.009, "side": "buy", "timestamp": 1765669449218}, {"id": "3011875943", "price": 90200.1, "amount": 0.04, "side": "buy", "timestamp": 1765669449571}, {"id": "3011875944", "price": 90200.0, "amount": 0.003, "side": "sell", "timestamp": 1765669449608}, {"id": "3011875945", "price": 90200.1, "amount": 0.006, "side": "buy", "timestamp": 1765669449892}, {"id": "3011875946", "price": 90200.1, "amount": 0.016, "side": "buy", "timestamp": 1765669451734}, {"id": "3011875947", "price": 90200.0, "amount": 2.391, "side": "sell", "timestamp": 1765669452622}, {"id": "3011875948", "price": 90200.0, "amount": 0.001, "side": "sell", "timestamp": 1765669452799}, {"id": "3011875949", "price": 90200.0, "amount": 0.011, "side": "sell", "timestamp": 1765669453182}, {"id": "3011875950", "price": 90200.1, "amount": 0.002, "side": "buy", "timestamp": 1765669453985}, {"id": "3011875951", "price": 90200.1, "amount": 0.04, "side": "buy", "timestamp": 1765669454258}, {"id": "3011875952", "price": 90200.1, "amount": 0.005, "side": "buy", "timestamp": 1765669454715}, {"id": "3011875953", "price": 90200.0, "amount": 0.013, "side": "sell", "timestamp": 1765669455767}, {"id": "3011875954", "price": 90200.0, "amount": 0.028, "side": "sell", "timestamp": 1765669456423}, {"id": "3011875955", "price": 90200.1, "amount": 0.003, "side": "buy", "timestamp": 1765669457212}, {"id": "3011875956", "price": 90200.1, "amount": 0.003, "side": "buy", "timestamp": 1765669457631}, {"id": "3011875957", "price": 90200.1, "amount": 0.026, "side": "buy", "timestamp": 1765669457745}, {"id": "3011875958", "price": 90200.1, "amount": 0.002, "side": "buy", "timestamp": 1765669458272}, {"id": "3011875959", "price": 90200.0, "amount": 0.05, "side": "sell", "timestamp": 1765669458420}, {"id": "3011875960", "price": 90200.1, "amount": 0.04, "side": "buy", "timestamp": 1765669458677}, {"id": "3011875961", "price": 90200.0, "amount": 0.006, "side": "sell", "timestamp": 1765669458888}, {"id": "3011875962", "price": 90200.0, "amount": 0.002, "side": "sell", "timestamp": 1765669459628}, {"id": "3011875963", "price": 90200.0, "amount": 0.03, "side": "sell", "timestamp": 1765669460016}, {"id": "3011875964", "price": 90200.1, "amount": 0.006, "side": "buy", "timestamp": 1765669460063}, {"id": "3011875965", "price": 90200.0, "amount": 0.046, "side": "sell", "timestamp": 1765669460689}, {"id": "3011875966", "price": 90200.0, "amount": 0.027, "side": "sell", "timestamp": 1765669461088}, {"id": "3011875967", "price": 90200.1, "amount": 0.012, "side": "buy", "timestamp": 1765669461726}, {"id": "3011875968", "price": 90200.1, "amount": 0.005, "side": "buy", "timestamp": 1765669461869}, {"id": "3011875969", "price": 90200.1, "amount": 0.004, "side": "buy", "timestamp": 1765669462221}, {"id": "3011875970", "price": 90200.0, "amount": 0.208, "side": "sell", "timestamp": 1765669462524}, {"id": "3011875971", "price": 90200.1, "amount": 0.003, "side": "buy", "timestamp": 1765669462785}, {"id": "3011875972", "price": 90200.1, "amount": 0.04, "side": "buy", "timestamp": 1765669463734}, {"id": "3011875973", "price": 90200.1, "amount": 0.033, "side": "buy", "timestamp": 1765669464259}, {"id": "3011875974", "price": 90200.0, "amount": 0.006, "side": "sell", "timestamp": 1765669464849}, {"id": "3011875975", "price": 90200.1, "amount": 0.003, "side": "buy", "timestamp": 1765669466525}, {"id": "3011875976", "price": 90200.0, "amount": 0.106, "side": "sell", "timestamp": 1765669467494}, {"id": "3011875977", "price": 90200.1, "amount": 0.033, "side": "buy", "timestamp": 1765669467496}, {"id": "3011875978", "price": 90200.0, "amount": 0.046, "side": "sell", "timestamp": 1765669467787}, {"id": "3011875979", "price": 90200.0, "amount": 0.044, "side": "sell", "timestamp": 1765669468499}, {"id": "3011875980", "price": 90200.0, "amount": 0.061, "side": "sell", "timestamp": 1765669469328}, {"id": "3011875981", "price": 90200.0, "amount": 0.002, "side": "sell", "timestamp": 1765669470421}, {"id": "3011875982", "price": 90200.1, "amount": 0.033, "side": "buy", "timestamp": 1765669472095}, {"id": "3011875983", "price": 90200.1, "amount": 0.002, "side": "buy", "timestamp": 1765669474149}, {"id": "3011875984", "price": 90200.1, "amount": 0.024, "side": "buy", "timestamp": 1765669474880}, {"id": "3011875985", "price": 90200.1, "amount": 0.409, "side": "buy", "timestamp": 1765669475299}, {"id": "3011875986", "price": 90200.2, "amount": 0.017, "side": "buy", "timestamp": 1765669475299}, {"id": "3011875987", "price": 90200.7, "amount": 0.016, "side": "buy", "timestamp": 1765669475383}, {"id": "3011875988", "price": 90200.7, "amount": 0.006, "side": "buy", "timestamp": 1765669475599}, {"id": "3011875989", "price": 90200.7, "amount": 0.002, "side": "buy", "timestamp": 1765669475716}, {"id": "3011876166", "price": 90208.5, "amount": 0.002, "side": "buy", "timestamp": 1765669527454}, {"id": "3011876167", "price": 90208.7, "amount": 0.078, "side": "buy", "timestamp": 1765669527495}, {"id": "3011876168", "price": 90208.7, "amount": 0.002, "side": "buy", "timestamp": 1765669527663}, {"id": "3011876169", "price": 90208.6, "amount": 0.242, "side": "sell", "timestamp": 1765669527952}, {"id": "3011876170", "price": 90208.5, "amount": 0.024, "side": "sell", "timestamp": 1765669527969}, {"id": "3011876171", "price": 90208.4, "amount": 0.005, "side": "sell", "timestamp": 1765669527969}, {"id": "3011876172", "price": 90207.9, "amount": 0.003, "side": "sell", "timestamp": 1765669527970}, {"id": "3011876173", "price": 90207.3, "amount": 0.003, "side": "sell", "timestamp": 1765669527973}, {"id": "3011876174", "price": 90207.0, "amount": 0.004, "side": "sell", "timestamp": 1765669527973}, {"id": "3011876175", "price": 90206.8, "amount": 0.003, "side": "sell", "timestamp": 1765669527973}, {"id": "3011876176", "price": 90206.7, "amount": 0.002, "side": "sell", "timestamp": 1765669527973}, {"id": "3011876177", "price": 90206.4, "amount": 0.003, "side": "sell", "timestamp": 1765669527979}, {"id": "3011876178", "price": 90206.3, "amount": 0.003, "side": "sell", "timestamp": 1765669527979}, {"id": "3011876179", "price": 90206.0, "amount": 0.034, "side": "sell", "timestamp": 1765669528080}, {"id": "3011876180", "price": 90205.9, "amount": 0.004, "side": "sell", "timestamp": 1765669528082}, {"id": "3011876181", "price": 90205.6, "amount": 0.008, "side": "sell", "timestamp": 1765669528082}, {"id": "3011876182", "price": 90205.0, "amount": 0.003, "side": "sell", "timestamp": 1765669528082}, {"id": "3011876183", "price": 90204.5, "amount": 0.003, "side": "sell", "timestamp": 1765669528082}, {"id": "3011876184", "price": 90204.1, "amount": 0.006, "side": "sell", "timestamp": 1765669528085}, {"id": "3011876185", "price": 90204.0, "amount": 0.003, "side": "sell", "timestamp": 1765669528087}, {"id": "3011876186", "price": 90203.8, "amount": 0.003, "side": "sell", "timestamp": 1765669528087}, {"id": "3011876187", "price": 90203.4, "amount": 0.003, "side": "sell", "timestamp": 1765669528087}, {"id": "3011876188", "price": 90202.7, "amount": 0.003, "side": "sell", "timestamp": 1765669528087}, {"id": "3011876189", "price": 90202.7, "amount": 0.002, "side": "buy", "timestamp": 1765669528089}, {"id": "3011876190", "price": 90202.6, "amount": 0.049, "side": "sell", "timestamp": 1765669528090}, {"id": "3011876191", "price": 90202.6, "amount": 0.006, "side": "sell", "timestamp": 1765669528244}, {"id": "3011876192", "price": 90202.5, "amount": 0.007, "side": "sell", "timestamp": 1765669528244}, {"id": "3011876193", "price": 90202.0, "amount": 0.005, "side": "sell", "timestamp": 1765669528246}, {"id": "3011876194", "price": 90201.7, "amount": 0.022, "side": "buy", "timestamp": 1765669528312}, {"id": "3011876195", "price": 90201.6, "amount": 0.492, "side": "sell", "timestamp": 1765669528373}, {"id": "3011876196", "price": 90201.5, "amount": 0.004, "side": "sell", "timestamp": 1765669528377}, {"id": "3011876197", "price": 90201.4, "amount": 0.006, "side": "sell", "timestamp": 1765669528377}, {"id": "3011876198", "price": 90200.8, "amount": 0.002, "side": "sell", "timestamp": 1765669528377}, {"id": "3011876199", "price": 90200.7, "amount": 0.006, "side": "sell", "timestamp": 1765669528377}, {"id": "3011876200", "price": 90200.6, "amount": 0.625, "side": "sell", "timestamp": 1765669528377}, {"id": "3011876201", "price": 90200.5, "amount": 0.013, "side": "sell", "timestamp": 1765669528377}, {"id": "3011876202", "price": 90200.1, "amount": 0.071, "side": "sell", "timestamp": 1765669528387}, {"id": "3011876203", "price": 90200.0, "amount": 0.002, "side": "sell", "timestamp": 1765669528387}, {"id": "3011876204", "price": 90199.6, "amount": 0.003, "side": "sell", "timestamp": 1765669528390}, {"id": "3011876205", "price": 90199.2, "amount": 0.007, "side": "sell", "timestamp": 1765669528390}, {"id": "3011876206", "price": 90199.0, "amount": 0.003, "side": "sell", "timestamp": 1765669528390}, {"id": "3011876207", "price": 90198.9, "amount": 0.002, "side": "sell", "timestamp": 1765669528390}, {"id": "3011876208", "price": 90198.5, "amount": 0.006, "side": "sell", "timestamp": 1765669528394}, {"id": "3011876209", "price": 90198.4, "amount": 0.003, "side": "sell", "timestamp": 1765669528397}, {"id": "3011876210", "price": 90198.1, "amount": 0.006, "side": "sell", "timestamp": 1765669528397}, {"id": "3011876211", "price": 90198.0, "amount": 0.004, "side": "sell", "timestamp": 1765669528397}, {"id": "3011876212", "price": 90197.9, "amount": 0.041, "side": "sell", "timestamp": 1765669528400}, {"id": "3011876213", "price": 90197.9, "amount": 0.002, "side": "sell", "timestamp": 1765669528802}, {"id": "3011876214", "price": 90198.0, "amount": 0.052, "side": "buy", "timestamp": 1765669529236}, {"id": "3011876215", "price": 90197.9, "amount": 0.002, "side": "sell", "timestamp": 1765669529360}, {"id": "3011876416", "price": 90226.1, "amount": 0.002, "side": "buy", "timestamp": 1765669577983}, {"id": "3011876417", "price": 90226.3, "amount": 0.003, "side": "buy", "timestamp": 1765669577983}, {"id": "3011876418", "price": 90226.4, "amount": 0.003, "side": "buy", "timestamp": 1765669577983}, {"id": "3011876419", "price": 90226.5, "amount": 0.005, "side": "buy", "timestamp": 1765669577983}, {"id": "3011876420", "price": 90226.6, "amount": 0.018, "side": "buy", "timestamp": 1765669577983}, {"id": "3011876421", "price": 90226.8, "amount": 0.002, "side": "buy", "timestamp": 1765669577983}, {"id": "3011876422", "price": 90226.9, "amount": 0.003, "side": "buy", "timestamp": 1765669577983}, {"id": "3011876423", "price": 90227.0, "amount": 0.938, "side": "buy", "timestamp": 1765669578697}, {"id": "3011876424", "price": 90227.0, "amount": 0.076, "side": "buy", "timestamp": 1765669578827}, {"id": "3011876425", "price": 90227.0, "amount": 0.03, "side": "buy", "timestamp": 1765669578981}, {"id": "3011876426", "price": 90227.0, "amount": 0.011, "side": "buy", "timestamp": 1765669579453}, {"id": "3011876427", "price": 90227.0, "amount": 0.049, "side": "buy", "timestamp": 1765669579583}, {"id": "3011876428", "price": 90226.9, "amount": 0.005, "side": "sell", "timestamp": 1765669579614}, {"id": "3011876429", "price": 90227.0, "amount": 0.501, "side": "buy", "timestamp": 1765669579800}, {"id": "3011876430", "price": 90227.0, "amount": 0.009, "side": "buy", "timestamp": 1765669579932}, {"id": "3011876431", "price": 90227.0, "amount": 0.33, "side": "buy", "timestamp": 1765669580038}, {"id": "3011876432", "price": 90227.0, "amount": 0.011, "side": "buy", "timestamp": 1765669580575}, {"id": "3011876433", "price": 90227.0, "amount": 0.287, "side": "buy", "timestamp": 1765669581147}, {"id": "3011876434", "price": 90227.1, "amount": 0.009, "side": "buy", "timestamp": 1765669581224}, {"id": "3011876435", "price": 90227.2, "amount": 0.012, "side": "buy", "timestamp": 1765669581227}, {"id": "3011876436", "price": 90227.4, "amount": 0.003, "side": "buy", "timestamp": 1765669581227}, {"id": "3011876437", "price": 90227.5, "amount": 0.03, "side": "buy", "timestamp": 1765669581227}, {"id": "3011876438", "price": 90227.6, "amount": 0.004, "side": "buy", "timestamp": 1765669581231}, {"id": "3011876439", "price": 90227.7, "amount": 0.012, "side": "buy", "timestamp": 1765669581231}, {"id": "3011876440", "price": 90227.9, "amount": 0.005, "side": "buy", "timestamp": 1765669581231}, {"id": "3011876441", "price": 90228.0, "amount": 0.004, "side": "buy", "timestamp": 1765669581231}, {"id": "3011876442", "price": 90228.2, "amount": 0.003, "side": "buy", "timestamp": 1765669581231}, {"id": "3011876443", "price": 90228.4, "amount": 0.006, "side": "buy", "timestamp": 1765669581231}, {"id": "3011876444", "price": 90228.5, "amount": 0.071, "side": "buy", "timestamp": 1765669581231}, {"id": "3011876445", "price": 90228.6, "amount": 0.02, "side": "buy", "timestamp": 1765669581235}, {"id": "3011876446", "price": 90228.8, "amount": 0.002, "side": "buy", "timestamp": 1765669581235}, {"id": "3011876447", "price": 90228.9, "amount": 0.003, "side": "buy", "timestamp": 1765669581235}, {"id": "3011876448", "price": 90229.0, "amount": 0.012, "side": "buy", "timestamp": 1765669581235}, {"id": "3011876449", "price": 90229.1, "amount": 0.003, "side": "buy", "timestamp": 1765669581235}, {"id": "3011876450", "price": 90229.4, "amount": 0.009, "side": "buy", "timestamp": 1765669581235}, {"id": "3011876451", "price": 90229.5, "amount": 0.002, "side": "buy", "timestamp": 1765669581235}, {"id": "3011876452", "price": 90229.9, "amount": 0.003, "side": "buy", "timestamp": 1765669581235}, {"id": "3011876453", "price": 90230.0, "amount": 0.098, "side": "buy", "timestamp": 1765669581235}, {"id": "3011876454", "price": 90230.3, "amount": 0.015, "side": "buy", "timestamp": 1765669581400}, {"id": "3011876455", "price": 90230.2, "amount": 0.011, "side": "sell", "timestamp": 1765669581411}, {"id": "3011876456", "price": 90230.3, "amount": 0.007, "side": "buy", "timestamp": 1765669581753}, {"id": "3011876457", "price": 90230.3, "amount": 0.489, "side": "buy", "timestamp": 1765669582032}, {"id": "3011876458", "price": 90230.2, "amount": 0.004, "side": "sell", "timestamp": 1765669582260}, {"id": "3011876459", "price": 90230.3, "amount": 1.582, "side": "buy", "timestamp": 1765669582553}, {"id": "3011876460", "price": 90230.3, "amount": 0.204, "side": "buy", "timestamp": 1765669582698}, {"id": "3011876461", "price": 90230.4, "amount": 0.008, "side": "buy", "timestamp": 1765669582698}, {"id": "3011876462", "price": 90230.5, "amount": 0.012, "side": "buy", "timestamp": 1765669582698}, {"id": "3011876463", "price": 90230.6, "amount": 0.002, "side": "buy", "timestamp": 1765669582698}, {"id": "3011876464", "price": 90230.7, "amount": 0.018, "side": "buy", "timestamp": 1765669582698}, {"id": "3011876465", "price": 90230.7, "amount": 0.084, "side": "sell", "timestamp": 1765669582776}, {"id": "3011876728", "price": 90242.4, "amount": 0.002, "side": "sell", "timestamp": 1765669625759}, {"id": "3011876729", "price": 90242.0, "amount": 0.053, "side": "sell", "timestamp": 1765669625759}, {"id": "3011876730", "price": 90241.9, "amount": 0.002, "side": "sell", "timestamp": 1765669625759}, {"id": "3011876731", "price": 90241.7, "amount": 0.003, "side": "sell", "timestamp": 1765669625759}, {"id": "3011876732", "price": 90241.5, "amount": 0.002, "side": "sell", "timestamp": 1765669625759}, {"id": "3011876733", "price": 90241.3, "amount": 0.002, "side": "sell", "timestamp": 1765669625759}, {"id": "3011876734", "price": 90241.2, "amount": 0.005, "side": "sell", "timestamp": 1765669625759}, {"id": "3011876735", "price": 90241.1, "amount": 0.005, "side": "sell", "timestamp": 1765669625759}, {"id": "3011876736", "price": 90240.6, "amount": 0.002, "side": "sell", "timestamp": 1765669625759}, {"id": "3011876737", "price": 90240.5, "amount": 0.003, "side": "sell", "timestamp": 1765669625759}, {"id": "3011876738", "price": 90240.4, "amount": 0.008, "side": "sell", "timestamp": 1765669625760}, {"id": "3011876739", "price": 90240.3, "amount": 0.005, "side": "sell", "timestamp": 1765669625760}, {"id": "3011876740", "price": 90240.1, "amount": 0.008, "side": "sell", "timestamp": 1765669625760}, {"id": "3011876741", "price": 90240.0, "amount": 0.015, "side": "sell", "timestamp": 1765669625970}, {"id": "3011876742", "price": 90239.9, "amount": 0.006, "side": "sell", "timestamp": 1765669625970}, {"id": "3011876743", "price": 90239.8, "amount": 0.003, "side": "sell", "timestamp": 1765669625970}, {"id": "3011876744", "price": 90239.7, "amount": 0.002, "side": "sell", "timestamp": 1765669625970}, {"id": "3011876745", "price": 90239.5, "amount": 0.002, "side": "sell", "timestamp": 1765669625970}, {"id": "3011876746", "price": 90239.2, "amount": 0.003, "side": "sell", "timestamp": 1765669625970}, {"id": "3011876747", "price": 90238.9, "amount": 0.002, "side": "sell", "timestamp": 1765669626143}, {"id": "3011876748", "price": 90239.0, "amount": 0.002, "side": "buy", "timestamp": 1765669626752}, {"id": "3011876749", "price": 90239.0, "amount": 0.006, "side": "buy", "timestamp": 1765669626870}, {"id": "3011876750", "price": 90239.0, "amount": 0.002, "side": "buy", "timestamp": 1765669627243}, {"id": "3011876751", "price": 90238.9, "amount": 0.005, "side": "sell", "timestamp": 1765669627385}, {"id": "3011876752", "price": 90238.9, "amount": 0.087, "side": "sell", "timestamp": 1765669628663}, {"id": "3011876753", "price": 90238.8, "amount": 0.004, "side": "sell", "timestamp": 1765669628663}, {"id": "3011876754", "price": 90238.7, "amount": 0.006, "side": "sell", "timestamp": 1765669628663}, {"id": "3011876755", "price": 90238.6, "amount": 0.008, "side": "sell", "timestamp": 1765669628663}, {"id": "3011876756", "price": 90238.5, "amount": 0.002, "side": "sell", "timestamp": 1765669628663}, {"id": "3011876757", "price": 90238.4, "amount": 0.006, "side": "sell", "timestamp": 1765669628663}, {"id": "3011876758", "price": 90238.2, "amount": 0.005, "side": "sell", "timestamp": 1765669628663}, {"id": "3011876759", "price": 90237.9, "amount": 0.011, "side": "sell", "timestamp": 1765669628663}, {"id": "3011876760", "price": 90237.7, "amount": 0.002, "side": "sell", "timestamp": 1765669628663}, {"id": "3011876761", "price": 90237.6, "amount": 0.005, "side": "sell", "timestamp": 1765669628663}, {"id": "3011876762", "price": 90237.1, "amount": 0.005, "side": "sell", "timestamp": 1765669629211}, {"id": "3011876763", "price": 90237.2, "amount": 0.003, "side": "buy", "timestamp": 1765669629316}, {"id": "3011876764", "price": 90237.1, "amount": 0.11, "side": "sell", "timestamp": 1765669629803}, {"id": "3011876765", "price": 90237.2, "amount": 0.003, "side": "buy", "timestamp": 1765669630091}, {"id": "3011876766", "price": 90237.2, "amount": 0.003, "side": "buy", "timestamp": 1765669630798}, {"id": "3011876767", "price": 90237.1, "amount": 0.277, "side": "sell", "timestamp": 1765669631133}, {"id": "3011876768", "price": 90237.2, "amount": 0.011, "side": "buy", "timestamp": 1765669632094}, {"id": "3011876769", "price": 90237.2, "amount": 0.008, "side": "buy", "timestamp": 1765669632801}, {"id": "3011876770", "price": 90237.2, "amount": 0.003, "side": "buy", "timestamp": 1765669632936}, {"id": "3011876771", "price": 90237.2, "amount": 0.006, "side": "buy", "timestamp": 1765669633163}, {"id": "3011876772", "price": 90237.1, "amount": 0.016, "side": "sell", "timestamp": 1765669633367}, {"id": "3011876773", "price": 90237.2, "amount": 0.005, "side": "buy", "timestamp": 1765669633911}, {"id": "3011876774", "price": 90237.1, "amount": 1.697, "side": "sell", "timestamp": 1765669634976}, {"id": "3011876775", "price": 90237.2, "amount": 0.003, "side": "buy", "timestamp": 1765669634991}, {"id": "3011876776", "price": 90237.1, "amount": 0.049, "side": "sell", "timestamp": 1765669635371}, {"id": "3011876777", "price": 90237.1, "amount": 0.004, "side": "sell", "timestamp": 1765669635589}, {"id": "3011877007", "price": 90210.3, "amount": 0.004, "side": "sell", "timestamp": 1765669669901}, {"id": "3011877008", "price": 90210.2, "amount": 0.026, "side": "sell", "timestamp": 1765669669901}, {"id": "3011877009", "price": 90210.1, "amount": 0.003, "side": "sell", "timestamp": 1765669669915}, {"id": "3011877010", "price": 90210.0, "amount": 0.004, "side": "sell", "timestamp": 1765669669915}, {"id": "3011877011", "price": 90209.9, "amount": 0.003, "side": "sell", "timestamp": 1765669669915}, {"id": "3011877012", "price": 90209.8, "amount": 0.003, "side": "sell", "timestamp": 1765669669915}, {"id": "3011877013", "price": 90209.5, "amount": 0.014, "side": "sell", "timestamp": 1765669669919}, {"id": "3011877014", "price": 90209.3, "amount": 0.002, "side": "sell", "timestamp": 1765669669922}, {"id": "3011877015", "price": 90209.2, "amount": 0.003, "side": "sell", "timestamp": 1765669669922}, {"id": "3011877016", "price": 90208.7, "amount": 0.003, "side": "sell", "timestamp": 1765669669922}, {"id": "3011877017", "price": 90208.2, "amount": 0.003, "side": "sell", "timestamp": 1765669669922}, {"id": "3011877018", "price": 90208.1, "amount": 0.003, "side": "sell", "timestamp": 1765669669922}, {"id": "3011877019", "price": 90208.0, "amount": 0.002, "side": "sell", "timestamp": 1765669669922}, {"id": "3011877020", "price": 90207.8, "amount": 0.036, "side": "sell", "timestamp": 1765669669925}, {"id": "3011877021", "price": 90207.6, "amount": 0.015, "side": "sell", "timestamp": 1765669669928}, {"id": "3011877022", "price": 90207.6, "amount": 0.004, "side": "sell", "timestamp": 1765669672545}, {"id": "3011877023", "price": 90207.6, "amount": 0.002, "side": "sell", "timestamp": 1765669673202}, {"id": "3011877024", "price": 90207.6, "amount": 0.004, "side": "sell", "timestamp": 1765669673511}, {"id": "3011877025", "price": 90207.6, "amount": 0.007, "side": "sell", "timestamp": 1765669673766}, {"id": "3011877026", "price": 90207.7, "amount": 0.001, "side": "buy", "timestamp": 1765669674250}, {"id": "3011877027", "price": 90207.6, "amount": 0.002, "side": "sell", "timestamp": 1765669674933}, {"id": "3011877028", "price": 90207.6, "amount": 0.004, "side": "sell", "timestamp": 1765669676356}, {"id": "3011877029", "price": 90207.7, "amount": 0.07, "side": "buy", "timestamp": 1765669677105}, {"id": "3011877030", "price": 90207.6, "amount": 0.343, "side": "sell", "timestamp": 1765669677380}, {"id": "3011877031", "price": 90207.6, "amount": 0.002, "side": "sell", "timestamp": 1765669677760}, {"id": "3011877032", "price": 90207.7, "amount": 0.017, "side": "buy", "timestamp": 1765669677881}, {"id": "3011877033", "price": 90207.6, "amount": 0.004, "side": "sell", "timestamp": 1765669678875}, {"id": "3011877034", "price": 90207.6, "amount": 0.007, "side": "sell", "timestamp": 1765669679013}, {"id": "3011877035", "price": 90207.6, "amount": 0.027, "side": "sell", "timestamp": 1765669679116}, {"id": "3011877036", "price": 90207.7, "amount": 0.003, "side": "buy", "timestamp": 1765669679816}, {"id": "3011877037", "price": 90207.6, "amount": 0.006, "side": "sell", "timestamp": 1765669680594}, {"id": "3011877038", "price": 90207.7, "amount": 0.002, "side": "buy", "timestamp": 1765669680668}, {"id": "3011877039", "price": 90207.6, "amount": 0.502, "side": "sell", "timestamp": 1765669680794}, {"id": "3011877040", "price": 90207.6, "amount": 0.03, "side": "sell", "timestamp": 1765669681575}, {"id": "3011877041", "price": 90207.7, "amount": 0.988, "side": "buy", "timestamp": 1765669681620}, {"id": "3011877042", "price": 90207.6, "amount": 0.009, "side": "sell", "timestamp": 1765669681763}, {"id": "3011877043", "price": 90207.6, "amount": 0.023, "side": "sell", "timestamp": 1765669682788}, {"id": "3011877044", "price": 90207.6, "amount": 0.023, "side": "sell", "timestamp": 1765669683188}, {"id": "3011877045", "price": 90207.6, "amount": 0.023, "side": "sell", "timestamp": 1765669683308}, {"id": "3011877046", "price": 90207.7, "amount": 0.008, "side": "buy", "timestamp": 1765669684598}, {"id": "3011877047", "price": 90207.6, "amount": 0.041, "side": "sell", "timestamp": 1765669684979}, {"id": "3011877048", "price": 90207.6, "amount": 0.003, "side": "sell", "timestamp": 1765669686104}, {"id": "3011877049", "price": 90207.6, "amount": 0.002, "side": "sell", "timestamp": 1765669686522}, {"id": "3011877050", "price": 90207.7, "amount": 0.011, "side": "buy", "timestamp": 1765669686777}, {"id": "3011877051", "price": 90207.7, "amount": 0.109, "side": "buy", "timestamp": 1765669687012}, {"id": "3011877052", "price": 90207.6, "amount": 0.004, "side": "sell", "timestamp": 1765669687814}, {"id": "3011877053", "price": 90207.7, "amount": 0.006, "side": "buy", "timestamp": 1765669687984}, {"id": "3011877054", "price": 90207.7, "amount": 0.006, "side": "buy", "timestamp": 1765669688211}, {"id": "3011877055", "price": 90207.6, "amount": 0.005, "side": "sell", "timestamp": 1765669688234}, {"id": "3011877056", "price": 90207.7, "amount": 0.003, "side": "buy", "timestamp": 1765669688883}, {"id": "3011877133", "price": 90203.3, "amount": 0.165, "side": "sell", "timestamp": 1765669724919}, {"id": "3011877134", "price": 90203.3, "amount": 0.005, "side": "sell", "timestamp": 1765669725281}, {"id": "3011877135", "price": 90203.3, "amount": 0.003, "side": "sell", "timestamp": 1765669725686}, {"id": "3011877136", "price": 90203.3, "amount": 0.027, "side": "sell", "timestamp": 1765669726119}, {"id": "3011877137", "price": 90203.3, "amount": 0.002, "side": "sell", "timestamp": 1765669727295}, {"id": "3011877138", "price": 90203.4, "amount": 0.004, "side": "buy", "timestamp": 1765669727707}, {"id": "3011877139", "price": 90203.4, "amount": 0.011, "side": "buy", "timestamp": 1765669730433}, {"id": "3011877140", "price": 90203.3, "amount": 0.004, "side": "sell", "timestamp": 1765669730517}, {"id": "3011877141", "price": 90203.4, "amount": 0.011, "side": "buy", "timestamp": 1765669730591}, {"id": "3011877142", "price": 90203.4, "amount": 0.002, "side": "buy", "timestamp": 1765669730708}, {"id": "3011877143", "price": 90203.4, "amount": 0.075, "side": "buy", "timestamp": 1765669730886}, {"id": "3011877144", "price": 90203.4, "amount": 0.024, "side": "buy", "timestamp": 1765669732069}, {"id": "3011877145", "price": 90203.3, "amount": 0.006, "side": "sell", "timestamp": 1765669732622}, {"id": "3011877146", "price": 90203.4, "amount": 0.01, "side": "buy", "timestamp": 1765669732848}, {"id": "3011877147", "price": 90203.4, "amount": 0.02, "side": "buy", "timestamp": 1765669733783}, {"id": "3011877148", "price": 90203.3, "amount": 0.015, "side": "sell", "timestamp": 1765669735333}, {"id": "3011877149", "price": 90203.4, "amount": 0.078, "side": "buy", "timestamp": 1765669735430}, {"id": "3011877150", "price": 90203.4, "amount": 0.599, "side": "buy", "timestamp": 1765669735606}, {"id": "3011877151", "price": 90203.5, "amount": 0.004, "side": "buy", "timestamp": 1765669735636}, {"id": "3011877152", "price": 90204.3, "amount": 0.015, "side": "buy", "timestamp": 1765669735639}, {"id": "3011877153", "price": 90204.4, "amount": 0.003, "side": "buy", "timestamp": 1765669735639}, {"id": "3011877154", "price": 90204.5, "amount": 0.002, "side": "buy", "timestamp": 1765669735641}, {"id": "3011877155", "price": 90204.8, "amount": 0.003, "side": "buy", "timestamp": 1765669735641}, {"id": "3011877156", "price": 90204.9, "amount": 0.003, "side": "buy", "timestamp": 1765669735641}, {"id": "3011877157", "price": 90205.1, "amount": 0.036, "side": "buy", "timestamp": 1765669735644}, {"id": "3011877158", "price": 90205.2, "amount": 0.002, "side": "buy", "timestamp": 1765669735644}, {"id": "3011877159", "price": 90205.3, "amount": 0.002, "side": "buy", "timestamp": 1765669735644}, {"id": "3011877160", "price": 90205.4, "amount": 0.005, "side": "buy", "timestamp": 1765669735644}, {"id": "3011877161", "price": 90205.5, "amount": 0.019, "side": "buy", "timestamp": 1765669735707}, {"id": "3011877162", "price": 90205.6, "amount": 0.002, "side": "buy", "timestamp": 1765669735772}, {"id": "3011877163", "price": 90205.9, "amount": 0.003, "side": "buy", "timestamp": 1765669735772}, {"id": "3011877164", "price": 90206.1, "amount": 0.002, "side": "buy", "timestamp": 1765669735772}, {"id": "3011877165", "price": 90206.3, "amount": 0.002, "side": "buy", "timestamp": 1765669735772}, {"id": "3011877166", "price": 90206.4, "amount": 0.005, "side": "buy", "timestamp": 1765669735772}, {"id": "3011877167", "price": 90206.8, "amount": 0.006, "side": "buy", "timestamp": 1765669735778}, {"id": "3011877168", "price": 90206.9, "amount": 0.003, "side": "buy", "timestamp": 1765669735780}, {"id": "3011877169", "price": 90207.0, "amount": 0.04, "side": "buy", "timestamp": 1765669735780}, {"id": "3011877170", "price": 90206.9, "amount": 0.101, "side": "sell", "timestamp": 1765669736463}, {"id": "3011877171", "price": 90206.9, "amount": 0.117, "side": "sell", "timestamp": 1765669736741}, {"id": "3011877172", "price": 90207.0, "amount": 0.05, "side": "buy", "timestamp": 1765669736849}, {"id": "3011877173", "price": 90206.9, "amount": 0.029, "side": "sell", "timestamp": 1765669737025}, {"id": "3011877174", "price": 90207.0, "amount": 0.002, "side": "buy", "timestamp": 1765669738892}, {"id": "3011877175", "price": 90206.9, "amount": 0.003, "side": "sell", "timestamp": 1765669739309}, {"id": "3011877176", "price": 90207.0, "amount": 0.054, "side": "buy", "timestamp": 1765669739335}, {"id": "3011877177", "price": 90207.0, "amount": 0.228, "side": "buy", "timestamp": 1765669739474}, {"id": "3011877178", "price": 90207.0, "amount": 0.007, "side": "buy", "timestamp": 1765669740235}, {"id": "3011877179", "price": 90207.0, "amount": 0.007, "side": "buy", "timestamp": 1765669740760}, {"id": "3011877180", "price": 90206.9, "amount": 0.019, "side": "sell", "timestamp": 1765669741874}, {"id": "3011877181", "price": 90207.0, "amount": 0.052, "side": "buy", "timestamp": 1765669741893}, {"id": "3011877182", "price": 90207.0, "amount": 0.007, "side": "buy", "timestamp": 1765669742250}, {"id": "3011877238", "price": 90209.7, "amount": 0.006, "side": "sell", "timestamp": 1765669748162}, {"id": "3011877239", "price": 90209.6, "amount": 0.003, "side": "sell", "timestamp": 1765669748162}, {"id": "3011877240", "price": 90209.4, "amount": 0.006, "side": "sell", "timestamp": 1765669748162}, {"id": "3011877241", "price": 90209.1, "amount": 0.003, "side": "sell", "timestamp": 1765669748162}, {"id": "3011877242", "price": 90208.6, "amount": 0.015, "side": "sell", "timestamp": 1765669748165}, {"id": "3011877243", "price": 90208.6, "amount": 0.015, "side": "sell", "timestamp": 1765669749934}, {"id": "3011877244", "price": 90208.6, "amount": 0.006, "side": "sell", "timestamp": 1765669750579}, {"id": "3011877245", "price": 90208.7, "amount": 0.003, "side": "buy", "timestamp": 1765669751106}, {"id": "3011877246", "price": 90208.6, "amount": 0.049, "side": "sell", "timestamp": 1765669753316}, {"id": "3011877247", "price": 90208.7, "amount": 0.052, "side": "buy", "timestamp": 1765669753705}, {"id": "3011877248", "price": 90208.6, "amount": 0.035, "side": "sell", "timestamp": 1765669755320}, {"id": "3011877249", "price": 90208.6, "amount": 0.005, "side": "sell", "timestamp": 1765669756738}, {"id": "3011877250", "price": 90208.7, "amount": 0.407, "side": "buy", "timestamp": 1765669757239}, {"id": "3011877251", "price": 90208.6, "amount": 0.002, "side": "sell", "timestamp": 1765669759984}, {"id": "3011877252", "price": 90208.6, "amount": 0.002, "side": "sell", "timestamp": 1765669760790}, {"id": "3011877253", "price": 90208.6, "amount": 0.002, "side": "sell", "timestamp": 1765669761991}, {"id": "3011877254", "price": 90208.6, "amount": 0.004, "side": "sell", "timestamp": 1765669763070}, {"id": "3011877255", "price": 90208.7, "amount": 0.006, "side": "buy", "timestamp": 1765669763346}, {"id": "3011877256", "price": 90208.7, "amount": 0.003, "side": "buy", "timestamp": 1765669763736}, {"id": "3011877257", "price": 90208.6, "amount": 0.016, "side": "sell", "timestamp": 1765669765023}, {"id": "3011877258", "price": 90208.6, "amount": 0.066, "side": "sell", "timestamp": 1765669765277}, {"id": "3011877259", "price": 90208.6, "amount": 0.1, "side": "sell", "timestamp": 1765669765477}, {"id": "3011877260", "price": 90208.6, "amount": 0.009, "side": "sell", "timestamp": 1765669765805}, {"id": "3011877261", "price": 90208.7, "amount": 0.002, "side": "buy", "timestamp": 1765669766397}, {"id": "3011877262", "price": 90208.6, "amount": 0.004, "side": "sell", "timestamp": 1765669767981}, {"id": "3011877263", "price": 90208.6, "amount": 0.002, "side": "sell", "timestamp": 1765669768423}, {"id": "3011877264", "price": 90208.6, "amount": 0.007, "side": "sell", "timestamp": 1765669768524}, {"id": "3011877265", "price": 90208.6, "amount": 0.008, "side": "sell", "timestamp": 1765669769558}, {"id": "3011877266", "price": 90208.6, "amount": 0.001, "side": "sell", "timestamp": 1765669769705}, {"id": "3011877267", "price": 90208.6, "amount": 0.005, "side": "sell", "timestamp": 1765669770717}, {"id": "3011877268", "price": 90208.6, "amount": 0.045, "side": "sell", "timestamp": 1765669770861}, {"id": "3011877269", "price": 90208.6, "amount": 1.272, "side": "sell", "timestamp": 1765669772193}, {"id": "3011877270", "price": 90208.7, "amount": 0.013, "side": "buy", "timestamp": 1765669772390}, {"id": "3011877271", "price": 90208.6, "amount": 0.055, "side": "sell", "timestamp": 1765669773205}, {"id": "3011877272", "price": 90208.6, "amount": 0.009, "side": "sell", "timestamp": 1765669773531}, {"id": "3011877273", "price": 90208.7, "amount": 0.008, "side": "buy", "timestamp": 1765669774892}, {"id": "3011877274", "price": 90208.7, "amount": 0.006, "side": "buy", "timestamp": 1765669775705}, {"id": "3011877275", "price": 90208.6, "amount": 0.068, "side": "sell", "timestamp": 1765669775993}, {"id": "3011877276", "price": 90208.7, "amount": 0.005, "side": "buy", "timestamp": 1765669776195}, {"id": "3011877277", "price": 90208.6, "amount": 0.003, "side": "sell", "timestamp": 1765669776352}, {"id": "3011877278", "price": 90208.6, "amount": 0.024, "side": "sell", "timestamp": 1765669776951}, {"id": "3011877279", "price": 90208.6, "amount": 0.012, "side": "sell", "timestamp": 1765669778042}, {"id": "3011877280", "price": 90208.7, "amount": 0.018, "side": "buy", "timestamp": 1765669785884}, {"id": "3011877281", "price": 90208.7, "amount": 0.006, "side": "buy", "timestamp": 1765669787731}, {"id": "3011877282", "price": 90208.6, "amount": 0.008, "side": "sell", "timestamp": 1765669790258}, {"id": "3011877283", "price": 90208.7, "amount": 0.009, "side": "buy", "timestamp": 1765669791259}, {"id": "3011877284", "price": 90208.6, "amount": 0.004, "side": "sell", "timestamp": 1765669791328}, {"id": "3011877285", "price": 90208.7, "amount": 0.076, "side": "buy", "timestamp": 1765669791893}, {"id": "3011877286", "price": 90208.7, "amount": 0.011, "side": "buy", "timestamp": 1765669792522}, {"id": "3011877287", "price": 90208.7, "amount": 0.002, "side": "buy", "timestamp": 1765669794809}, {"id": "3011877341", "price": 90213.3, "amount": 0.025, "side": "buy", "timestamp": 1765669819111}, {"id": "3011877342", "price": 90214.1, "amount": 0.006, "side": "buy", "timestamp": 1765669819118}, {"id": "3011877343", "price": 90214.2, "amount": 0.002, "side": "buy", "timestamp": 1765669819781}, {"id": "3011877344", "price": 90214.1, "amount": 0.015, "side": "sell", "timestamp": 1765669820691}, {"id": "3011877345", "price": 90214.2, "amount": 0.04, "side": "buy", "timestamp": 1765669820760}, {"id": "3011877346", "price": 90214.1, "amount": 0.007, "side": "sell", "timestamp": 1765669821183}, {"id": "3011877347", "price": 90214.2, "amount": 0.143, "side": "buy", "timestamp": 1765669821325}, {"id": "3011877348", "price": 90214.2, "amount": 0.034, "side": "buy", "timestamp": 1765669823275}, {"id": "3011877349", "price": 90214.2, "amount": 0.017, "side": "buy", "timestamp": 1765669824186}, {"id": "3011877350", "price": 90214.1, "amount": 0.003, "side": "sell", "timestamp": 1765669824677}, {"id": "3011877351", "price": 90214.2, "amount": 0.001, "side": "buy", "timestamp": 1765669825311}, {"id": "3011877352", "price": 90214.2, "amount": 0.04, "side": "buy", "timestamp": 1765669825748}, {"id": "3011877353", "price": 90214.2, "amount": 0.075, "side": "buy", "timestamp": 1765669826367}, {"id": "3011877354", "price": 90214.2, "amount": 0.015, "side": "buy", "timestamp": 1765669826785}, {"id": "3011877355", "price": 90214.2, "amount": 0.087, "side": "buy", "timestamp": 1765669827439}, {"id": "3011877356", "price": 90214.2, "amount": 0.003, "side": "buy", "timestamp": 1765669829238}, {"id": "3011877357", "price": 90214.2, "amount": 0.007, "side": "buy", "timestamp": 1765669829892}, {"id": "3011877358", "price": 90214.2, "amount": 0.03, "side": "buy", "timestamp": 1765669830192}, {"id": "3011877359", "price": 90214.2, "amount": 0.003, "side": "buy", "timestamp": 1765669830849}, {"id": "3011877360", "price": 90214.1, "amount": 0.002, "side": "sell", "timestamp": 1765669831366}, {"id": "3011877361", "price": 90214.2, "amount": 0.071, "side": "buy", "timestamp": 1765669831894}, {"id": "3011877362", "price": 90214.1, "amount": 0.002, "side": "sell", "timestamp": 1765669831995}, {"id": "3011877363", "price": 90214.1, "amount": 0.041, "side": "sell", "timestamp": 1765669832733}, {"id": "3011877364", "price": 90214.2, "amount": 0.004, "side": "buy", "timestamp": 1765669833469}, {"id": "3011877365", "price": 90214.1, "amount": 0.027, "side": "sell", "timestamp": 1765669833568}, {"id": "3011877366", "price": 90214.2, "amount": 0.04, "side": "buy", "timestamp": 1765669835102}, {"id": "3011877367", "price": 90214.2, "amount": 0.208, "side": "buy", "timestamp": 1765669835651}, {"id": "3011877368", "price": 90214.2, "amount": 0.08, "side": "buy", "timestamp": 1765669837289}, {"id": "3011877369", "price": 90214.2, "amount": 0.002, "side": "buy", "timestamp": 1765669838503}, {"id": "3011877370", "price": 90214.2, "amount": 0.135, "side": "buy", "timestamp": 1765669838909}, {"id": "3011877371", "price": 90214.2, "amount": 0.279, "side": "buy", "timestamp": 1765669839046}, {"id": "3011877372", "price": 90214.2, "amount": 0.082, "side": "buy", "timestamp": 1765669839170}, {"id": "3011877373", "price": 90214.2, "amount": 0.04, "side": "buy", "timestamp": 1765669839830}, {"id": "3011877374", "price": 90214.2, "amount": 0.003, "side": "buy", "timestamp": 1765669840317}, {"id": "3011877375", "price": 90214.1, "amount": 0.029, "side": "sell", "timestamp": 1765669840867}, {"id": "3011877376", "price": 90214.2, "amount": 0.024, "side": "buy", "timestamp": 1765669841265}, {"id": "3011877377", "price": 90214.1, "amount": 1.5, "side": "sell", "timestamp": 1765669841362}, {"id": "3011877378", "price": 90214.1, "amount": 0.002, "side": "sell", "timestamp": 1765669841476}, {"id": "3011877379", "price": 90214.1, "amount": 0.002, "side": "sell", "timestamp": 1765669842123}, {"id": "3011877380", "price": 90214.2, "amount": 0.007, "side": "buy", "timestamp": 1765669843143}, {"id": "3011877381", "price": 90214.2, "amount": 0.049, "side": "buy", "timestamp": 1765669843808}, {"id": "3011877382", "price": 90214.1, "amount": 0.002, "side": "sell", "timestamp": 1765669844395}, {"id": "3011877383", "price": 90214.2, "amount": 0.005, "side": "buy", "timestamp": 1765669844458}, {"id": "3011877384", "price": 90214.1, "amount": 0.008, "side": "sell", "timestamp": 1765669845417}, {"id": "3011877385", "price": 90214.2, "amount": 0.022, "side": "buy", "timestamp": 1765669845892}, {"id": "3011877386", "price": 90214.2, "amount": 0.463, "side": "buy", "timestamp": 1765669846167}, {"id": "3011877387", "price": 90214.1, "amount": 0.002, "side": "sell", "timestamp": 1765669846509}, {"id": "3011877388", "price": 90214.2, "amount": 0.003, "side": "buy", "timestamp": 1765669846994}, {"id": "3011877389", "price": 90214.1, "amount": 0.022, "side": "sell", "timestamp": 1765669848100}, {"id": "3011877390", "price": 90214.1, "amount": 0.008, "side": "sell", "timestamp": 1765669848406}, {"id": "3011877418", "price": 90214.1, "amount": 0.006, "side": "sell", "timestamp": 1765669873038}, {"id": "3011877419", "price": 90214.2, "amount": 0.002, "side": "buy", "timestamp": 1765669875162}, {"id": "3011877420", "price": 90214.1, "amount": 0.025, "side": "sell", "timestamp": 1765669875413}, {"id": "3011877421", "price": 90214.2, "amount": 0.041, "side": "buy", "timestamp": 1765669876164}, {"id": "3011877422", "price": 90214.2, "amount": 0.002, "side": "buy", "timestamp": 1765669876467}, {"id": "3011877423", "price": 90214.2, "amount": 0.11, "side": "buy", "timestamp": 1765669876976}, {"id": "3011877424", "price": 90214.2, "amount": 0.151, "side": "buy", "timestamp": 1765669878504}, {"id": "3011877425", "price": 90214.1, "amount": 0.001, "side": "sell", "timestamp": 1765669878901}, {"id": "3011877426", "price": 90214.2, "amount": 0.002, "side": "buy", "timestamp": 1765669879240}, {"id": "3011877427", "price": 90214.2, "amount": 0.034, "side": "buy", "timestamp": 1765669879481}, {"id": "3011877428", "price": 90214.2, "amount": 0.011, "side": "buy", "timestamp": 1765669879892}, {"id": "3011877429", "price": 90214.1, "amount": 0.013, "side": "sell", "timestamp": 1765669881643}, {"id": "3011877430", "price": 90214.2, "amount": 0.038, "side": "buy", "timestamp": 1765669881750}, {"id": "3011877431", "price": 90214.1, "amount": 0.032, "side": "sell", "timestamp": 1765669882656}, {"id": "3011877432", "price": 90214.2, "amount": 0.007, "side": "buy", "timestamp": 1765669884183}, {"id": "3011877433", "price": 90214.1, "amount": 0.999, "side": "sell", "timestamp": 1765669885552}, {"id": "3011877434", "price": 90214.2, "amount": 0.007, "side": "buy", "timestamp": 1765669885961}, {"id": "3011877435", "price": 90214.2, "amount": 0.02, "side": "buy", "timestamp": 1765669886248}, {"id": "3011877436", "price": 90214.2, "amount": 0.159, "side": "buy", "timestamp": 1765669886521}, {"id": "3011877437", "price": 90214.1, "amount": 0.002, "side": "sell", "timestamp": 1765669887346}, {"id": "3011877438", "price": 90214.2, "amount": 0.006, "side": "buy", "timestamp": 1765669888140}, {"id": "3011877439", "price": 90214.1, "amount": 0.133, "side": "sell", "timestamp": 1765669888321}, {"id": "3011877440", "price": 90214.2, "amount": 0.001, "side": "buy", "timestamp": 1765669889235}, {"id": "3011877441", "price": 90214.2, "amount": 0.005, "side": "buy", "timestamp": 1765669890280}, {"id": "3011877442", "price": 90214.1, "amount": 0.003, "side": "sell", "timestamp": 1765669891929}, {"id": "3011877443", "price": 90214.1, "amount": 0.072, "side": "sell", "timestamp": 1765669892759}, {"id": "3011877444", "price": 90214.1, "amount": 0.002, "side": "sell", "timestamp": 1765669893871}, {"id": "3011877445", "price": 90214.1, "amount": 0.08, "side": "sell", "timestamp": 1765669894407}, {"id": "3011877446", "price": 90214.2, "amount": 0.045, "side": "buy", "timestamp": 1765669895509}, {"id": "3011877447", "price": 90214.2, "amount": 0.016, "side": "buy", "timestamp": 1765669895718}, {"id": "3011877448", "price": 90214.2, "amount": 0.018, "side": "buy", "timestamp": 1765669895892}, {"id": "3011877449", "price": 90214.1, "amount": 2.43, "side": "sell", "timestamp": 1765669896273}, {"id": "3011877450", "price": 90214.0, "amount": 0.192, "side": "sell", "timestamp": 1765669896276}, {"id": "3011877451", "price": 90213.9, "amount": 0.003, "side": "sell", "timestamp": 1765669896276}, {"id": "3011877452", "price": 90213.7, "amount": 0.021, "side": "sell", "timestamp": 1765669896279}, {"id": "3011877453", "price": 90213.6, "amount": 0.006, "side": "sell", "timestamp": 1765669896280}, {"id": "3011877454", "price": 90213.4, "amount": 0.005, "side": "sell", "timestamp": 1765669896280}, {"id": "3011877455", "price": 90212.9, "amount": 0.003, "side": "sell", "timestamp": 1765669896280}, {"id": "3011877456", "price": 90212.8, "amount": 0.037, "side": "sell", "timestamp": 1765669896280}, {"id": "3011877457", "price": 90212.9, "amount": 0.01, "side": "buy", "timestamp": 1765669896859}, {"id": "3011877458", "price": 90212.8, "amount": 0.002, "side": "sell", "timestamp": 1765669896928}, {"id": "3011877459", "price": 90212.8, "amount": 0.007, "side": "sell", "timestamp": 1765669897288}, {"id": "3011877460", "price": 90212.8, "amount": 0.248, "side": "sell", "timestamp": 1765669898465}, {"id": "3011877461", "price": 90212.9, "amount": 0.18, "side": "buy", "timestamp": 1765669899142}, {"id": "3011877462", "price": 90212.9, "amount": 0.011, "side": "buy", "timestamp": 1765669900105}, {"id": "3011877463", "price": 90212.8, "amount": 0.073, "side": "sell", "timestamp": 1765669900107}, {"id": "3011877464", "price": 90212.7, "amount": 0.002, "side": "sell", "timestamp": 1765669900109}, {"id": "3011877465", "price": 90212.5, "amount": 0.002, "side": "sell", "timestamp": 1765669900109}, {"id": "3011877466", "price": 90212.3, "amount": 0.003, "side": "sell", "timestamp": 1765669900109}, {"id": "3011877467", "price": 90212.0, "amount": 0.003, "side": "sell", "timestamp": 1765669900109}, {"id": "3011877489", "price": 90211.8, "amount": 0.059, "side": "sell", "timestamp": 1765669938269}, {"id": "3011877490", "price": 90211.9, "amount": 0.007, "side": "buy", "timestamp": 1765669938813}, {"id": "3011877491", "price": 90211.8, "amount": 0.466, "side": "sell", "timestamp": 1765669940394}, {"id": "3011877492", "price": 90211.7, "amount": 0.068, "side": "sell", "timestamp": 1765669940395}, {"id": "3011877493", "price": 90211.5, "amount": 0.004, "side": "sell", "timestamp": 1765669940395}, {"id": "3011877494", "price": 90211.3, "amount": 0.051, "side": "sell", "timestamp": 1765669940403}, {"id": "3011877495", "price": 90211.2, "amount": 0.385, "side": "sell", "timestamp": 1765669940475}, {"id": "3011877496", "price": 90210.7, "amount": 0.003, "side": "sell", "timestamp": 1765669940480}, {"id": "3011877497", "price": 90210.4, "amount": 0.002, "side": "sell", "timestamp": 1765669940480}, {"id": "3011877498", "price": 90210.1, "amount": 0.002, "side": "sell", "timestamp": 1765669940480}, {"id": "3011877499", "price": 90209.9, "amount": 0.004, "side": "sell", "timestamp": 1765669940676}, {"id": "3011877500", "price": 90209.9, "amount": 0.038, "side": "sell", "timestamp": 1765669942400}, {"id": "3011877501", "price": 90209.8, "amount": 0.006, "side": "sell", "timestamp": 1765669942400}, {"id": "3011877502", "price": 90209.6, "amount": 0.008, "side": "sell", "timestamp": 1765669942400}, {"id": "3011877503", "price": 90209.1, "amount": 0.008, "side": "sell", "timestamp": 1765669942400}, {"id": "3011877504", "price": 90208.6, "amount": 0.009, "side": "sell", "timestamp": 1765669942400}, {"id": "3011877505", "price": 90208.2, "amount": 0.002, "side": "sell", "timestamp": 1765669942400}, {"id": "3011877506", "price": 90208.0, "amount": 0.003, "side": "sell", "timestamp": 1765669942400}, {"id": "3011877507", "price": 90207.9, "amount": 0.003, "side": "sell", "timestamp": 1765669942400}, {"id": "3011877508", "price": 90207.7, "amount": 0.003, "side": "sell", "timestamp": 1765669942400}, {"id": "3011877509", "price": 90207.6, "amount": 0.004, "side": "sell", "timestamp": 1765669942400}, {"id": "3011877510", "price": 90207.5, "amount": 0.005, "side": "sell", "timestamp": 1765669942400}, {"id": "3011877511", "price": 90207.3, "amount": 0.005, "side": "sell", "timestamp": 1765669942400}, {"id": "3011877512", "price": 90207.0, "amount": 0.007, "side": "sell", "timestamp": 1765669942400}, {"id": "3011877513", "price": 90206.9, "amount": 0.002, "side": "sell", "timestamp": 1765669942400}, {"id": "3011877514", "price": 90206.8, "amount": 1.151, "side": "sell", "timestamp": 1765669942400}, {"id": "3011877515", "price": 90206.9, "amount": 0.008, "side": "buy", "timestamp": 1765669942472}, {"id": "3011877516", "price": 90206.8, "amount": 0.044, "side": "sell", "timestamp": 1765669942489}, {"id": "3011877517", "price": 90206.8, "amount": 0.032, "side": "sell", "timestamp": 1765669944391}, {"id": "3011877518", "price": 90206.7, "amount": 0.003, "side": "sell", "timestamp": 1765669944492}, {"id": "3011877519", "price": 90206.8, "amount": 0.002, "side": "buy", "timestamp": 1765669944605}, {"id": "3011877520", "price": 90206.8, "amount": 0.01, "side": "buy", "timestamp": 1765669945048}, {"id": "3011877521", "price": 90206.8, "amount": 0.006, "side": "buy", "timestamp": 1765669946567}, {"id": "3011877522", "price": 90206.7, "amount": 0.004, "side": "sell", "timestamp": 1765669948345}, {"id": "3011877523", "price": 90206.7, "amount": 0.002, "side": "sell", "timestamp": 1765669949249}, {"id": "3011877524", "price": 90206.7, "amount": 0.002, "side": "sell", "timestamp": 1765669949358}, {"id": "3011877525", "price": 90206.7, "amount": 0.002, "side": "sell", "timestamp": 1765669949550}, {"id": "3011877526", "price": 90206.8, "amount": 0.094, "side": "buy", "timestamp": 1765669950585}, {"id": "3011877527", "price": 90206.8, "amount": 0.043, "side": "buy", "timestamp": 1765669950857}, {"id": "3011877528", "price": 90206.7, "amount": 0.025, "side": "sell", "timestamp": 1765669950897}, {"id": "3011877529", "price": 90206.8, "amount": 0.014, "side": "buy", "timestamp": 1765669951019}, {"id": "3011877530", "price": 90206.8, "amount": 0.001, "side": "buy", "timestamp": 1765669951576}, {"id": "3011877531", "price": 90206.8, "amount": 0.002, "side": "buy", "timestamp": 1765669952048}, {"id": "3011877532", "price": 90206.8, "amount": 0.182, "side": "buy", "timestamp": 1765669953027}, {"id": "3011877533", "price": 90206.7, "amount": 0.003, "side": "sell", "timestamp": 1765669953364}, {"id": "3011877534", "price": 90206.7, "amount": 0.005, "side": "sell", "timestamp": 1765669953794}, {"id": "3011877535", "price": 90206.8, "amount": 0.002, "side": "buy", "timestamp": 1765669953958}, {"id": "3011877536", "price": 90206.8, "amount": 0.002, "side": "buy", "timestamp": 1765669954180}, {"id": "3011877537", "price": 90206.8, "amount": 0.182, "side": "buy", "timestamp": 1765669954667}, {"id": "3011877538", "price": 90206.7, "amount": 0.003, "side": "sell", "timestamp": 1765669955022}, {"id": "3011877544", "price": 90206.8, "amount": 0.01, "side": "buy", "timestamp": 1765669959892}, {"id": "3011877545", "price": 90206.7, "amount": 0.004, "side": "sell", "timestamp": 1765669960481}, {"id": "3011877546", "price": 90206.8, "amount": 0.011, "side": "buy", "timestamp": 1765669961015}, {"id": "3011877547", "price": 90206.8, "amount": 0.006, "side": "buy", "timestamp": 1765669961468}, {"id": "3011877548", "price": 90206.8, "amount": 0.027, "side": "buy", "timestamp": 1765669961912}, {"id": "3011877549", "price": 90206.8, "amount": 0.18, "side": "buy", "timestamp": 1765669963209}, {"id": "3011877550", "price": 90206.8, "amount": 0.011, "side": "buy", "timestamp": 1765669963327}, {"id": "3011877551", "price": 90206.7, "amount": 0.01, "side": "sell", "timestamp": 1765669964044}, {"id": "3011877552", "price": 90206.8, "amount": 0.066, "side": "buy", "timestamp": 1765669964444}, {"id": "3011877553", "price": 90206.7, "amount": 0.127, "side": "sell", "timestamp": 1765669964632}, {"id": "3011877554", "price": 90206.7, "amount": 1.203, "side": "sell", "timestamp": 1765669965072}, {"id": "3011877555", "price": 90206.7, "amount": 0.277, "side": "sell", "timestamp": 1765669974794}, {"id": "3011877556", "price": 90206.7, "amount": 0.104, "side": "sell", "timestamp": 1765669974902}, {"id": "3011877557", "price": 90206.7, "amount": 0.005, "side": "sell", "timestamp": 1765669975590}, {"id": "3011877558", "price": 90206.8, "amount": 0.011, "side": "buy", "timestamp": 1765669975618}, {"id": "3011877559", "price": 90206.7, "amount": 0.001, "side": "sell", "timestamp": 1765669975978}, {"id": "3011877560", "price": 90206.7, "amount": 0.002, "side": "sell", "timestamp": 1765669976100}, {"id": "3011877561", "price": 90206.7, "amount": 0.023, "side": "sell", "timestamp": 1765669976424}, {"id": "3011877562", "price": 90206.7, "amount": 0.05, "side": "sell", "timestamp": 1765669976874}, {"id": "3011877563", "price": 90206.7, "amount": 0.002, "side": "sell", "timestamp": 1765669977400}, {"id": "3011877564", "price": 90206.7, "amount": 0.002, "side": "sell", "timestamp": 1765669978239}, {"id": "3011877565", "price": 90206.8, "amount": 0.003, "side": "buy", "timestamp": 1765669978481}, {"id": "3011877566", "price": 90206.8, "amount": 0.002, "side": "buy", "timestamp": 1765669979231}, {"id": "3011877567", "price": 90206.7, "amount": 0.053, "side": "sell", "timestamp": 1765669980468}, {"id": "3011877568", "price": 90206.7, "amount": 0.002, "side": "sell", "timestamp": 1765669980741}, {"id": "3011877569", "price": 90206.8, "amount": 0.003, "side": "buy", "timestamp": 1765669981916}, {"id": "3011877570", "price": 90206.8, "amount": 0.011, "side": "buy", "timestamp": 1765669983110}, {"id": "3011877571", "price": 90206.8, "amount": 0.342, "side": "buy", "timestamp": 1765669984299}, {"id": "3011877572", "price": 90206.7, "amount": 2.579, "side": "sell", "timestamp": 1765669984716}, {"id": "3011877573", "price": 90206.8, "amount": 0.004, "side": "buy", "timestamp": 1765669985317}, {"id": "3011877574", "price": 90206.8, "amount": 0.019, "side": "buy", "timestamp": 1765669988303}, {"id": "3011877575", "price": 90206.8, "amount": 0.011, "side": "buy", "timestamp": 1765669988998}, {"id": "3011877576", "price": 90206.8, "amount": 0.002, "side": "buy", "timestamp": 1765669990552}, {"id": "3011877577", "price": 90206.7, "amount": 0.002, "side": "sell", "timestamp": 1765669991616}, {"id": "3011877578", "price": 90206.8, "amount": 0.003, "side": "buy", "timestamp": 1765669992166}, {"id": "3011877579", "price": 90206.7, "amount": 0.051, "side": "sell", "timestamp": 1765669994348}, {"id": "3011877580", "price": 90206.7, "amount": 0.089, "side": "sell", "timestamp": 1765669994513}, {"id": "3011877581", "price": 90206.7, "amount": 0.002, "side": "sell", "timestamp": 1765669997693}, {"id": "3011877582", "price": 90206.8, "amount": 0.056, "side": "buy", "timestamp": 1765669998701}, {"id": "3011877583", "price": 90206.8, "amount": 0.1, "side": "buy", "timestamp": 1765670000150}, {"id": "3011877584", "price": 90206.8, "amount": 0.046, "side": "buy", "timestamp": 1765670000569}, {"id": "3011877585", "price": 90206.7, "amount": 0.003, "side": "sell", "timestamp": 1765670000734}, {"id": "3011877586", "price": 90206.7, "amount": 1.529, "side": "sell", "timestamp": 1765670001129}, {"id": "3011877587", "price": 90206.8, "amount": 0.003, "side": "buy", "timestamp": 1765670001474}, {"id": "3011877588", "price": 90206.8, "amount": 0.011, "side": "buy", "timestamp": 1765670002889}, {"id": "3011877589", "price": 90206.8, "amount": 0.1, "side": "buy", "timestamp": 1765670004234}, {"id": "3011877590", "price": 90206.7, "amount": 0.011, "side": "sell", "timestamp": 1765670005187}, {"id": "3011877591", "price": 90206.8, "amount": 0.002, "side": "buy", "timestamp": 1765670006822}, {"id": "3011877592", "price": 90206.7, "amount": 0.002, "side": "sell", "timestamp": 1765670008814}, {"id": "3011877593", "price": 90206.7, "amount": 0.002, "side": "sell", "timestamp": 1765670009436}, {"id": "3011877640", "price": 90205.4, "amount": 0.01, "side": "buy", "timestamp": 1765670040195}, {"id": "3011877641", "price": 90205.4, "amount": 0.003, "side": "buy", "timestamp": 1765670040749}, {"id": "3011877642", "price": 90205.3, "amount": 0.002, "side": "sell", "timestamp": 1765670041019}, {"id": "3011877643", "price": 90205.4, "amount": 0.083, "side": "buy", "timestamp": 1765670041552}, {"id": "3011877644", "price": 90205.3, "amount": 1.665, "side": "sell", "timestamp": 1765670042376}, {"id": "3011877645", "price": 90205.3, "amount": 0.222, "side": "sell", "timestamp": 1765670043102}, {"id": "3011877646", "price": 90205.3, "amount": 0.007, "side": "sell", "timestamp": 1765670044181}, {"id": "3011877647", "price": 90205.4, "amount": 0.198, "side": "buy", "timestamp": 1765670044270}, {"id": "3011877648", "price": 90205.4, "amount": 0.002, "side": "buy", "timestamp": 1765670045455}, {"id": "3011877649", "price": 90205.4, "amount": 0.046, "side": "buy", "timestamp": 1765670045657}, {"id": "3011877650", "price": 90205.4, "amount": 0.016, "side": "buy", "timestamp": 1765670048319}, {"id": "3011877651", "price": 90205.4, "amount": 1.682, "side": "buy", "timestamp": 1765670049238}, {"id": "3011877652", "price": 90205.5, "amount": 4.018, "side": "buy", "timestamp": 1765670049243}, {"id": "3011877653", "price": 90205.6, "amount": 0.002, "side": "buy", "timestamp": 1765670049250}, {"id": "3011877654", "price": 90206.8, "amount": 0.215, "side": "buy", "timestamp": 1765670049251}, {"id": "3011877655", "price": 90206.9, "amount": 0.045, "side": "buy", "timestamp": 1765670049251}, {"id": "3011877656", "price": 90207.0, "amount": 0.002, "side": "buy", "timestamp": 1765670049258}, {"id": "3011877657", "price": 90207.1, "amount": 0.003, "side": "buy", "timestamp": 1765670049258}, {"id": "3011877658", "price": 90207.2, "amount": 0.003, "side": "buy", "timestamp": 1765670049258}, {"id": "3011877659", "price": 90207.4, "amount": 0.14, "side": "buy", "timestamp": 1765670049533}, {"id": "3011877660", "price": 90207.3, "amount": 0.01, "side": "sell", "timestamp": 1765670050036}, {"id": "3011877661", "price": 90207.3, "amount": 0.022, "side": "sell", "timestamp": 1765670051708}, {"id": "3011877662", "price": 90207.4, "amount": 0.107, "side": "buy", "timestamp": 1765670053506}, {"id": "3011877663", "price": 90207.4, "amount": 0.005, "side": "buy", "timestamp": 1765670054813}, {"id": "3011877664", "price": 90207.3, "amount": 0.111, "side": "sell", "timestamp": 1765670056229}, {"id": "3011877665", "price": 90207.4, "amount": 0.002, "side": "buy", "timestamp": 1765670057394}, {"id": "3011877666", "price": 90207.4, "amount": 0.002, "side": "buy", "timestamp": 1765670057802}, {"id": "3011877667", "price": 90207.3, "amount": 0.003, "side": "sell", "timestamp": 1765670058146}, {"id": "3011877668", "price": 90207.3, "amount": 0.004, "side": "sell", "timestamp": 1765670058629}, {"id": "3011877669", "price": 90207.4, "amount": 0.005, "side": "buy", "timestamp": 1765670059006}, {"id": "3011877670", "price": 90207.4, "amount": 0.28, "side": "buy", "timestamp": 1765670060197}, {"id": "3011877671", "price": 90207.5, "amount": 0.004, "side": "buy", "timestamp": 1765670060197}, {"id": "3011877672", "price": 90208.1, "amount": 0.003, "side": "buy", "timestamp": 1765670060197}, {"id": "3011877673", "price": 90208.7, "amount": 0.055, "side": "buy", "timestamp": 1765670060197}, {"id": "3011877674", "price": 90208.8, "amount": 0.005, "side": "buy", "timestamp": 1765670060197}, {"id": "3011877675", "price": 90209.0, "amount": 0.177, "side": "buy", "timestamp": 1765670060197}, {"id": "3011877676", "price": 90209.3, "amount": 0.003, "side": "buy", "timestamp": 1765670060199}, {"id": "3011877677", "price": 90209.8, "amount": 0.005, "side": "buy", "timestamp": 1765670060199}, {"id": "3011877678", "price": 90210.0, "amount": 0.045, "side": "buy", "timestamp": 1765670060199}, {"id": "3011877679", "price": 90210.1, "amount": 0.007, "side": "buy", "timestamp": 1765670060200}, {"id": "3011877680", "price": 90210.7, "amount": 0.077, "side": "buy", "timestamp": 1765670060200}, {"id": "3011877681", "price": 90210.8, "amount": 0.003, "side": "buy", "timestamp": 1765670060200}, {"id": "3011877682", "price": 90210.9, "amount": 0.005, "side": "buy", "timestamp": 1765670060200}, {"id": "3011877683", "price": 90211.0, "amount": 0.108, "side": "buy", "timestamp": 1765670060200}, {"id": "3011877684", "price": 90211.1, "amount": 0.033, "side": "buy", "timestamp": 1765670060201}, {"id": "3011877685", "price": 90211.4, "amount": 0.048, "side": "buy", "timestamp": 1765670060262}, {"id": "3011877686", "price": 90211.5, "amount": 0.005, "side": "buy", "timestamp": 1765670060282}, {"id": "3011877687", "price": 90211.4, "amount": 0.006, "side": "sell", "timestamp": 1765670060374}, {"id": "3011877688", "price": 90211.4, "amount": 0.825, "side": "sell", "timestamp": 1765670060958}, {"id": "3011877689", "price": 90211.5, "amount": 0.667, "side": "buy", "timestamp": 1765670061032}, {"id": "3011877836", "price": 90229.8, "amount": 0.021, "side": "buy", "timestamp": 1765670103772}, {"id": "3011877837", "price": 90229.8, "amount": 0.053, "side": "buy", "timestamp": 1765670104078}, {"id": "3011877838", "price": 90229.8, "amount": 0.117, "side": "buy", "timestamp": 1765670104391}, {"id": "3011877839", "price": 90229.7, "amount": 0.002, "side": "sell", "timestamp": 1765670105195}, {"id": "3011877840", "price": 90229.8, "amount": 5.07, "side": "buy", "timestamp": 1765670105199}, {"id": "3011877841", "price": 90229.9, "amount": 0.042, "side": "buy", "timestamp": 1765670105202}, {"id": "3011877842", "price": 90230.0, "amount": 0.002, "side": "buy", "timestamp": 1765670105208}, {"id": "3011877843", "price": 90230.1, "amount": 0.002, "side": "buy", "timestamp": 1765670105208}, {"id": "3011877844", "price": 90230.2, "amount": 0.073, "side": "buy", "timestamp": 1765670105213}, {"id": "3011877845", "price": 90230.6, "amount": 0.002, "side": "buy", "timestamp": 1765670105216}, {"id": "3011877846", "price": 90230.7, "amount": 0.003, "side": "buy", "timestamp": 1765670105216}, {"id": "3011877847", "price": 90231.2, "amount": 0.005, "side": "buy", "timestamp": 1765670105216}, {"id": "3011877848", "price": 90231.5, "amount": 0.002, "side": "buy", "timestamp": 1765670105216}, {"id": "3011877849", "price": 90231.8, "amount": 0.003, "side": "buy", "timestamp": 1765670105219}, {"id": "3011877850", "price": 90231.9, "amount": 0.003, "side": "buy", "timestamp": 1765670105219}, {"id": "3011877851", "price": 90232.2, "amount": 0.002, "side": "buy", "timestamp": 1765670105219}, {"id": "3011877852", "price": 90232.3, "amount": 0.003, "side": "buy", "timestamp": 1765670105219}, {"id": "3011877853", "price": 90232.4, "amount": 0.089, "side": "buy", "timestamp": 1765670105223}, {"id": "3011877854", "price": 90232.7, "amount": 0.003, "side": "buy", "timestamp": 1765670105227}, {"id": "3011877855", "price": 90232.8, "amount": 0.005, "side": "buy", "timestamp": 1765670105227}, {"id": "3011877856", "price": 90232.9, "amount": 0.003, "side": "buy", "timestamp": 1765670105227}, {"id": "3011877857", "price": 90233.3, "amount": 0.003, "side": "buy", "timestamp": 1765670105231}, {"id": "3011877858", "price": 90233.5, "amount": 0.003, "side": "buy", "timestamp": 1765670105231}, {"id": "3011877859", "price": 90233.6, "amount": 0.004, "side": "buy", "timestamp": 1765670105231}, {"id": "3011877860", "price": 90233.7, "amount": 0.003, "side": "buy", "timestamp": 1765670105231}, {"id": "3011877861", "price": 90233.8, "amount": 0.005, "side": "buy", "timestamp": 1765670105231}, {"id": "3011877862", "price": 90234.0, "amount": 0.008, "side": "buy", "timestamp": 1765670105236}, {"id": "3011877863", "price": 90234.2, "amount": 0.002, "side": "sell", "timestamp": 1765670106038}, {"id": "3011877864", "price": 90234.2, "amount": 0.005, "side": "sell", "timestamp": 1765670106677}, {"id": "3011877865", "price": 90234.3, "amount": 0.36, "side": "buy", "timestamp": 1765670106699}, {"id": "3011877866", "price": 90234.3, "amount": 0.127, "side": "buy", "timestamp": 1765670106802}, {"id": "3011877867", "price": 90234.3, "amount": 0.037, "side": "buy", "timestamp": 1765670107450}, {"id": "3011877868", "price": 90234.3, "amount": 0.007, "side": "buy", "timestamp": 1765670108015}, {"id": "3011877869", "price": 90234.3, "amount": 0.006, "side": "buy", "timestamp": 1765670108474}, {"id": "3011877870", "price": 90234.3, "amount": 0.02, "side": "buy", "timestamp": 1765670108932}, {"id": "3011877871", "price": 90234.3, "amount": 0.036, "side": "buy", "timestamp": 1765670109150}, {"id": "3011877872", "price": 90234.3, "amount": 0.044, "side": "buy", "timestamp": 1765670109474}, {"id": "3011877873", "price": 90234.3, "amount": 0.033, "side": "buy", "timestamp": 1765670110303}, {"id": "3011877874", "price": 90234.2, "amount": 0.015, "side": "sell", "timestamp": 1765670111100}, {"id": "3011877875", "price": 90234.3, "amount": 0.299, "side": "buy", "timestamp": 1765670111160}, {"id": "3011877876", "price": 90234.3, "amount": 0.007, "side": "buy", "timestamp": 1765670111943}, {"id": "3011877877", "price": 90234.3, "amount": 0.001, "side": "buy", "timestamp": 1765670112253}, {"id": "3011877878", "price": 90234.3, "amount": 0.01, "side": "buy", "timestamp": 1765670113352}, {"id": "3011877879", "price": 90234.3, "amount": 0.01, "side": "buy", "timestamp": 1765670114218}, {"id": "3011877880", "price": 90234.3, "amount": 0.033, "side": "buy", "timestamp": 1765670115289}, {"id": "3011877881", "price": 90234.2, "amount": 3.136, "side": "sell", "timestamp": 1765670117365}, {"id": "3011877882", "price": 90234.1, "amount": 0.127, "side": "sell", "timestamp": 1765670117370}, {"id": "3011877883", "price": 90234.0, "amount": 0.015, "side": "sell", "timestamp": 1765670117370}, {"id": "3011877884", "price": 90233.8, "amount": 0.261, "side": "sell", "timestamp": 1765670117370}, {"id": "3011877885", "price": 90233.7, "amount": 0.003, "side": "sell", "timestamp": 1765670117370}, {"id": "3011877948", "price": 90228.9, "amount": 0.021, "side": "sell", "timestamp": 1765670150440}, {"id": "3011877949", "price": 90228.9, "amount": 0.002, "side": "sell", "timestamp": 1765670151035}, {"id": "3011877950", "price": 90228.9, "amount": 0.05, "side": "sell", "timestamp": 1765670151569}, {"id": "3011877951", "price": 90228.9, "amount": 0.017, "side": "sell", "timestamp": 1765670152093}, {"id": "3011877952", "price": 90228.8, "amount": 0.007, "side": "sell", "timestamp": 1765670152098}, {"id": "3011877953", "price": 90228.7, "amount": 0.005, "side": "sell", "timestamp": 1765670152101}, {"id": "3011877954", "price": 90228.2, "amount": 0.003, "side": "sell", "timestamp": 1765670152101}, {"id": "3011877955", "price": 90228.0, "amount": 0.002, "side": "sell", "timestamp": 1765670152103}, {"id": "3011877956", "price": 90227.7, "amount": 0.002, "side": "sell", "timestamp": 1765670152103}, {"id": "3011877957", "price": 90227.7, "amount": 0.93, "side": "buy", "timestamp": 1765670152354}, {"id": "3011877958", "price": 90227.7, "amount": 0.077, "side": "buy", "timestamp": 1765670152693}, {"id": "3011877959", "price": 90227.6, "amount": 0.002, "side": "sell", "timestamp": 1765670154298}, {"id": "3011877960", "price": 90227.6, "amount": 0.829, "side": "sell", "timestamp": 1765670155249}, {"id": "3011877961", "price": 90227.6, "amount": 0.002, "side": "sell", "timestamp": 1765670155359}, {"id": "3011877962", "price": 90227.6, "amount": 0.05, "side": "sell", "timestamp": 1765670156011}, {"id": "3011877963", "price": 90227.7, "amount": 0.005, "side": "buy", "timestamp": 1765670157141}, {"id": "3011877964", "price": 90227.6, "amount": 0.002, "side": "sell", "timestamp": 1765670157455}, {"id": "3011877965", "price": 90227.7, "amount": 0.06, "side": "buy", "timestamp": 1765670158394}, {"id": "3011877966", "price": 90227.7, "amount": 0.854, "side": "buy", "timestamp": 1765670158573}, {"id": "3011877967", "price": 90227.7, "amount": 0.031, "side": "buy", "timestamp": 1765670158720}, {"id": "3011877968", "price": 90227.8, "amount": 0.156, "side": "buy", "timestamp": 1765670158731}, {"id": "3011877969", "price": 90228.4, "amount": 0.632, "side": "buy", "timestamp": 1765670158738}, {"id": "3011877970", "price": 90228.4, "amount": 0.342, "side": "buy", "timestamp": 1765670158879}, {"id": "3011877971", "price": 90228.5, "amount": 1.34, "side": "buy", "timestamp": 1765670158883}, {"id": "3011877972", "price": 90228.6, "amount": 0.004, "side": "buy", "timestamp": 1765670158894}, {"id": "3011877973", "price": 90229.0, "amount": 0.013, "side": "buy", "timestamp": 1765670158896}, {"id": "3011877974", "price": 90229.1, "amount": 0.002, "side": "buy", "timestamp": 1765670158896}, {"id": "3011877975", "price": 90229.5, "amount": 0.004, "side": "buy", "timestamp": 1765670158897}, {"id": "3011877976", "price": 90229.6, "amount": 0.002, "side": "buy", "timestamp": 1765670158897}, {"id": "3011877977", "price": 90229.7, "amount": 0.002, "side": "buy", "timestamp": 1765670158897}, {"id": "3011877978", "price": 90230.1, "amount": 0.5, "side": "sell", "timestamp": 1765670159214}, {"id": "3011877979", "price": 90230.2, "amount": 0.453, "side": "buy", "timestamp": 1765670159881}, {"id": "3011877980", "price": 90230.2, "amount": 0.032, "side": "buy", "timestamp": 1765670161112}, {"id": "3011877981", "price": 90230.2, "amount": 0.831, "side": "sell", "timestamp": 1765670161401}, {"id": "3011877982", "price": 90230.2, "amount": 0.057, "side": "sell", "timestamp": 1765670161618}, {"id": "3011877983", "price": 90230.2, "amount": 0.823, "side": "sell", "timestamp": 1765670161729}, {"id": "3011877984", "price": 90230.2, "amount": 0.144, "side": "sell", "timestamp": 1765670161935}, {"id": "3011877985", "price": 90230.3, "amount": 0.04, "side": "buy", "timestamp": 1765670162900}, {"id": "3011877986", "price": 90230.3, "amount": 0.831, "side": "buy", "timestamp": 1765670165108}, {"id": "3011877987", "price": 90230.2, "amount": 0.055, "side": "sell", "timestamp": 1765670165217}, {"id": "3011877988", "price": 90230.2, "amount": 0.1, "side": "sell", "timestamp": 1765670166215}, {"id": "3011877989", "price": 90230.3, "amount": 0.003, "side": "buy", "timestamp": 1765670167122}, {"id": "3011877990", "price": 90230.2, "amount": 0.049, "side": "sell", "timestamp": 1765670167345}, {"id": "3011877991", "price": 90230.3, "amount": 0.064, "side": "buy", "timestamp": 1765670167563}, {"id": "3011877992", "price": 90230.2, "amount": 0.831, "side": "sell", "timestamp": 1765670167568}, {"id": "3011877993", "price": 90230.2, "amount": 0.619, "side": "sell", "timestamp": 1765670168768}, {"id": "3011877994", "price": 90230.3, "amount": 0.175, "side": "buy", "timestamp": 1765670169679}, {"id": "3011877995", "price": 90230.2, "amount": 0.002, "side": "sell", "timestamp": 1765670170217}, {"id": "3011877996", "price": 90230.3, "amount": 0.071, "side": "buy", "timestamp": 1765670170237}, {"id": "3011877997", "price": 90230.4, "amount": 0.022, "side": "buy", "timestamp": 1765670170240}, {"id": "3011878050", "price": 90232.0, "amount": 0.002, "side": "sell", "timestamp": 1765670195550}, {"id": "3011878051", "price": 90232.0, "amount": 1.658, "side": "sell", "timestamp": 1765670197521}, {"id": "3011878052", "price": 90232.0, "amount": 0.002, "side": "sell", "timestamp": 1765670198171}, {"id": "3011878053", "price": 90232.1, "amount": 0.003, "side": "buy", "timestamp": 1765670199193}, {"id": "3011878054", "price": 90232.1, "amount": 0.004, "side": "buy", "timestamp": 1765670199819}, {"id": "3011878055", "price": 90232.1, "amount": 0.048, "side": "buy", "timestamp": 1765670200532}, {"id": "3011878056", "price": 90232.0, "amount": 0.002, "side": "sell", "timestamp": 1765670200791}, {"id": "3011878057", "price": 90232.0, "amount": 0.029, "side": "sell", "timestamp": 1765670200968}, {"id": "3011878058", "price": 90232.0, "amount": 0.2, "side": "sell", "timestamp": 1765670202137}, {"id": "3011878059", "price": 90232.0, "amount": 0.002, "side": "sell", "timestamp": 1765670202398}, {"id": "3011878060", "price": 90232.1, "amount": 0.034, "side": "buy", "timestamp": 1765670202420}, {"id": "3011878061", "price": 90232.1, "amount": 0.002, "side": "buy", "timestamp": 1765670203685}, {"id": "3011878062", "price": 90232.0, "amount": 0.002, "side": "sell", "timestamp": 1765670203967}, {"id": "3011878063", "price": 90232.0, "amount": 0.01, "side": "sell", "timestamp": 1765670204214}, {"id": "3011878064", "price": 90232.1, "amount": 0.002, "side": "buy", "timestamp": 1765670204668}, {"id": "3011878065", "price": 90232.0, "amount": 0.005, "side": "sell", "timestamp": 1765670204684}, {"id": "3011878066", "price": 90232.1, "amount": 0.004, "side": "buy", "timestamp": 1765670205012}, {"id": "3011878067", "price": 90232.0, "amount": 0.002, "side": "sell", "timestamp": 1765670205217}, {"id": "3011878068", "price": 90232.1, "amount": 0.033, "side": "buy", "timestamp": 1765670205374}, {"id": "3011878069", "price": 90232.0, "amount": 0.002, "side": "sell", "timestamp": 1765670206274}, {"id": "3011878070", "price": 90232.0, "amount": 0.05, "side": "sell", "timestamp": 1765670206824}, {"id": "3011878071", "price": 90232.1, "amount": 0.003, "side": "buy", "timestamp": 1765670206859}, {"id": "3011878072", "price": 90232.0, "amount": 0.002, "side": "sell", "timestamp": 1765670207319}, {"id": "3011878073", "price": 90232.1, "amount": 0.069, "side": "buy", "timestamp": 1765670207989}, {"id": "3011878074", "price": 90232.1, "amount": 0.055, "side": "buy", "timestamp": 1765670208243}, {"id": "3011878075", "price": 90232.0, "amount": 0.024, "side": "sell", "timestamp": 1765670208338}, {"id": "3011878076", "price": 90232.1, "amount": 0.048, "side": "buy", "timestamp": 1765670209116}, {"id": "3011878077", "price": 90232.1, "amount": 0.021, "side": "buy", "timestamp": 1765670212019}, {"id": "3011878078", "price": 90232.1, "amount": 0.02, "side": "buy", "timestamp": 1765670212315}, {"id": "3011878079", "price": 90232.0, "amount": 0.15, "side": "sell", "timestamp": 1765670212455}, {"id": "3011878080", "price": 90232.1, "amount": 0.764, "side": "buy", "timestamp": 1765670213109}, {"id": "3011878081", "price": 90232.1, "amount": 0.03, "side": "buy", "timestamp": 1765670213611}, {"id": "3011878082", "price": 90232.1, "amount": 0.184, "side": "buy", "timestamp": 1765670214009}, {"id": "3011878083", "price": 90232.1, "amount": 0.008, "side": "buy", "timestamp": 1765670214892}, {"id": "3011878084", "price": 90232.0, "amount": 0.764, "side": "sell", "timestamp": 1765670215495}, {"id": "3011878085", "price": 90232.1, "amount": 0.001, "side": "buy", "timestamp": 1765670216122}, {"id": "3011878086", "price": 90232.1, "amount": 0.733, "side": "buy", "timestamp": 1765670218071}, {"id": "3011878087", "price": 90232.1, "amount": 0.042, "side": "buy", "timestamp": 1765670218549}, {"id": "3011878088", "price": 90232.1, "amount": 0.026, "side": "buy", "timestamp": 1765670219105}, {"id": "3011878089", "price": 90232.0, "amount": 0.002, "side": "sell", "timestamp": 1765670219465}, {"id": "3011878090", "price": 90232.0, "amount": 1.262, "side": "sell", "timestamp": 1765670219652}, {"id": "3011878091", "price": 90232.0, "amount": 0.733, "side": "sell", "timestamp": 1765670220352}, {"id": "3011878092", "price": 90232.0, "amount": 1.275, "side": "sell", "timestamp": 1765670220754}, {"id": "3011878093", "price": 90232.0, "amount": 0.1, "side": "sell", "timestamp": 1765670221129}, {"id": "3011878094", "price": 90232.1, "amount": 0.014, "side": "buy", "timestamp": 1765670221150}, {"id": "3011878095", "price": 90232.1, "amount": 0.042, "side": "buy", "timestamp": 1765670221637}, {"id": "3011878096", "price": 90232.1, "amount": 0.02, "side": "buy", "timestamp": 1765670222032}, {"id": "3011878097", "price": 90232.0, "amount": 0.824, "side": "sell", "timestamp": 1765670222767}, {"id": "3011878098", "price": 90232.1, "amount": 0.743, "side": "buy", "timestamp": 1765670222850}, {"id": "3011878099", "price": 90232.0, "amount": 0.022, "side": "sell", "timestamp": 1765670223182}, {"id": "3011878260", "price": 90234.9, "amount": 0.016, "side": "sell", "timestamp": 1765670265695}, {"id": "3011878261", "price": 90235.0, "amount": 0.105, "side": "buy", "timestamp": 1765670265772}, {"id": "3011878262", "price": 90235.0, "amount": 0.292, "side": "buy", "timestamp": 1765670265962}, {"id": "3011878263", "price": 90235.1, "amount": 0.002, "side": "buy", "timestamp": 1765670265962}, {"id": "3011878264", "price": 90235.2, "amount": 0.002, "side": "buy", "timestamp": 1765670265962}, {"id": "3011878265", "price": 90235.4, "amount": 0.068, "side": "buy", "timestamp": 1765670265962}, {"id": "3011878266", "price": 90235.6, "amount": 0.002, "side": "buy", "timestamp": 1765670265962}, {"id": "3011878267", "price": 90235.7, "amount": 0.002, "side": "buy", "timestamp": 1765670265962}, {"id": "3011878268", "price": 90235.8, "amount": 0.02, "side": "buy", "timestamp": 1765670265962}, {"id": "3011878269", "price": 90236.0, "amount": 0.002, "side": "buy", "timestamp": 1765670265962}, {"id": "3011878270", "price": 90236.3, "amount": 0.003, "side": "buy", "timestamp": 1765670265962}, {"id": "3011878271", "price": 90236.4, "amount": 0.022, "side": "buy", "timestamp": 1765670265962}, {"id": "3011878272", "price": 90236.7, "amount": 0.02, "side": "buy", "timestamp": 1765670265962}, {"id": "3011878273", "price": 90236.8, "amount": 0.011, "side": "buy", "timestamp": 1765670265962}, {"id": "3011878274", "price": 90236.9, "amount": 0.103, "side": "buy", "timestamp": 1765670265962}, {"id": "3011878275", "price": 90237.3, "amount": 0.004, "side": "buy", "timestamp": 1765670265962}, {"id": "3011878276", "price": 90237.4, "amount": 0.008, "side": "buy", "timestamp": 1765670265962}, {"id": "3011878277", "price": 90237.6, "amount": 0.02, "side": "buy", "timestamp": 1765670265962}, {"id": "3011878278", "price": 90237.7, "amount": 0.002, "side": "buy", "timestamp": 1765670265962}, {"id": "3011878279", "price": 90237.8, "amount": 0.002, "side": "buy", "timestamp": 1765670265962}, {"id": "3011878280", "price": 90237.9, "amount": 0.003, "side": "buy", "timestamp": 1765670265962}, {"id": "3011878281", "price": 90238.0, "amount": 0.005, "side": "buy", "timestamp": 1765670265962}, {"id": "3011878282", "price": 90238.1, "amount": 0.033, "side": "buy", "timestamp": 1765670265962}, {"id": "3011878283", "price": 90238.2, "amount": 0.002, "side": "buy", "timestamp": 1765670265962}, {"id": "3011878284", "price": 90238.3, "amount": 0.003, "side": "buy", "timestamp": 1765670265962}, {"id": "3011878285", "price": 90238.4, "amount": 0.002, "side": "buy", "timestamp": 1765670265962}, {"id": "3011878286", "price": 90238.5, "amount": 0.193, "side": "buy", "timestamp": 1765670265962}, {"id": "3011878287", "price": 90238.4, "amount": 0.4, "side": "sell", "timestamp": 1765670267111}, {"id": "3011878288", "price": 90238.4, "amount": 0.276, "side": "sell", "timestamp": 1765670267425}, {"id": "3011878289", "price": 90238.4, "amount": 0.005, "side": "sell", "timestamp": 1765670268196}, {"id": "3011878290", "price": 90238.5, "amount": 0.003, "side": "buy", "timestamp": 1765670268607}, {"id": "3011878291", "price": 90238.4, "amount": 0.826, "side": "sell", "timestamp": 1765670268761}, {"id": "3011878292", "price": 90238.5, "amount": 0.689, "side": "buy", "timestamp": 1765670269046}, {"id": "3011878293", "price": 90238.5, "amount": 0.007, "side": "buy", "timestamp": 1765670269892}, {"id": "3011878294", "price": 90238.4, "amount": 0.02, "side": "sell", "timestamp": 1765670271667}, {"id": "3011878295", "price": 90238.5, "amount": 0.051, "side": "buy", "timestamp": 1765670271948}, {"id": "3011878296", "price": 90238.5, "amount": 0.048, "side": "buy", "timestamp": 1765670272163}, {"id": "3011878297", "price": 90238.5, "amount": 0.763, "side": "buy", "timestamp": 1765670272782}, {"id": "3011878298", "price": 90238.5, "amount": 0.2, "side": "buy", "timestamp": 1765670273353}, {"id": "3011878299", "price": 90238.5, "amount": 5.204, "side": "buy", "timestamp": 1765670273991}, {"id": "3011878300", "price": 90238.6, "amount": 0.028, "side": "buy", "timestamp": 1765670273997}, {"id": "3011878301", "price": 90238.6, "amount": 0.007, "side": "buy", "timestamp": 1765670274413}, {"id": "3011878302", "price": 90238.6, "amount": 0.002, "side": "buy", "timestamp": 1765670274526}, {"id": "3011878303", "price": 90238.5, "amount": 0.761, "side": "sell", "timestamp": 1765670275094}, {"id": "3011878304", "price": 90238.6, "amount": 0.002, "side": "buy", "timestamp": 1765670275859}, {"id": "3011878305", "price": 90238.5, "amount": 0.176, "side": "sell", "timestamp": 1765670276365}, {"id": "3011878306", "price": 90238.5, "amount": 0.004, "side": "sell", "timestamp": 1765670276487}, {"id": "3011878307", "price": 90238.6, "amount": 0.004, "side": "buy", "timestamp": 1765670277345}, {"id": "3011878308", "price": 90238.6, "amount": 0.767, "side": "buy", "timestamp": 1765670277792}, {"id": "3011878309", "price": 90238.6, "amount": 2.739, "side": "buy", "timestamp": 1765670278265}, {"id": "3011878548", "price": 90223.5, "amount": 0.002, "side": "buy", "timestamp": 1765670322084}, {"id": "3011878549", "price": 90223.5, "amount": 0.05, "side": "buy", "timestamp": 1765670322468}, {"id": "3011878550", "price": 90223.5, "amount": 0.002, "side": "buy", "timestamp": 1765670323000}, {"id": "3011878551", "price": 90223.5, "amount": 0.002, "side": "buy", "timestamp": 1765670323831}, {"id": "3011878552", "price": 90223.5, "amount": 0.002, "side": "buy", "timestamp": 1765670325291}, {"id": "3011878553", "price": 90223.5, "amount": 0.002, "side": "buy", "timestamp": 1765670326339}, {"id": "3011878554", "price": 90223.5, "amount": 0.011, "side": "buy", "timestamp": 1765670327031}, {"id": "3011878555", "price": 90223.5, "amount": 0.01, "side": "buy", "timestamp": 1765670328073}, {"id": "3011878556", "price": 90223.5, "amount": 0.528, "side": "buy", "timestamp": 1765670328361}, {"id": "3011878557", "price": 90223.6, "amount": 0.002, "side": "buy", "timestamp": 1765670328373}, {"id": "3011878558", "price": 90223.8, "amount": 0.003, "side": "buy", "timestamp": 1765670328373}, {"id": "3011878559", "price": 90224.1, "amount": 0.004, "side": "buy", "timestamp": 1765670328373}, {"id": "3011878560", "price": 90224.3, "amount": 0.002, "side": "buy", "timestamp": 1765670328373}, {"id": "3011878561", "price": 90224.5, "amount": 0.003, "side": "buy", "timestamp": 1765670328373}, {"id": "3011878562", "price": 90224.7, "amount": 0.002, "side": "buy", "timestamp": 1765670328373}, {"id": "3011878563", "price": 90224.9, "amount": 0.003, "side": "buy", "timestamp": 1765670328373}, {"id": "3011878564", "price": 90225.0, "amount": 0.004, "side": "buy", "timestamp": 1765670328373}, {"id": "3011878565", "price": 90225.1, "amount": 0.003, "side": "buy", "timestamp": 1765670328376}, {"id": "3011878566", "price": 90225.2, "amount": 0.002, "side": "buy", "timestamp": 1765670328379}, {"id": "3011878567", "price": 90225.7, "amount": 0.003, "side": "buy", "timestamp": 1765670328379}, {"id": "3011878568", "price": 90225.8, "amount": 0.003, "side": "buy", "timestamp": 1765670328379}, {"id": "3011878569", "price": 90226.1, "amount": 0.002, "side": "buy", "timestamp": 1765670328379}, {"id": "3011878570", "price": 90226.2, "amount": 0.002, "side": "buy", "timestamp": 1765670328379}, {"id": "3011878571", "price": 90226.4, "amount": 0.003, "side": "buy", "timestamp": 1765670328379}, {"id": "3011878572", "price": 90226.6, "amount": 0.003, "side": "buy", "timestamp": 1765670328379}, {"id": "3011878573", "price": 90226.7, "amount": 0.046, "side": "buy", "timestamp": 1765670328383}, {"id": "3011878574", "price": 90226.8, "amount": 0.002, "side": "buy", "timestamp": 1765670328385}, {"id": "3011878575", "price": 90227.0, "amount": 0.002, "side": "buy", "timestamp": 1765670328385}, {"id": "3011878576", "price": 90227.0, "amount": 0.241, "side": "sell", "timestamp": 1765670328651}, {"id": "3011878577", "price": 90227.1, "amount": 0.005, "side": "buy", "timestamp": 1765670329697}, {"id": "3011878578", "price": 90227.1, "amount": 0.415, "side": "buy", "timestamp": 1765670329821}, {"id": "3011878579", "price": 90227.2, "amount": 0.008, "side": "buy", "timestamp": 1765670329832}, {"id": "3011878580", "price": 90227.3, "amount": 0.002, "side": "buy", "timestamp": 1765670329832}, {"id": "3011878581", "price": 90227.7, "amount": 0.384, "side": "buy", "timestamp": 1765670329835}, {"id": "3011878582", "price": 90227.9, "amount": 0.363, "side": "buy", "timestamp": 1765670329835}, {"id": "3011878583", "price": 90228.1, "amount": 0.005, "side": "buy", "timestamp": 1765670329838}, {"id": "3011878584", "price": 90228.2, "amount": 0.045, "side": "buy", "timestamp": 1765670329841}, {"id": "3011878585", "price": 90228.3, "amount": 0.003, "side": "buy", "timestamp": 1765670329844}, {"id": "3011878586", "price": 90228.6, "amount": 0.032, "side": "buy", "timestamp": 1765670329847}, {"id": "3011878587", "price": 90229.0, "amount": 0.003, "side": "buy", "timestamp": 1765670329851}, {"id": "3011878588", "price": 90229.5, "amount": 0.002, "side": "buy", "timestamp": 1765670329851}, {"id": "3011878589", "price": 90229.6, "amount": 0.003, "side": "buy", "timestamp": 1765670329851}, {"id": "3011878590", "price": 90229.7, "amount": 0.002, "side": "buy", "timestamp": 1765670329851}, {"id": "3011878591", "price": 90229.8, "amount": 0.003, "side": "buy", "timestamp": 1765670329851}, {"id": "3011878592", "price": 90230.0, "amount": 0.002, "side": "buy", "timestamp": 1765670329851}, {"id": "3011878593", "price": 90230.2, "amount": 0.003, "side": "buy", "timestamp": 1765670329851}, {"id": "3011878594", "price": 90230.6, "amount": 0.011, "side": "sell", "timestamp": 1765670330041}, {"id": "3011878595", "price": 90230.6, "amount": 0.002, "side": "sell", "timestamp": 1765670330254}, {"id": "3011878596", "price": 90230.7, "amount": 0.193, "side": "buy", "timestamp": 1765670330586}, {"id": "3011878597", "price": 90230.7, "amount": 0.02, "side": "buy", "timestamp": 1765670331473}, {"id": "3011879001", "price": 90200.6, "amount": 0.011, "side": "sell", "timestamp": 1765670376218}, {"id": "3011879002", "price": 90200.5, "amount": 0.002, "side": "sell", "timestamp": 1765670376218}, {"id": "3011879003", "price": 90200.4, "amount": 0.014, "side": "sell", "timestamp": 1765670376218}, {"id": "3011879004", "price": 90200.3, "amount": 0.005, "side": "sell", "timestamp": 1765670376218}, {"id": "3011879005", "price": 90200.2, "amount": 0.034, "side": "sell", "timestamp": 1765670376218}, {"id": "3011879006", "price": 90200.1, "amount": 0.02, "side": "sell", "timestamp": 1765670376218}, {"id": "3011879007", "price": 90200.0, "amount": 0.454, "side": "sell", "timestamp": 1765670376218}, {"id": "3011879008", "price": 90199.9, "amount": 0.002, "side": "sell", "timestamp": 1765670376218}, {"id": "3011879009", "price": 90199.8, "amount": 0.003, "side": "sell", "timestamp": 1765670376218}, {"id": "3011879010", "price": 90199.7, "amount": 0.031, "side": "sell", "timestamp": 1765670376218}, {"id": "3011879011", "price": 90199.5, "amount": 0.005, "side": "sell", "timestamp": 1765670376218}, {"id": "3011879012", "price": 90199.4, "amount": 0.003, "side": "sell", "timestamp": 1765670376218}, {"id": "3011879013", "price": 90199.3, "amount": 0.005, "side": "sell", "timestamp": 1765670376218}, {"id": "3011879014", "price": 90199.2, "amount": 0.035, "side": "sell", "timestamp": 1765670376218}, {"id": "3011879015", "price": 90199.1, "amount": 0.002, "side": "sell", "timestamp": 1765670376218}, {"id": "3011879016", "price": 90199.0, "amount": 0.007, "side": "sell", "timestamp": 1765670376218}, {"id": "3011879017", "price": 90198.9, "amount": 0.003, "side": "sell", "timestamp": 1765670376218}, {"id": "3011879018", "price": 90198.8, "amount": 0.08, "side": "sell", "timestamp": 1765670376218}, {"id": "3011879019", "price": 90198.7, "amount": 0.031, "side": "sell", "timestamp": 1765670376218}, {"id": "3011879020", "price": 90198.5, "amount": 0.003, "side": "sell", "timestamp": 1765670376218}, {"id": "3011879021", "price": 90198.4, "amount": 0.013, "side": "sell", "timestamp": 1765670376218}, {"id": "3011879022", "price": 90198.3, "amount": 0.003, "side": "sell", "timestamp": 1765670376218}, {"id": "3011879023", "price": 90198.2, "amount": 0.036, "side": "sell", "timestamp": 1765670376218}, {"id": "3011879024", "price": 90198.0, "amount": 0.009, "side": "sell", "timestamp": 1765670376218}, {"id": "3011879025", "price": 90197.9, "amount": 0.529, "side": "sell", "timestamp": 1765670376218}, {"id": "3011879026", "price": 90197.8, "amount": 0.002, "side": "sell", "timestamp": 1765670376218}, {"id": "3011879027", "price": 90197.7, "amount": 0.031, "side": "sell", "timestamp": 1765670376218}, {"id": "3011879028", "price": 90197.5, "amount": 0.008, "side": "sell", "timestamp": 1765670376218}, {"id": "3011879029", "price": 90197.4, "amount": 0.003, "side": "sell", "timestamp": 1765670376218}, {"id": "3011879030", "price": 90197.2, "amount": 0.031, "side": "sell", "timestamp": 1765670376218}, {"id": "3011879031", "price": 90197.1, "amount": 0.033, "side": "sell", "timestamp": 1765670376218}, {"id": "3011879032", "price": 90197.0, "amount": 0.003, "side": "sell", "timestamp": 1765670376218}, {"id": "3011879033", "price": 90196.9, "amount": 0.005, "side": "sell", "timestamp": 1765670376222}, {"id": "3011879034", "price": 90196.9, "amount": 0.006, "side": "sell", "timestamp": 1765670376723}, {"id": "3011879035", "price": 90196.9, "amount": 0.002, "side": "sell", "timestamp": 1765670377691}, {"id": "3011879036", "price": 90196.9, "amount": 0.885, "side": "sell", "timestamp": 1765670377866}, {"id": "3011879037", "price": 90196.9, "amount": 0.03, "side": "sell", "timestamp": 1765670378934}, {"id": "3011879038", "price": 90197.0, "amount": 0.002, "side": "buy", "timestamp": 1765670379064}, {"id": "3011879039", "price": 90197.0, "amount": 0.003, "side": "buy", "timestamp": 1765670380951}, {"id": "3011879040", "price": 90196.9, "amount": 0.04, "side": "sell", "timestamp": 1765670381159}, {"id": "3011879041", "price": 90196.9, "amount": 0.669, "side": "sell", "timestamp": 1765670381572}, {"id": "3011879042", "price": 90196.9, "amount": 3.328, "side": "sell", "timestamp": 1765670381972}, {"id": "3011879043", "price": 90197.0, "amount": 0.01, "side": "buy", "timestamp": 1765670382081}, {"id": "3011879044", "price": 90196.9, "amount": 0.025, "side": "sell", "timestamp": 1765670382526}, {"id": "3011879045", "price": 90196.9, "amount": 0.556, "side": "sell", "timestamp": 1765670382772}, {"id": "3011879046", "price": 90196.9, "amount": 0.011, "side": "sell", "timestamp": 1765670382945}