[{"symbol": "XRPUSDT", "bids": [[2.0378, 55922.5], [2.0377, 22343.9], [2.0376, 16533.8], [2.0375, 10160.4], [2.0374, 8116.5], [2.0373, 12824.6], [2.0372, 23362.9], [2.0371, 42099.5], [2.037, 26973.7], [2.0369, 84875.2], [2.0368, 33637.2], [2.0367, 19136.0], [2.0366, 18687.3], [2.0365, 43927.5], [2.0364, 51546.3], [2.0363, 15605.1], [2.0362, 13098.0], [2.0361, 29014.6], [2.036, 27276.3], [2.0359, 21227.6]], "asks": [[2.0379, 653.6], [2.038, 3557.2], [2.0381, 11063.3], [2.0382, 25308.0], [2.0383, 11445.8], [2.0384, 19182.7], [2.0385, 19310.2], [2.0386, 27763.3], [2.0387, 27422.2], [2.0388, 25439.2], [2.0389, 75198.2], [2.039, 35120.9], [2.0391, 68596.6], [2.0392, 17832.4], [2.0393, 27017.9], [2.0394, 2885.8], [2.0395, 16659.3], [2.0396, 42065.3], [2.0397, 36367.8], [2.0398, 11175.0]], "timestamp": "2025-12-06T04:50:51.140003+00:00"}, {"symbol": "XRPUSDT", "bids": [[2.0377, 945.0], [2.0376, 4192.7], [2.0375, 7274.7], [2.0374, 4178.6], [2.0373, 13322.2], [2.0372, 42453.9], [2.0371, 53687.9], [2.037, 12170.4], [2.0369, 21446.5], [2.0368, 28989.0], [2.0367, 76721.9], [2.0366, 16662.6], [2.0365, 34564.7], [2.0364, 62074.2], [2.0363, 14517.6], [2.0362, 10612.3], [2.0361, 22626.1], [2.036, 11837.0], [2.0359, 47171.9], [2.0358, 32635.4]], "asks": [[2.0378, 14513.0], [2.0379, 16605.8], [2.038, 17441.2], [2.0381, 13825.8], [2.0382, 26390.1], [2.0383, 38580.0], [2.0384, 40161.6], [2.0385, 11182.4], [2.0386, 16526.6], [2.0387, 24099.3], [2.0388, 32503.7], [2.0389, 119900.6], [2.039, 19235.1], [2.0391, 13404.0], [2.0392, 25496.3], [2.0393, 24354.8], [2.0394, 15025.1], [2.0395, 32382.6], [2.0396, 46056.7], [2.0397, 50428.2]], "timestamp": "2025-12-06T04:51:32.324728+00:00"}, {"symbol": "XRPUSDT", "bids": [[2.0381, 15708.2], [2.038, 25556.2], [2.0379, 23123.3], [2.0378, 17413.0], [2.0377, 12754.0], [2.0376, 11449.2], [2.0375, 18698.0], [2.0374, 21035.2], [2.0373, 96222.1], [2.0372, 42091.4], [2.0371, 51924.3], [2.037, 14103.4], [2.0369, 19545.9], [2.0368, 15493.2], [2.0367, 20240.7], [2.0366, 15604.9], [2.0365, 51077.0], [2.0364, 64763.0], [2.0363, 15702.6], [2.0362, 13633.9]], "asks": [[2.0382, 799.3], [2.0383, 5246.6], [2.0384, 7143.5], [2.0385, 9521.1], [2.0386, 19378.6], [2.0387, 28561.3], [2.0388, 22906.5], [2.0389, 54948.0], [2.039, 26302.2], [2.0391, 31873.5], [2.0392, 17624.4], [2.0393, 23715.2], [2.0394, 11011.3], [2.0395, 82436.4], [2.0396, 41567.2], [2.0397, 43064.8], [2.0398, 18775.9], [2.0399, 23837.3], [2.04, 18198.9], [2.0401, 16829.4]], "timestamp": "2025-12-06T04:52:23.401490+00:00"}, {"symbol": "XRPUSDT", "bids": [[2.0391, 41808.3], [2.039, 62026.8], [2.0389, 20151.4], [2.0388, 14180.1], [2.0387, 10724.3], [2.0386, 26065.9], [2.0385, 19578.2], [2.0384, 41168.5], [2.0383, 123882.7], [2.0382, 11785.6], [2.0381, 18463.3], [2.038, 20146.1], [2.0379, 60035.7], [2.0378, 14185.6], [2.0377, 5907.7], [2.0376, 18688.5], [2.0375, 13808.5], [2.0374, 26029.4], [2.0373, 12228.7], [2.0372, 25408.6]], "asks": [[2.0392, 7812.7], [2.0393, 2455.5], [2.0394, 5545.6], [2.0395, 11527.6], [2.0396, 20750.3], [2.0397, 22062.8], [2.0398, 25947.9], [2.0399, 16585.1], [2.04, 24480.0], [2.0401, 32085.3], [2.0402, 27187.0], [2.0403, 57185.1], [2.0404, 89644.4], [2.0405, 29537.7], [2.0406, 21458.2], [2.0407, 18952.8], [2.0408, 24178.2], [2.0409, 25624.8], [2.041, 63928.2], [2.0411, 30619.2]], "timestamp": "2025-12-06T04:53:14.729829+00:00"}, {"symbol": "XRPUSDT", "bids": [[2.0392, 4008.8], [2.0391, 3962.0], [2.039, 8691.5], [2.0389, 15550.1], [2.0388, 37805.8], [2.0387, 15684.6], [2.0386, 64955.4], [2.0385, 22261.6], [2.0384, 20203.7], [2.0383, 23870.3], [2.0382, 8561.4], [2.0381, 65812.5], [2.038, 24050.3], [2.0379, 77933.7], [2.0378, 16272.4], [2.0377, 5382.3], [2.0376, 14906.9], [2.0375, 20348.1], [2.0374, 8809.3], [2.0373, 16821.6]], "asks": [[2.0393, 33423.3], [2.0394, 3263.4], [2.0395, 10876.1], [2.0396, 10120.6], [2.0397, 19183.2], [2.0398, 21295.1], [2.0399, 17676.0], [2.04, 27067.3], [2.0401, 37522.1], [2.0402, 21162.4], [2.0403, 53405.4], [2.0404, 89631.1], [2.0405, 24243.3], [2.0406, 23608.7], [2.0407, 33183.0], [2.0408, 51765.0], [2.0409, 34442.1], [2.041, 60266.0], [2.0411, 39647.9], [2.0412, 10629.1]], "timestamp": "2025-12-06T04:54:05.782378+00:00"}, {"symbol": "XRPUSDT", "bids": [[2.0392, 5919.5], [2.0391, 2920.3], [2.039, 7740.0], [2.0389, 11873.6], [2.0388, 37845.2], [2.0387, 17225.1], [2.0386, 26108.4], [2.0385, 25995.6], [2.0384, 16354.1], [2.0383, 22907.5], [2.0382, 19341.2], [2.0381, 71033.8], [2.038, 25484.8], [2.0379, 62628.9], [2.0378, 32052.4], [2.0377, 6239.2], [2.0376, 16143.7], [2.0375, 17481.7], [2.0374, 10137.3], [2.0373, 21821.0]], "asks": [[2.0393, 28784.5], [2.0394, 2741.9], [2.0395, 12590.0], [2.0396, 18744.3], [2.0397, 26433.0], [2.0398, 18759.5], [2.0399, 16277.5], [2.04, 28661.9], [2.0401, 38041.8], [2.0402, 28843.0], [2.0403, 74561.7], [2.0404, 92725.6], [2.0405, 37235.5], [2.0406, 23082.7], [2.0407, 37759.8], [2.0408, 24633.3], [2.0409, 28270.2], [2.041, 60266.0], [2.0411, 38180.8], [2.0412, 10629.1]], "timestamp": "2025-12-06T04:54:57.245172+00:00"}, {"symbol": "XRPUSDT", "bids": [[2.0392, 4478.2], [2.0391, 7188.3], [2.039, 6292.4], [2.0389, 13728.7], [2.0388, 35595.7], [2.0387, 22063.6], [2.0386, 11903.9], [2.0385, 14528.6], [2.0384, 8061.8], [2.0383, 29141.3], [2.0382, 25252.1], [2.0381, 74806.6], [2.038, 24239.8], [2.0379, 80227.2], [2.0378, 15008.4], [2.0377, 11417.3], [2.0376, 22248.7], [2.0375, 14349.8], [2.0374, 7361.5], [2.0373, 21796.9]], "asks": [[2.0393, 42589.2], [2.0394, 28543.1], [2.0395, 27885.2], [2.0396, 31609.6], [2.0397, 27577.6], [2.0398, 8290.6], [2.0399, 20923.1], [2.04, 22091.0], [2.0401, 33500.1], [2.0402, 76455.0], [2.0403, 56013.7], [2.0404, 26228.6], [2.0405, 15078.3], [2.0406, 21448.4], [2.0407, 34505.4], [2.0408, 43730.1], [2.0409, 21567.2], [2.041, 58690.0], [2.0411, 30658.3], [2.0412, 14016.2]], "timestamp": "2025-12-06T04:55:48.750131+00:00"}, {"symbol": "XRPUSDT", "bids": [[2.0398, 37828.0], [2.0397, 22506.7], [2.0396, 16705.7], [2.0395, 18862.7], [2.0394, 5319.1], [2.0393, 9474.8], [2.0392, 9438.9], [2.0391, 7800.4], [2.039, 18741.2], [2.0389, 24287.8], [2.0388, 124571.9], [2.0387, 29870.4], [2.0386, 54317.5], [2.0385, 13648.1], [2.0384, 9769.1], [2.0383, 16118.9], [2.0382, 15859.7], [2.0381, 35768.6], [2.038, 25137.1], [2.0379, 69883.1]], "asks": [[2.0399, 1806.9], [2.04, 8981.8], [2.0401, 10703.9], [2.0402, 9319.1], [2.0403, 18159.2], [2.0404, 20718.7], [2.0405, 24047.9], [2.0406, 33910.4], [2.0407, 29892.8], [2.0408, 34299.6], [2.0409, 95603.8], [2.041, 92315.0], [2.0411, 44444.6], [2.0412, 22203.9], [2.0413, 25839.1], [2.0414, 13475.8], [2.0415, 12915.9], [2.0416, 23127.2], [2.0417, 41536.8], [2.0418, 29148.2]], "timestamp": "2025-12-06T04:56:39.811528+00:00"}, {"symbol": "XRPUSDT", "bids": [[2.0395, 6088.7], [2.0394, 6415.2], [2.0393, 33519.5], [2.0392, 5477.1], [2.0391, 10368.4], [2.039, 20990.1], [2.0389, 16063.3], [2.0388, 20798.4], [2.0387, 35087.0], [2.0386, 57586.1], [2.0385, 33309.8], [2.0384, 65407.1], [2.0383, 15868.3], [2.0382, 13801.0], [2.0381, 43783.9], [2.038, 22288.9], [2.0379, 63285.7], [2.0378, 13653.3], [2.0377, 8546.4], [2.0376, 51499.9]], "asks": [[2.0396, 24076.8], [2.0397, 18910.4], [2.0398, 22230.1], [2.0399, 32743.1], [2.04, 17920.2], [2.0401, 22394.0], [2.0402, 27931.3], [2.0403, 60672.7], [2.0404, 36083.1], [2.0405, 88874.5], [2.0406, 21201.8], [2.0407, 32611.5], [2.0408, 19366.9], [2.0409, 42934.2], [2.041, 87571.6], [2.0411, 38226.9], [2.0412, 19903.2], [2.0413, 27219.3], [2.0414, 14206.7], [2.0415, 21042.7]], "timestamp": "2025-12-06T04:57:31.829371+00:00"}, {"symbol": "XRPUSDT", "bids": [[2.0398, 12927.2], [2.0397, 9200.8], [2.0396, 14589.5], [2.0395, 22520.4], [2.0394, 27324.6], [2.0393, 27691.1], [2.0392, 71764.6], [2.0391, 34772.1], [2.039, 27276.1], [2.0389, 14690.2], [2.0388, 55871.9], [2.0387, 75831.2], [2.0386, 17578.1], [2.0385, 18726.3], [2.0384, 10682.1], [2.0383, 14493.5], [2.0382, 15387.6], [2.0381, 31076.0], [2.038, 19883.9], [2.0379, 77061.2]], "asks": [[2.0399, 24645.0], [2.04, 13773.5], [2.0401, 9340.1], [2.0402, 17944.8], [2.0403, 20923.3], [2.0404, 21522.3], [2.0405, 31287.0], [2.0406, 28541.3], [2.0407, 48090.3], [2.0408, 27988.2], [2.0409, 101140.5], [2.041, 88445.6], [2.0411, 44621.4], [2.0412, 16111.0], [2.0413, 27958.0], [2.0414, 17673.9], [2.0415, 19375.4], [2.0416, 25311.7], [2.0417, 37032.5], [2.0418, 29092.2]], "timestamp": "2025-12-06T04:58:23.673114+00:00"}, {"symbol": "XRPUSDT", "bids": [[2.0394, 5982.0], [2.0393, 10968.4], [2.0392, 35826.5], [2.0391, 11082.0], [2.039, 14406.5], [2.0389, 12753.4], [2.0388, 11485.8], [2.0387, 26252.4], [2.0386, 62271.0], [2.0385, 54917.5], [2.0384, 67221.7], [2.0383, 15112.1], [2.0382, 15715.3], [2.0381, 27756.5], [2.038, 22740.6], [2.0379, 61491.5], [2.0378, 13552.3], [2.0377, 12659.4], [2.0376, 39187.6], [2.0375, 14491.6]], "asks": [[2.0395, 20305.0], [2.0396, 11785.9], [2.0397, 27248.9], [2.0398, 20391.6], [2.0399, 35535.8], [2.04, 24524.2], [2.0401, 16548.7], [2.0402, 26878.1], [2.0403, 65632.3], [2.0404, 30287.6], [2.0405, 93808.2], [2.0406, 22652.4], [2.0407, 24884.3], [2.0408, 39612.9], [2.0409, 29074.2], [2.041, 68314.2], [2.0411, 38131.3], [2.0412, 20537.3], [2.0413, 42398.8], [2.0414, 24004.0]], "timestamp": "2025-12-06T04:59:14.989681+00:00"}, {"symbol": "XRPUSDT", "bids": [[2.0397, 4313.2], [2.0396, 2375.5], [2.0395, 10376.3], [2.0394, 10301.9], [2.0393, 15634.6], [2.0392, 53674.0], [2.0391, 23001.8], [2.039, 13761.0], [2.0389, 28064.3], [2.0388, 24280.8], [2.0387, 86133.4], [2.0386, 69061.3], [2.0385, 20895.4], [2.0384, 3478.9], [2.0383, 17776.0], [2.0382, 14594.7], [2.0381, 27477.9], [2.038, 23066.8], [2.0379, 61274.1], [2.0378, 20551.1]], "asks": [[2.0398, 25150.8], [2.0399, 11932.9], [2.04, 23763.7], [2.0401, 15377.5], [2.0402, 14486.6], [2.0403, 17067.5], [2.0404, 25628.1], [2.0405, 19594.5], [2.0406, 27449.7], [2.0407, 45403.7], [2.0408, 92603.6], [2.0409, 32169.0], [2.041, 70641.5], [2.0411, 55018.6], [2.0412, 39823.5], [2.0413, 26370.9], [2.0414, 14608.7], [2.0415, 11420.0], [2.0416, 25343.2], [2.0417, 37828.5]], "timestamp": "2025-12-06T05:00:06.309747+00:00"}, {"symbol": "XRPUSDT", "bids": [[2.0403, 47977.0], [2.0402, 10851.8], [2.0401, 18670.3], [2.04, 35423.2], [2.0399, 28545.4], [2.0398, 53979.0], [2.0397, 46379.2], [2.0396, 3678.4], [2.0395, 14944.4], [2.0394, 24846.3], [2.0393, 134859.6], [2.0392, 8847.4], [2.0391, 12717.6], [2.039, 11533.8], [2.0389, 12609.2], [2.0388, 10032.0], [2.0387, 28264.9], [2.0386, 52625.3], [2.0385, 29283.7], [2.0384, 32306.6]], "asks": [[2.0404, 4585.7], [2.0405, 3276.2], [2.0406, 8509.8], [2.0407, 21698.3], [2.0408, 16052.9], [2.0409, 32005.3], [2.041, 64910.8], [2.0411, 64870.0], [2.0412, 101500.6], [2.0413, 20494.8], [2.0414, 21583.4], [2.0415, 21839.5], [2.0416, 32263.7], [2.0417, 51803.6], [2.0418, 25947.0], [2.0419, 59486.9], [2.042, 14537.1], [2.0421, 16644.0], [2.0422, 21442.6], [2.0423, 38200.7]], "timestamp": "2025-12-06T05:00:57.601062+00:00"}, {"symbol": "XRPUSDT", "bids": [[2.041, 10565.3], [2.0409, 13364.4], [2.0408, 8403.0], [2.0407, 15626.4], [2.0406, 24988.2], [2.0405, 32497.6], [2.0404, 19248.6], [2.0403, 24044.7], [2.0402, 54366.1], [2.0401, 98875.0], [2.04, 26179.8], [2.0399, 8054.3], [2.0398, 19158.8], [2.0397, 9436.6], [2.0396, 19784.9], [2.0395, 76880.3], [2.0394, 21658.1], [2.0393, 21150.9], [2.0392, 18969.8], [2.0391, 18591.9]], "asks": [[2.0411, 55837.8], [2.0412, 28976.4], [2.0413, 16946.4], [2.0414, 50378.8], [2.0415, 31531.7], [2.0416, 102434.9], [2.0417, 238430.9], [2.0418, 52486.9], [2.0419, 108018.3], [2.042, 188577.1], [2.0421, 24732.1], [2.0422, 13089.3], [2.0423, 40435.7], [2.0424, 22850.3], [2.0425, 49817.4], [2.0426, 129636.5], [2.0427, 31391.2], [2.0428, 56707.9], [2.0429, 31831.5], [2.043, 44089.2]], "timestamp": "2025-12-06T05:01:49.006577+00:00"}, {"symbol": "XRPUSDT", "bids": [[2.0391, 2688.4], [2.039, 33440.0], [2.0389, 9505.4], [2.0388, 25353.5], [2.0387, 16611.8], [2.0386, 24804.5], [2.0385, 47934.5], [2.0384, 33817.2], [2.0383, 31890.6], [2.0382, 17062.3], [2.0381, 119247.3], [2.038, 26749.2], [2.0379, 66719.8], [2.0378, 18053.7], [2.0377, 17771.4], [2.0376, 18917.0], [2.0375, 42689.4], [2.0374, 34690.5], [2.0373, 137640.0], [2.0372, 26562.1]], "asks": [[2.0392, 23617.3], [2.0393, 155651.2], [2.0394, 53843.4], [2.0395, 7532.3], [2.0396, 12013.4], [2.0397, 11997.1], [2.0398, 11012.9], [2.0399, 16803.0], [2.04, 21901.5], [2.0401, 18236.1], [2.0402, 37958.5], [2.0403, 93140.1], [2.0404, 33011.2], [2.0405, 59914.1], [2.0406, 20301.1], [2.0407, 10262.8], [2.0408, 23292.1], [2.0409, 9945.7], [2.041, 42931.6], [2.0411, 35240.8]], "timestamp": "2025-12-06T05:02:40.228366+00:00"}, {"symbol": "XRPUSDT", "bids": [[2.0391, 2677.1], [2.039, 9625.0], [2.0389, 14536.9], [2.0388, 11566.6], [2.0387, 26873.9], [2.0386, 16217.2], [2.0385, 28819.9], [2.0384, 40872.1], [2.0383, 100179.9], [2.0382, 21581.0], [2.0381, 42820.4], [2.038, 50124.6], [2.0379, 77992.1], [2.0378, 27155.1], [2.0377, 18164.5], [2.0376, 20773.6], [2.0375, 18478.6], [2.0374, 11909.2], [2.0373, 20397.4], [2.0372, 37454.7]], "asks": [[2.0392, 31367.2], [2.0393, 24782.8], [2.0394, 30224.1], [2.0395, 41971.3], [2.0396, 50198.1], [2.0397, 20180.2], [2.0398, 28276.8], [2.0399, 18731.2], [2.04, 16369.1], [2.0401, 9623.2], [2.0402, 21548.7], [2.0403, 35164.5], [2.0404, 106464.9], [2.0405, 11285.5], [2.0406, 15627.9], [2.0407, 23751.0], [2.0408, 26165.4], [2.0409, 7451.7], [2.041, 20662.8], [2.0411, 22107.8]], "timestamp": "2025-12-06T05:03:31.628744+00:00"}, {"symbol": "XRPUSDT", "bids": [[2.0387, 7205.6], [2.0386, 14150.5], [2.0385, 9338.6], [2.0384, 15257.7], [2.0383, 33831.2], [2.0382, 21582.1], [2.0381, 41061.2], [2.038, 27623.7], [2.0379, 99159.6], [2.0378, 85253.4], [2.0377, 9733.2], [2.0376, 19936.5], [2.0375, 23545.2], [2.0374, 38378.7], [2.0373, 12831.1], [2.0372, 26956.1], [2.0371, 46501.4], [2.037, 16090.1], [2.0369, 9477.0], [2.0368, 17151.7]], "asks": [[2.0388, 13757.3], [2.0389, 20042.4], [2.039, 21424.8], [2.0391, 32116.2], [2.0392, 32206.7], [2.0393, 19773.2], [2.0394, 28301.3], [2.0395, 60705.2], [2.0396, 46898.2], [2.0397, 18435.4], [2.0398, 34303.4], [2.0399, 86924.9], [2.04, 15473.6], [2.0401, 9666.3], [2.0402, 23566.0], [2.0403, 45193.8], [2.0404, 93681.2], [2.0405, 15784.3], [2.0406, 22258.5], [2.0407, 13662.2]], "timestamp": "2025-12-06T05:04:22.902381+00:00"}, {"symbol": "XRPUSDT", "bids": [[2.0395, 33669.8], [2.0394, 19426.2], [2.0393, 24657.1], [2.0392, 14910.6], [2.0391, 23065.3], [2.039, 32470.1], [2.0389, 35932.1], [2.0388, 44041.0], [2.0387, 95614.4], [2.0386, 48160.3], [2.0385, 18196.4], [2.0384, 13597.7], [2.0383, 28519.4], [2.0382, 9512.8], [2.0381, 32443.6], [2.038, 54796.2], [2.0379, 79400.8], [2.0378, 26529.1], [2.0377, 16299.1], [2.0376, 30200.3]], "asks": [[2.0396, 11701.1], [2.0397, 6504.7], [2.0398, 17730.4], [2.0399, 14727.3], [2.04, 19442.5], [2.0401, 21119.3], [2.0402, 39682.8], [2.0403, 38499.4], [2.0404, 85249.5], [2.0405, 20193.9], [2.0406, 35514.7], [2.0407, 15043.2], [2.0408, 40045.4], [2.0409, 76940.1], [2.041, 24921.6], [2.0411, 38510.3], [2.0412, 81568.0], [2.0413, 24908.0], [2.0414, 18788.6], [2.0415, 26701.5]], "timestamp": "2025-12-06T05:05:14.407982+00:00"}, {"symbol": "XRPUSDT", "bids": [[2.04, 6755.4], [2.0399, 5473.6], [2.0398, 9955.5], [2.0397, 13258.6], [2.0396, 26445.1], [2.0395, 16068.0], [2.0394, 25088.2], [2.0393, 42061.6], [2.0392, 26633.5], [2.0391, 94776.2], [2.039, 12804.5], [2.0389, 12660.1], [2.0388, 30347.6], [2.0387, 48392.4], [2.0386, 47230.9], [2.0385, 50793.1], [2.0384, 14545.6], [2.0383, 20702.6], [2.0382, 17219.4], [2.0381, 39111.5]], "asks": [[2.0401, 74508.8], [2.0402, 44937.4], [2.0403, 53714.3], [2.0404, 52709.1], [2.0405, 15315.7], [2.0406, 9525.8], [2.0407, 10403.6], [2.0408, 21979.3], [2.0409, 12598.8], [2.041, 29109.9], [2.0411, 34962.8], [2.0412, 65216.1], [2.0413, 89688.6], [2.0414, 22951.7], [2.0415, 22512.5], [2.0416, 37243.4], [2.0417, 36640.8], [2.0418, 29269.3], [2.0419, 72310.4], [2.042, 17062.9]], "timestamp": "2025-12-06T05:06:05.633771+00:00"}, {"symbol": "XRPUSDT", "bids": [[2.0394, 13543.0], [2.0393, 13487.9], [2.0392, 12178.4], [2.0391, 19316.9], [2.039, 40843.5], [2.0389, 15269.9], [2.0388, 33871.1], [2.0387, 35553.8], [2.0386, 118399.3], [2.0385, 27011.1], [2.0384, 28679.5], [2.0383, 16405.9], [2.0382, 21878.9], [2.0381, 29211.5], [2.038, 52953.5], [2.0379, 65624.4], [2.0378, 29220.7], [2.0377, 15861.6], [2.0376, 29321.5], [2.0375, 11760.0]], "asks": [[2.0395, 1790.4], [2.0396, 20965.0], [2.0397, 8192.8], [2.0398, 17123.2], [2.0399, 22794.7], [2.04, 54024.2], [2.0401, 57756.1], [2.0402, 45610.3], [2.0403, 60052.7], [2.0404, 45997.1], [2.0405, 57358.6], [2.0406, 20358.5], [2.0407, 104052.3], [2.0408, 39460.7], [2.0409, 14962.8], [2.041, 50587.3], [2.0411, 34360.9], [2.0412, 49810.1], [2.0413, 25307.5], [2.0414, 19058.8]], "timestamp": "2025-12-06T05:06:56.993347+00:00"}, {"symbol": "XRPUSDT", "bids": [[2.0388, 15444.0], [2.0387, 11614.9], [2.0386, 11085.0], [2.0385, 17542.5], [2.0384, 32857.5], [2.0383, 14199.8], [2.0382, 25981.0], [2.0381, 29076.7], [2.038, 34093.1], [2.0379, 73902.7], [2.0378, 90241.6], [2.0377, 20989.9], [2.0376, 23871.7], [2.0375, 44942.4], [2.0374, 38983.7], [2.0373, 15962.6], [2.0372, 22765.6], [2.0371, 49065.3], [2.037, 20090.1], [2.0369, 10533.3]], "asks": [[2.0389, 12331.9], [2.039, 16039.6], [2.0391, 47315.0], [2.0392, 30175.4], [2.0393, 19894.0], [2.0394, 21470.0], [2.0395, 31249.4], [2.0396, 19084.3], [2.0397, 25292.3], [2.0398, 72528.3], [2.0399, 20476.9], [2.04, 109590.4], [2.0401, 29219.2], [2.0402, 25190.0], [2.0403, 54633.9], [2.0404, 40720.1], [2.0405, 62072.1], [2.0406, 22999.0], [2.0407, 45148.9], [2.0408, 30907.6]], "timestamp": "2025-12-06T05:07:48.399379+00:00"}, {"symbol": "XRPUSDT", "bids": [[2.039, 17877.5], [2.0389, 14531.2], [2.0388, 19393.1], [2.0387, 11408.1], [2.0386, 18292.7], [2.0385, 25023.4], [2.0384, 44397.0], [2.0383, 31940.1], [2.0382, 83385.3], [2.0381, 20107.9], [2.038, 23358.0], [2.0379, 71735.3], [2.0378, 42174.3], [2.0377, 21595.0], [2.0376, 20899.3], [2.0375, 19530.5], [2.0374, 38983.7], [2.0373, 15913.6], [2.0372, 23298.7], [2.0371, 56421.6]], "asks": [[2.0391, 2680.7], [2.0392, 17224.4], [2.0393, 7843.8], [2.0394, 6835.9], [2.0395, 14601.9], [2.0396, 24214.9], [2.0397, 23843.2], [2.0398, 64922.0], [2.0399, 21554.4], [2.04, 28820.2], [2.0401, 33215.0], [2.0402, 39850.7], [2.0403, 119412.7], [2.0404, 72315.2], [2.0405, 53995.5], [2.0406, 18653.1], [2.0407, 27715.4], [2.0408, 31669.0], [2.0409, 15998.7], [2.041, 26833.2]], "timestamp": "2025-12-06T05:08:39.551700+00:00"}, {"symbol": "XRPUSDT", "bids": [[2.0395, 57779.3], [2.0394, 36108.6], [2.0393, 26121.9], [2.0392, 33072.2], [2.0391, 17357.1], [2.039, 30386.8], [2.0389, 41853.3], [2.0388, 47338.0], [2.0387, 96631.6], [2.0386, 50209.0], [2.0385, 17145.7], [2.0384, 14672.8], [2.0383, 15134.5], [2.0382, 8888.9], [2.0381, 42860.0], [2.038, 24236.7], [2.0379, 65663.3], [2.0378, 29334.8], [2.0377, 45755.9], [2.0376, 25462.1]], "asks": [[2.0396, 5633.3], [2.0397, 245.9], [2.0398, 6321.8], [2.0399, 8327.9], [2.04, 11834.6], [2.0401, 15871.2], [2.0402, 34028.1], [2.0403, 49216.7], [2.0404, 43294.7], [2.0405, 56861.2], [2.0406, 19480.0], [2.0407, 52292.7], [2.0408, 40795.7], [2.0409, 81488.2], [2.041, 23965.8], [2.0411, 30038.3], [2.0412, 57699.6], [2.0413, 18318.2], [2.0414, 28477.8], [2.0415, 20911.6]], "timestamp": "2025-12-06T05:09:30.953632+00:00"}, {"symbol": "XRPUSDT", "bids": [[2.0399, 33285.2], [2.0398, 9318.3], [2.0397, 21807.0], [2.0396, 15402.6], [2.0395, 20708.6], [2.0394, 29671.2], [2.0393, 61873.1], [2.0392, 29925.1], [2.0391, 38919.9], [2.039, 87452.4], [2.0389, 29839.8], [2.0388, 31135.2], [2.0387, 31376.7], [2.0386, 50312.4], [2.0385, 16820.7], [2.0384, 14086.2], [2.0383, 19545.8], [2.0382, 7602.0], [2.0381, 26979.6], [2.038, 44459.2]], "asks": [[2.04, 18479.2], [2.0401, 4584.5], [2.0402, 22780.2], [2.0403, 19138.3], [2.0404, 44936.1], [2.0405, 10319.6], [2.0406, 21737.7], [2.0407, 29477.5], [2.0408, 30571.1], [2.0409, 25548.9], [2.041, 37116.3], [2.0411, 38389.4], [2.0412, 116826.8], [2.0413, 32679.4], [2.0414, 28337.5], [2.0415, 22684.4], [2.0416, 39948.2], [2.0417, 22131.0], [2.0418, 34624.6], [2.0419, 44802.2]], "timestamp": "2025-12-06T05:10:22.255902+00:00"}, {"symbol": "XRPUSDT", "bids": [[2.0397, 5539.5], [2.0396, 5940.5], [2.0395, 7556.7], [2.0394, 15198.8], [2.0393, 18911.4], [2.0392, 22746.9], [2.0391, 14005.3], [2.039, 10625.1], [2.0389, 25253.0], [2.0388, 24833.5], [2.0387, 58511.3], [2.0386, 118637.2], [2.0385, 21162.7], [2.0384, 16232.2], [2.0383, 18514.5], [2.0382, 15243.0], [2.0381, 31706.9], [2.038, 33814.2], [2.0379, 96479.6], [2.0378, 23542.3]], "asks": [[2.0398, 36498.8], [2.0399, 12993.7], [2.04, 12672.5], [2.0401, 20106.6], [2.0402, 28670.7], [2.0403, 22781.9], [2.0404, 43433.6], [2.0405, 13443.9], [2.0406, 15685.5], [2.0407, 39411.3], [2.0408, 107765.4], [2.0409, 16148.3], [2.041, 28647.9], [2.0411, 23566.4], [2.0412, 55358.0], [2.0413, 12890.7], [2.0414, 32268.3], [2.0415, 39736.4], [2.0416, 29957.3], [2.0417, 23782.3]], "timestamp": "2025-12-06T05:11:13.663203+00:00"}, {"symbol": "XRPUSDT", "bids": [[2.0387, 10947.3], [2.0386, 12638.3], [2.0385, 24743.0], [2.0384, 16821.7], [2.0383, 14554.7], [2.0382, 22212.4], [2.0381, 41644.0], [2.038, 28797.3], [2.0379, 73338.1], [2.0378, 40211.0], [2.0377, 20584.9], [2.0376, 17174.3], [2.0375, 83029.4], [2.0374, 14917.1], [2.0373, 44479.9], [2.0372, 23703.2], [2.0371, 46661.4], [2.037, 19354.0], [2.0369, 16639.7], [2.0368, 19270.2]], "asks": [[2.0388, 18423.5], [2.0389, 9465.5], [2.039, 13077.6], [2.0391, 17693.9], [2.0392, 26129.0], [2.0393, 38468.3], [2.0394, 47832.0], [2.0395, 49323.8], [2.0396, 43802.0], [2.0397, 45866.6], [2.0398, 138956.8], [2.0399, 25689.0], [2.04, 14844.3], [2.0401, 39468.4], [2.0402, 26704.2], [2.0403, 39283.9], [2.0404, 55517.1], [2.0405, 60109.0], [2.0406, 12186.4], [2.0407, 34410.8]], "timestamp": "2025-12-06T05:12:05.659873+00:00"}, {"symbol": "XRPUSDT", "bids": [[2.0391, 57324.8], [2.039, 54876.8], [2.0389, 25021.9], [2.0388, 12320.7], [2.0387, 11073.2], [2.0386, 12877.4], [2.0385, 18656.2], [2.0384, 13033.1], [2.0383, 34782.0], [2.0382, 31856.4], [2.0381, 88740.3], [2.038, 33360.2], [2.0379, 67995.5], [2.0378, 41726.5], [2.0377, 20638.8], [2.0376, 17851.8], [2.0375, 12738.2], [2.0374, 15171.4], [2.0373, 41859.9], [2.0372, 22900.9]], "asks": [[2.0392, 5255.6], [2.0393, 4028.4], [2.0394, 16500.5], [2.0395, 34361.6], [2.0396, 24776.8], [2.0397, 42899.3], [2.0398, 59723.1], [2.0399, 12564.3], [2.04, 16786.8], [2.0401, 20875.4], [2.0402, 33553.8], [2.0403, 108834.6], [2.0404, 76091.2], [2.0405, 53829.9], [2.0406, 20077.1], [2.0407, 21905.5], [2.0408, 24128.6], [2.0409, 11231.8], [2.041, 18699.8], [2.0411, 25467.9]], "timestamp": "2025-12-06T05:12:57.404433+00:00"}, {"symbol": "XRPUSDT", "bids": [[2.0398, 26835.2], [2.0397, 29290.0], [2.0396, 31216.7], [2.0395, 34415.4], [2.0394, 22569.7], [2.0393, 15865.3], [2.0392, 29848.9], [2.0391, 37219.5], [2.039, 62752.0], [2.0389, 41976.8], [2.0388, 92412.1], [2.0387, 19054.5], [2.0386, 56384.2], [2.0385, 17334.5], [2.0384, 13196.8], [2.0383, 36639.4], [2.0382, 13465.8], [2.0381, 28498.0], [2.038, 51485.0], [2.0379, 69819.2]], "asks": [[2.0399, 3991.7], [2.04, 4310.1], [2.0401, 11142.7], [2.0402, 16148.9], [2.0403, 28855.2], [2.0404, 55520.2], [2.0405, 15435.3], [2.0406, 23458.9], [2.0407, 34716.8], [2.0408, 56254.4], [2.0409, 81883.1], [2.041, 22223.7], [2.0411, 28110.7], [2.0412, 42227.8], [2.0413, 15714.9], [2.0414, 25783.5], [2.0415, 12410.1], [2.0416, 21603.9], [2.0417, 27403.8], [2.0418, 27138.5]], "timestamp": "2025-12-06T05:13:49.038243+00:00"}, {"symbol": "XRPUSDT", "bids": [[2.0399, 7385.1], [2.0398, 11344.8], [2.0397, 27947.7], [2.0396, 19325.1], [2.0395, 30050.5], [2.0394, 29095.9], [2.0393, 55440.2], [2.0392, 28616.2], [2.0391, 45764.9], [2.039, 76084.4], [2.0389, 102360.9], [2.0388, 13235.3], [2.0387, 18916.8], [2.0386, 52847.3], [2.0385, 34659.9], [2.0384, 10506.1], [2.0383, 24370.2], [2.0382, 14691.5], [2.0381, 35753.0], [2.038, 59321.8]], "asks": [[2.04, 21388.9], [2.0401, 11761.9], [2.0402, 18740.4], [2.0403, 26590.1], [2.0404, 52129.1], [2.0405, 13348.2], [2.0406, 20389.2], [2.0407, 26822.2], [2.0408, 29465.1], [2.0409, 32487.7], [2.041, 85564.5], [2.0411, 28522.5], [2.0412, 53049.7], [2.0413, 31665.5], [2.0414, 11298.4], [2.0415, 10279.8], [2.0416, 20940.8], [2.0417, 34999.8], [2.0418, 28411.1], [2.0419, 50649.6]], "timestamp": "2025-12-06T05:14:40.922328+00:00"}, {"symbol": "XRPUSDT", "bids": [[2.0395, 4091.7], [2.0394, 7993.3], [2.0393, 13713.1], [2.0392, 20190.8], [2.0391, 30559.5], [2.039, 27335.3], [2.0389, 13662.9], [2.0388, 30954.2], [2.0387, 39085.2], [2.0386, 58205.1], [2.0385, 24975.6], [2.0384, 76209.8], [2.0383, 14077.3], [2.0382, 15912.3], [2.0381, 16034.0], [2.038, 29823.3], [2.0379, 71386.9], [2.0378, 44743.5], [2.0377, 19161.3], [2.0376, 20780.3]], "asks": [[2.0396, 34161.7], [2.0397, 8256.6], [2.0398, 19964.3], [2.0399, 28271.8], [2.04, 50809.0], [2.0401, 9282.2], [2.0402, 20686.3], [2.0403, 33235.8], [2.0404, 58749.0], [2.0405, 81254.4], [2.0406, 27947.4], [2.0407, 26475.7], [2.0408, 31367.0], [2.0409, 13028.2], [2.041, 22615.9], [2.0411, 37779.9], [2.0412, 51700.8], [2.0413, 11091.1], [2.0414, 16181.6], [2.0415, 13729.4]], "timestamp": "2025-12-06T05:15:32.514470+00:00"}, {"symbol": "XRPUSDT", "bids": [[2.0385, 4455.0], [2.0384, 4548.9], [2.0383, 4122.7], [2.0382, 8711.8], [2.0381, 12778.9], [2.038, 22699.6], [2.0379, 23863.6], [2.0378, 39685.3], [2.0377, 29128.7], [2.0376, 25227.3], [2.0375, 31735.3], [2.0374, 75426.1], [2.0373, 20631.9], [2.0372, 32408.3], [2.0371, 51507.0], [2.037, 48057.4], [2.0369, 14541.3], [2.0368, 20827.9], [2.0367, 17384.8], [2.0366, 16722.7]], "asks": [[2.0386, 59663.5], [2.0387, 40527.1], [2.0388, 27617.6], [2.0389, 27239.9], [2.039, 32639.6], [2.0391, 43471.9], [2.0392, 17466.0], [2.0393, 29067.1], [2.0394, 33239.7], [2.0395, 99650.7], [2.0396, 23974.4], [2.0397, 62907.3], [2.0398, 20189.1], [2.0399, 19847.7], [2.04, 45861.4], [2.0401, 15941.5], [2.0402, 21474.3], [2.0403, 30888.5], [2.0404, 53726.6], [2.0405, 30264.1]], "timestamp": "2025-12-06T05:16:24.012299+00:00"}, {"symbol": "XRPUSDT", "bids": [[2.0376, 1501.2], [2.0375, 4026.4], [2.0374, 10587.4], [2.0373, 14050.6], [2.0372, 20098.6], [2.0371, 10414.6], [2.037, 18581.7], [2.0369, 27406.9], [2.0368, 18526.6], [2.0367, 32247.9], [2.0366, 42306.8], [2.0365, 94198.2], [2.0364, 45020.5], [2.0363, 18016.1], [2.0362, 35539.8], [2.0361, 24344.6], [2.036, 28809.2], [2.0359, 68705.9], [2.0358, 20252.4], [2.0357, 44474.9]], "asks": [[2.0377, 49846.1], [2.0378, 16065.2], [2.0379, 14795.2], [2.038, 44661.7], [2.0381, 31424.7], [2.0382, 70895.6], [2.0383, 20738.0], [2.0384, 34513.5], [2.0385, 86259.4], [2.0386, 22743.4], [2.0387, 41138.7], [2.0388, 29157.3], [2.0389, 19692.0], [2.039, 55466.4], [2.0391, 27103.8], [2.0392, 19947.6], [2.0393, 20858.7], [2.0394, 14257.4], [2.0395, 21439.8], [2.0396, 14983.4]], "timestamp": "2025-12-06T05:17:15.351524+00:00"}, {"symbol": "XRPUSDT", "bids": [[2.036, 1293.6], [2.0359, 3795.1], [2.0358, 2817.2], [2.0357, 8890.5], [2.0356, 16937.3], [2.0355, 14821.1], [2.0354, 26505.8], [2.0353, 19289.1], [2.0352, 29365.3], [2.0351, 37374.9], [2.035, 112662.6], [2.0349, 77033.5], [2.0348, 13449.7], [2.0347, 6991.3], [2.0346, 16839.9], [2.0345, 44040.3], [2.0344, 23975.3], [2.0343, 55648.2], [2.0342, 10363.9], [2.0341, 36466.8]], "asks": [[2.0361, 47026.4], [2.0362, 30191.6], [2.0363, 19726.2], [2.0364, 29948.8], [2.0365, 27621.2], [2.0366, 34838.6], [2.0367, 39341.2], [2.0368, 62851.9], [2.0369, 82305.2], [2.037, 28296.0], [2.0371, 10162.0], [2.0372, 38640.4], [2.0373, 12059.2], [2.0374, 36930.0], [2.0375, 43694.1], [2.0376, 25038.2], [2.0377, 17819.4], [2.0378, 20695.6], [2.0379, 15012.4], [2.038, 28395.8]], "timestamp": "2025-12-06T05:18:06.765386+00:00"}, {"symbol": "XRPUSDT", "bids": [[2.0365, 24512.8], [2.0364, 18996.7], [2.0363, 32920.5], [2.0362, 27481.9], [2.0361, 34941.1], [2.036, 28085.6], [2.0359, 23901.2], [2.0358, 59823.0], [2.0357, 33088.9], [2.0356, 105859.3], [2.0355, 8400.5], [2.0354, 23757.0], [2.0353, 17335.4], [2.0352, 21701.9], [2.0351, 50019.9], [2.035, 28840.1], [2.0349, 17748.8], [2.0348, 29594.7], [2.0347, 57051.7], [2.0346, 17705.3]], "asks": [[2.0366, 8826.9], [2.0367, 1643.0], [2.0368, 6711.6], [2.0369, 9531.2], [2.037, 10146.6], [2.0371, 14889.0], [2.0372, 31913.8], [2.0373, 20686.2], [2.0374, 41462.4], [2.0375, 109553.7], [2.0376, 30034.9], [2.0377, 36620.0], [2.0378, 12899.2], [2.0379, 17554.0], [2.038, 24256.9], [2.0381, 22288.3], [2.0382, 58963.5], [2.0383, 18869.9], [2.0384, 23967.4], [2.0385, 38144.2]], "timestamp": "2025-12-06T05:18:58.352199+00:00"}, {"symbol": "XRPUSDT", "bids": [[2.037, 21073.4], [2.0369, 10046.0], [2.0368, 26557.6], [2.0367, 15640.6], [2.0366, 22390.9], [2.0365, 27589.0], [2.0364, 28069.2], [2.0363, 31229.7], [2.0362, 24579.0], [2.0361, 60353.6], [2.036, 77169.3], [2.0359, 23307.6], [2.0358, 47987.4], [2.0357, 1840.0], [2.0356, 14206.4], [2.0355, 10182.9], [2.0354, 27639.5], [2.0353, 62789.7], [2.0352, 43395.3], [2.0351, 54372.4]], "asks": [[2.0371, 6667.6], [2.0372, 9799.0], [2.0373, 16756.1], [2.0374, 18805.5], [2.0375, 17526.4], [2.0376, 30602.1], [2.0377, 18920.8], [2.0378, 16899.6], [2.0379, 14134.0], [2.038, 38007.9], [2.0381, 97715.2], [2.0382, 53780.4], [2.0383, 12938.2], [2.0384, 32763.5], [2.0385, 20453.7], [2.0386, 20223.3], [2.0387, 20121.3], [2.0388, 9223.3], [2.0389, 30695.1], [2.039, 56383.7]], "timestamp": "2025-12-06T05:19:50.398972+00:00"}, {"symbol": "XRPUSDT", "bids": [[2.0383, 4694.5], [2.0382, 7288.3], [2.0381, 10968.6], [2.038, 5778.1], [2.0379, 17125.2], [2.0378, 23181.5], [2.0377, 33674.0], [2.0376, 28161.1], [2.0375, 35111.1], [2.0374, 27561.7], [2.0373, 95062.3], [2.0372, 54485.8], [2.0371, 12224.1], [2.037, 17006.8], [2.0369, 47040.6], [2.0368, 23922.0], [2.0367, 33098.9], [2.0366, 31085.4], [2.0365, 51317.0], [2.0364, 6862.9]], "asks": [[2.0384, 32584.7], [2.0385, 16166.3], [2.0386, 23122.9], [2.0387, 17573.9], [2.0388, 23358.2], [2.0389, 49746.5], [2.039, 30934.3], [2.0391, 11192.4], [2.0392, 25702.2], [2.0393, 77493.0], [2.0394, 17066.7], [2.0395, 29779.6], [2.0396, 18286.4], [2.0397, 87475.2], [2.0398, 18996.6], [2.0399, 12793.6], [2.04, 21886.0], [2.0401, 29289.9], [2.0402, 23836.4], [2.0403, 29086.3]], "timestamp": "2025-12-06T05:20:41.984821+00:00"}, {"symbol": "XRPUSDT", "bids": [[2.0374, 11284.3], [2.0373, 12427.8], [2.0372, 16001.5], [2.0371, 16629.3], [2.037, 7698.1], [2.0369, 20096.2], [2.0368, 20263.0], [2.0367, 34596.1], [2.0366, 25079.9], [2.0365, 110834.7], [2.0364, 14329.0], [2.0363, 35302.1], [2.0362, 9877.6], [2.0361, 33066.3], [2.036, 13880.1], [2.0359, 33230.9], [2.0358, 55734.3], [2.0357, 37317.9], [2.0356, 9278.7], [2.0355, 4595.4]], "asks": [[2.0375, 9044.2], [2.0376, 4613.1], [2.0377, 15211.6], [2.0378, 23221.1], [2.0379, 35198.7], [2.038, 36682.0], [2.0381, 40627.8], [2.0382, 32038.4], [2.0383, 69818.7], [2.0384, 25274.5], [2.0385, 37616.4], [2.0386, 78039.4], [2.0387, 22087.6], [2.0388, 11661.1], [2.0389, 25632.6], [2.039, 83052.4], [2.0391, 15667.3], [2.0392, 18579.7], [2.0393, 30497.5], [2.0394, 12338.8]], "timestamp": "2025-12-06T05:21:33.585451+00:00"}, {"symbol": "XRPUSDT", "bids": [[2.0375, 10035.3], [2.0374, 7726.8], [2.0373, 12869.3], [2.0372, 17063.9], [2.0371, 20419.8], [2.037, 18162.4], [2.0369, 27672.8], [2.0368, 14530.7], [2.0367, 23234.0], [2.0366, 26718.5], [2.0365, 112776.8], [2.0364, 7820.9], [2.0363, 32102.6], [2.0362, 11090.3], [2.0361, 34382.1], [2.036, 10054.2], [2.0359, 30768.9], [2.0358, 58254.3], [2.0357, 36833.7], [2.0356, 10285.0]], "asks": [[2.0376, 5016.1], [2.0377, 12322.7], [2.0378, 28432.7], [2.0379, 20524.8], [2.038, 9439.0], [2.0381, 22843.0], [2.0382, 34557.5], [2.0383, 73570.0], [2.0384, 25492.6], [2.0385, 84673.5], [2.0386, 17294.7], [2.0387, 28592.2], [2.0388, 10646.2], [2.0389, 40265.0], [2.039, 74727.1], [2.0391, 19843.6], [2.0392, 12883.7], [2.0393, 21021.3], [2.0394, 13475.3], [2.0395, 20393.3]], "timestamp": "2025-12-06T05:22:25.093674+00:00"}, {"symbol": "XRPUSDT", "bids": [[2.0382, 16892.8], [2.0381, 12252.0], [2.038, 15706.3], [2.0379, 22384.9], [2.0378, 26167.9], [2.0377, 31889.8], [2.0376, 22210.3], [2.0375, 24083.0], [2.0374, 32288.7], [2.0373, 88694.1], [2.0372, 39289.7], [2.0371, 14498.3], [2.037, 19089.4], [2.0369, 22358.6], [2.0368, 16306.4], [2.0367, 22471.2], [2.0366, 31052.9], [2.0365, 51709.1], [2.0364, 17345.5], [2.0363, 57278.1]], "asks": [[2.0383, 12043.5], [2.0384, 3640.5], [2.0385, 9643.6], [2.0386, 18576.0], [2.0387, 10584.9], [2.0388, 19223.9], [2.0389, 24907.2], [2.039, 49854.5], [2.0391, 32395.5], [2.0392, 36795.9], [2.0393, 78321.1], [2.0394, 22350.4], [2.0395, 28871.0], [2.0396, 27906.2], [2.0397, 57164.0], [2.0398, 18804.7], [2.0399, 14061.2], [2.04, 30224.7], [2.0401, 16692.5], [2.0402, 24426.3]], "timestamp": "2025-12-06T05:23:16.783014+00:00"}, {"symbol": "XRPUSDT", "bids": [[2.038, 32677.3], [2.0379, 8324.7], [2.0378, 16423.1], [2.0377, 24331.1], [2.0376, 18307.7], [2.0375, 29001.8], [2.0374, 40555.7], [2.0373, 80044.1], [2.0372, 43920.8], [2.0371, 13186.6], [2.037, 22633.4], [2.0369, 37810.3], [2.0368, 14217.5], [2.0367, 15903.7], [2.0366, 20764.3], [2.0365, 57453.7], [2.0364, 13179.5], [2.0363, 19927.4], [2.0362, 33392.4], [2.0361, 30077.7]], "asks": [[2.0381, 3600.8], [2.0382, 2279.0], [2.0383, 4849.6], [2.0384, 15770.9], [2.0385, 15229.6], [2.0386, 24066.6], [2.0387, 21674.2], [2.0388, 14353.1], [2.0389, 25210.8], [2.039, 62275.3], [2.0391, 27313.9], [2.0392, 20235.0], [2.0393, 80923.4], [2.0394, 13366.7], [2.0395, 34566.2], [2.0396, 27188.9], [2.0397, 64378.7], [2.0398, 24510.1], [2.0399, 25834.6], [2.04, 52070.9]], "timestamp": "2025-12-06T05:24:08.149799+00:00"}, {"symbol": "XRPUSDT", "bids": [[2.0388, 14449.9], [2.0387, 17503.5], [2.0386, 20493.3], [2.0385, 26243.2], [2.0384, 18362.5], [2.0383, 22698.5], [2.0382, 32396.8], [2.0381, 20842.3], [2.038, 39227.9], [2.0379, 127535.4], [2.0378, 10058.4], [2.0377, 18001.4], [2.0376, 41522.0], [2.0375, 11863.5], [2.0374, 27046.4], [2.0373, 26581.0], [2.0372, 76715.1], [2.0371, 11773.6], [2.037, 17334.6], [2.0369, 25371.5]], "asks": [[2.0389, 10471.7], [2.039, 4851.1], [2.0391, 5847.6], [2.0392, 11189.0], [2.0393, 10404.7], [2.0394, 17053.4], [2.0395, 32281.6], [2.0396, 25752.7], [2.0397, 58286.9], [2.0398, 23047.3], [2.0399, 31275.5], [2.04, 53701.8], [2.0401, 69886.9], [2.0402, 37065.5], [2.0403, 34484.7], [2.0404, 63004.6], [2.0405, 12304.3], [2.0406, 18871.6], [2.0407, 15849.6], [2.0408, 15335.5]], "timestamp": "2025-12-06T05:24:59.691674+00:00"}, {"symbol": "XRPUSDT", "bids": [[2.0377, 31738.4], [2.0376, 46238.4], [2.0375, 24140.8], [2.0374, 18418.1], [2.0373, 12229.3], [2.0372, 11826.7], [2.0371, 31309.9], [2.037, 32613.5], [2.0369, 37794.0], [2.0368, 108917.7], [2.0367, 17666.1], [2.0366, 21938.0], [2.0365, 54915.3], [2.0364, 10126.1], [2.0363, 11997.6], [2.0362, 24192.0], [2.0361, 49015.5], [2.036, 41090.1], [2.0359, 21681.9], [2.0358, 56016.1]], "asks": [[2.0378, 3321.8], [2.0379, 2492.5], [2.038, 7284.9], [2.0381, 14980.7], [2.0382, 24334.5], [2.0383, 32026.7], [2.0384, 24394.2], [2.0385, 24479.7], [2.0386, 41624.9], [2.0387, 62720.5], [2.0388, 34088.0], [2.0389, 82340.7], [2.039, 28979.4], [2.0391, 14308.5], [2.0392, 34249.4], [2.0393, 21508.4], [2.0394, 9104.7], [2.0395, 32229.9], [2.0396, 10302.4], [2.0397, 56112.0]], "timestamp": "2025-12-06T05:25:51.236943+00:00"}, {"symbol": "XRPUSDT", "bids": [[2.0368, 31250.5], [2.0367, 7289.8], [2.0366, 11481.0], [2.0365, 9477.8], [2.0364, 15970.4], [2.0363, 19777.5], [2.0362, 24581.3], [2.0361, 27167.7], [2.036, 26716.8], [2.0359, 111246.1], [2.0358, 47793.3], [2.0357, 4661.5], [2.0356, 17959.4], [2.0355, 37594.1], [2.0354, 19791.7], [2.0353, 14986.0], [2.0352, 30815.3], [2.0351, 53742.7], [2.035, 28188.3], [2.0349, 13955.5]], "asks": [[2.0369, 3834.5], [2.037, 6188.3], [2.0371, 6215.4], [2.0372, 3775.9], [2.0373, 14618.9], [2.0374, 22771.8], [2.0375, 26469.8], [2.0376, 28598.0], [2.0377, 33675.7], [2.0378, 28429.9], [2.0379, 33441.2], [2.038, 113139.3], [2.0381, 33731.3], [2.0382, 9779.3], [2.0383, 21552.5], [2.0384, 27717.9], [2.0385, 26512.5], [2.0386, 32496.8], [2.0387, 51600.3], [2.0388, 7051.8]], "timestamp": "2025-12-06T05:26:43.635926+00:00"}, {"symbol": "XRPUSDT", "bids": [[2.037, 4334.4], [2.0369, 3441.8], [2.0368, 6467.9], [2.0367, 5463.6], [2.0366, 10149.3], [2.0365, 8620.7], [2.0364, 15137.3], [2.0363, 20012.9], [2.0362, 28033.8], [2.0361, 24016.9], [2.036, 35132.9], [2.0359, 108196.8], [2.0358, 45488.1], [2.0357, 4290.6], [2.0356, 19074.3], [2.0355, 38161.3], [2.0354, 20619.4], [2.0353, 19814.4], [2.0352, 26909.8], [2.0351, 53517.6]], "asks": [[2.0371, 30287.0], [2.0372, 21743.3], [2.0373, 22409.0], [2.0374, 13196.5], [2.0375, 22739.1], [2.0376, 18751.8], [2.0377, 14903.0], [2.0378, 21805.9], [2.0379, 63860.0], [2.038, 77027.0], [2.0381, 25656.9], [2.0382, 17971.5], [2.0383, 22423.4], [2.0384, 10900.5], [2.0385, 26300.6], [2.0386, 44157.6], [2.0387, 55032.5], [2.0388, 13046.4], [2.0389, 27472.6], [2.039, 23651.8]], "timestamp": "2025-12-06T05:27:35.486710+00:00"}, {"symbol": "XRPUSDT", "bids": [[2.0368, 19263.0], [2.0367, 18521.3], [2.0366, 23081.6], [2.0365, 18217.7], [2.0364, 22964.1], [2.0363, 21738.7], [2.0362, 30694.6], [2.0361, 29570.9], [2.036, 31872.0], [2.0359, 100715.4], [2.0358, 51585.0], [2.0357, 8027.0], [2.0356, 35408.4], [2.0355, 37111.1], [2.0354, 19704.2], [2.0353, 14783.2], [2.0352, 30801.3], [2.0351, 54141.7], [2.035, 28188.0], [2.0349, 15318.3]], "asks": [[2.0369, 628.0], [2.037, 9025.1], [2.0371, 5325.9], [2.0372, 13099.5], [2.0373, 13281.0], [2.0374, 7608.1], [2.0375, 15392.5], [2.0376, 30317.5], [2.0377, 22996.5], [2.0378, 24946.3], [2.0379, 66084.8], [2.038, 73651.9], [2.0381, 25261.8], [2.0382, 39956.3], [2.0383, 11893.9], [2.0384, 11796.1], [2.0385, 24649.1], [2.0386, 37864.0], [2.0387, 48162.8], [2.0388, 11385.5]], "timestamp": "2025-12-06T05:28:27.014978+00:00"}, {"symbol": "XRPUSDT", "bids": [[2.0379, 13940.1], [2.0378, 11036.3], [2.0377, 19544.8], [2.0376, 36313.2], [2.0375, 30019.3], [2.0374, 27458.2], [2.0373, 33420.2], [2.0372, 14250.2], [2.0371, 21960.0], [2.037, 41716.4], [2.0369, 87758.3], [2.0368, 15562.5], [2.0367, 13188.4], [2.0366, 9598.4], [2.0365, 48787.4], [2.0364, 6673.6], [2.0363, 27519.8], [2.0362, 71148.4], [2.0361, 32593.1], [2.036, 21126.1]], "asks": [[2.038, 11265.0], [2.0381, 13977.1], [2.0382, 11851.8], [2.0383, 16468.2], [2.0384, 18742.8], [2.0385, 19243.5], [2.0386, 23769.9], [2.0387, 50048.1], [2.0388, 13114.4], [2.0389, 22780.1], [2.039, 43068.4], [2.0391, 93047.7], [2.0392, 28027.5], [2.0393, 24682.9], [2.0394, 10773.7], [2.0395, 17439.3], [2.0396, 24463.9], [2.0397, 61711.8], [2.0398, 16121.5], [2.0399, 17934.1]], "timestamp": "2025-12-06T05:29:18.657263+00:00"}, {"symbol": "XRPUSDT", "bids": [[2.0383, 20821.4], [2.0382, 22252.0], [2.0381, 21768.0], [2.038, 22194.2], [2.0379, 22721.9], [2.0378, 12809.5], [2.0377, 15032.2], [2.0376, 27440.2], [2.0375, 33991.8], [2.0374, 62094.3], [2.0373, 24610.2], [2.0372, 45972.1], [2.0371, 29777.7], [2.037, 13671.2], [2.0369, 15663.5], [2.0368, 26483.6], [2.0367, 17767.7], [2.0366, 13722.5], [2.0365, 52851.4], [2.0364, 11145.4]], "asks": [[2.0384, 4477.7], [2.0385, 3832.7], [2.0386, 9847.3], [2.0387, 7337.2], [2.0388, 21369.8], [2.0389, 19676.0], [2.039, 53640.5], [2.0391, 27418.3], [2.0392, 13067.3], [2.0393, 29049.2], [2.0394, 77764.7], [2.0395, 14862.7], [2.0396, 21134.5], [2.0397, 56543.6], [2.0398, 30267.4], [2.0399, 39530.8], [2.04, 49842.9], [2.0401, 25078.2], [2.0402, 24226.6], [2.0403, 19627.6]], "timestamp": "2025-12-06T05:30:10.306312+00:00"}, {"symbol": "XRPUSDT", "bids": [[2.0375, 13439.4], [2.0374, 19682.1], [2.0373, 25403.6], [2.0372, 11182.9], [2.0371, 12300.5], [2.037, 15054.5], [2.0369, 14654.5], [2.0368, 17240.5], [2.0367, 25620.3], [2.0366, 38197.1], [2.0365, 113226.9], [2.0364, 7201.6], [2.0363, 33459.2], [2.0362, 17279.2], [2.0361, 30971.6], [2.036, 19684.1], [2.0359, 43645.3], [2.0358, 82130.7], [2.0357, 6827.4], [2.0356, 15414.3]], "asks": [[2.0376, 14343.5], [2.0377, 2393.0], [2.0378, 7614.3], [2.0379, 14286.5], [2.038, 17707.3], [2.0381, 22005.1], [2.0382, 33623.1], [2.0383, 70870.1], [2.0384, 16874.9], [2.0385, 32193.4], [2.0386, 64366.4], [2.0387, 15043.1], [2.0388, 22584.1], [2.0389, 42629.7], [2.039, 65631.9], [2.0391, 20893.8], [2.0392, 18061.1], [2.0393, 24693.1], [2.0394, 6005.2], [2.0395, 12894.5]], "timestamp": "2025-12-06T05:31:02.076598+00:00"}, {"symbol": "XRPUSDT", "bids": [[2.0374, 22647.8], [2.0373, 15145.4], [2.0372, 12831.4], [2.0371, 15864.4], [2.037, 17691.3], [2.0369, 18618.4], [2.0368, 24488.6], [2.0367, 26404.6], [2.0366, 32254.1], [2.0365, 120799.5], [2.0364, 5886.7], [2.0363, 16272.7], [2.0362, 18545.8], [2.0361, 48119.8], [2.036, 18188.3], [2.0359, 51067.6], [2.0358, 83096.3], [2.0357, 6758.1], [2.0356, 15414.3], [2.0355, 2530.5]], "asks": [[2.0375, 14907.5], [2.0376, 5430.9], [2.0377, 10247.6], [2.0378, 21604.3], [2.0379, 20905.2], [2.038, 15019.7], [2.0381, 15940.1], [2.0382, 28121.5], [2.0383, 73688.7], [2.0384, 19747.4], [2.0385, 42139.0], [2.0386, 68089.1], [2.0387, 14445.5], [2.0388, 18121.5], [2.0389, 47927.9], [2.039, 57472.9], [2.0391, 23114.1], [2.0392, 19523.7], [2.0393, 18728.3], [2.0394, 8540.2]], "timestamp": "2025-12-06T05:31:53.553696+00:00"}, {"symbol": "XRPUSDT", "bids": [[2.0374, 9464.9], [2.0373, 6058.3], [2.0372, 16435.3], [2.0371, 18496.1], [2.037, 13715.7], [2.0369, 11313.9], [2.0368, 19500.6], [2.0367, 24178.5], [2.0366, 19997.5], [2.0365, 67457.1], [2.0364, 67306.8], [2.0363, 17675.2], [2.0362, 13528.4], [2.0361, 28332.5], [2.036, 19262.4], [2.0359, 39343.9], [2.0358, 106628.9], [2.0357, 3439.7], [2.0356, 10469.4], [2.0355, 4497.5]], "asks": [[2.0375, 32524.8], [2.0376, 12956.4], [2.0377, 10734.5], [2.0378, 18808.5], [2.0379, 17687.6], [2.038, 14492.6], [2.0381, 16353.2], [2.0382, 28728.9], [2.0383, 72852.3], [2.0384, 25712.4], [2.0385, 83473.7], [2.0386, 13722.6], [2.0387, 12252.3], [2.0388, 17071.3], [2.0389, 39513.1], [2.039, 45570.4], [2.0391, 22839.1], [2.0392, 19829.1], [2.0393, 19070.4], [2.0394, 9714.0]], "timestamp": "2025-12-06T05:32:44.921041+00:00"}, {"symbol": "XRPUSDT", "bids": [[2.0364, 13926.6], [2.0363, 14821.1], [2.0362, 16628.2], [2.0361, 14242.7], [2.036, 17908.7], [2.0359, 25861.1], [2.0358, 20162.9], [2.0357, 31559.3], [2.0356, 35216.5], [2.0355, 74861.9], [2.0354, 24515.7], [2.0353, 13712.9], [2.0352, 22016.3], [2.0351, 54665.3], [2.035, 29520.2], [2.0349, 23377.7], [2.0348, 11515.5], [2.0347, 30381.1], [2.0346, 40308.6], [2.0345, 11576.7]], "asks": [[2.0365, 2656.9], [2.0366, 9106.9], [2.0367, 15601.7], [2.0368, 28897.1], [2.0369, 40249.5], [2.037, 31589.2], [2.0371, 26906.3], [2.0372, 57871.4], [2.0373, 45429.6], [2.0374, 48402.4], [2.0375, 80498.2], [2.0376, 17653.3], [2.0377, 21856.0], [2.0378, 10741.8], [2.0379, 23022.6], [2.038, 11367.4], [2.0381, 27190.6], [2.0382, 24284.7], [2.0383, 61037.8], [2.0384, 26418.2]], "timestamp": "2025-12-06T05:33:36.428673+00:00"}, {"symbol": "XRPUSDT", "bids": [[2.0356, 17297.4], [2.0355, 12159.3], [2.0354, 11124.4], [2.0353, 13590.3], [2.0352, 23898.9], [2.0351, 26814.1], [2.035, 46784.6], [2.0349, 16527.7], [2.0348, 21751.2], [2.0347, 39839.3], [2.0346, 85001.7], [2.0345, 14866.9], [2.0344, 28434.7], [2.0343, 65948.1], [2.0342, 18315.6], [2.0341, 44249.6], [2.034, 17845.5], [2.0339, 22498.7], [2.0338, 13348.5], [2.0337, 24037.3]], "asks": [[2.0357, 7977.0], [2.0358, 6731.5], [2.0359, 13568.8], [2.036, 17249.3], [2.0361, 10699.1], [2.0362, 20709.4], [2.0363, 45393.2], [2.0364, 74667.2], [2.0365, 42539.8], [2.0366, 28398.6], [2.0367, 91003.6], [2.0368, 19071.2], [2.0369, 14410.8], [2.037, 27816.2], [2.0371, 22402.8], [2.0372, 52836.7], [2.0373, 30561.4], [2.0374, 13345.9], [2.0375, 12701.9], [2.0376, 20112.4]], "timestamp": "2025-12-06T05:34:27.687301+00:00"}, {"symbol": "XRPUSDT", "bids": [[2.0366, 41135.8], [2.0365, 36899.4], [2.0364, 21129.6], [2.0363, 13481.9], [2.0362, 22369.5], [2.0361, 28756.7], [2.036, 31121.8], [2.0359, 31185.3], [2.0358, 71466.1], [2.0357, 91229.1], [2.0356, 20612.8], [2.0355, 14287.2], [2.0354, 16860.4], [2.0353, 29874.3], [2.0352, 25009.2], [2.0351, 52316.0], [2.035, 52159.7], [2.0349, 17723.7], [2.0348, 21011.5], [2.0347, 34249.2]], "asks": [[2.0367, 4637.6], [2.0368, 3339.9], [2.0369, 11623.1], [2.037, 12835.5], [2.0371, 21934.9], [2.0372, 9601.5], [2.0373, 21709.4], [2.0374, 26966.4], [2.0375, 48817.3], [2.0376, 34540.1], [2.0377, 37798.0], [2.0378, 92199.3], [2.0379, 14596.5], [2.038, 26511.6], [2.0381, 14181.3], [2.0382, 25112.8], [2.0383, 68182.8], [2.0384, 14652.7], [2.0385, 24973.5], [2.0386, 18925.5]], "timestamp": "2025-12-06T05:35:18.940701+00:00"}, {"symbol": "XRPUSDT", "bids": [[2.037, 3412.7], [2.0369, 2516.9], [2.0368, 21060.4], [2.0367, 34250.0], [2.0366, 23332.3], [2.0365, 12483.2], [2.0364, 11111.6], [2.0363, 23670.4], [2.0362, 31352.3], [2.0361, 51306.2], [2.036, 15437.5], [2.0359, 77898.2], [2.0358, 43664.5], [2.0357, 12058.4], [2.0356, 45036.6], [2.0355, 16789.6], [2.0354, 18901.5], [2.0353, 29630.2], [2.0352, 37241.7], [2.0351, 58001.7]], "asks": [[2.0371, 19812.4], [2.0372, 29105.5], [2.0373, 29554.1], [2.0374, 17828.1], [2.0375, 32676.7], [2.0376, 23704.7], [2.0377, 14619.9], [2.0378, 20550.0], [2.0379, 37651.7], [2.038, 77519.0], [2.0381, 37045.3], [2.0382, 29468.8], [2.0383, 61847.4], [2.0384, 24569.2], [2.0385, 23978.5], [2.0386, 17770.4], [2.0387, 24093.1], [2.0388, 24487.5], [2.0389, 39850.4], [2.039, 61071.0]], "timestamp": "2025-12-06T05:36:11.132178+00:00"}, {"symbol": "XRPUSDT", "bids": [[2.0369, 23635.2], [2.0368, 7241.8], [2.0367, 12723.7], [2.0366, 19770.4], [2.0365, 14656.4], [2.0364, 14705.8], [2.0363, 20759.1], [2.0362, 23594.5], [2.0361, 25082.9], [2.036, 32478.2], [2.0359, 82722.8], [2.0358, 47916.7], [2.0357, 11054.8], [2.0356, 32686.4], [2.0355, 16913.9], [2.0354, 18647.1], [2.0353, 15744.2], [2.0352, 35587.9], [2.0351, 57775.3], [2.035, 82218.9]], "asks": [[2.037, 3130.3], [2.0371, 9055.3], [2.0372, 16373.1], [2.0373, 18216.3], [2.0374, 30672.3], [2.0375, 35433.6], [2.0376, 60611.1], [2.0377, 34311.7], [2.0378, 12910.0], [2.0379, 22484.5], [2.038, 32096.5], [2.0381, 96934.5], [2.0382, 42155.8], [2.0383, 70683.7], [2.0384, 13361.1], [2.0385, 29212.7], [2.0386, 24050.7], [2.0387, 19716.8], [2.0388, 7057.8], [2.0389, 33633.3]], "timestamp": "2025-12-06T05:37:03.407148+00:00"}, {"symbol": "XRPUSDT", "bids": [[2.0375, 30894.2], [2.0374, 20651.4], [2.0373, 33374.4], [2.0372, 24368.7], [2.0371, 14317.0], [2.037, 18163.9], [2.0369, 12186.7], [2.0368, 17602.7], [2.0367, 46204.8], [2.0366, 91280.3], [2.0365, 59198.8], [2.0364, 3582.5], [2.0363, 12405.1], [2.0362, 11885.5], [2.0361, 31239.0], [2.036, 20512.9], [2.0359, 31759.5], [2.0358, 51170.8], [2.0357, 9225.1], [2.0356, 20974.2]], "asks": [[2.0376, 6247.0], [2.0377, 12839.2], [2.0378, 6803.4], [2.0379, 7648.5], [2.038, 17155.3], [2.0381, 21182.0], [2.0382, 32898.8], [2.0383, 65502.7], [2.0384, 18464.9], [2.0385, 44137.8], [2.0386, 66741.9], [2.0387, 17621.3], [2.0388, 17187.8], [2.0389, 30553.8], [2.039, 59717.2], [2.0391, 21079.8], [2.0392, 12881.1], [2.0393, 14705.7], [2.0394, 5020.3], [2.0395, 15204.7]], "timestamp": "2025-12-06T05:37:55.844716+00:00"}, {"symbol": "XRPUSDT", "bids": [[2.0388, 40436.9], [2.0387, 19518.0], [2.0386, 29597.1], [2.0385, 28276.0], [2.0384, 26254.8], [2.0383, 27257.6], [2.0382, 22807.4], [2.0381, 39866.6], [2.038, 60042.9], [2.0379, 138946.5], [2.0378, 11899.3], [2.0377, 13514.5], [2.0376, 20181.1], [2.0375, 10350.9], [2.0374, 14687.6], [2.0373, 22782.3], [2.0372, 56483.0], [2.0371, 29106.4], [2.037, 9300.2], [2.0369, 14390.7]], "asks": [[2.0389, 4775.4], [2.039, 6225.1], [2.0391, 9367.4], [2.0392, 15240.8], [2.0393, 11790.6], [2.0394, 17206.4], [2.0395, 34422.4], [2.0396, 20675.8], [2.0397, 60323.4], [2.0398, 28140.2], [2.0399, 40764.8], [2.04, 61222.9], [2.0401, 78599.7], [2.0402, 36888.0], [2.0403, 31087.4], [2.0404, 60901.8], [2.0405, 13006.4], [2.0406, 14769.4], [2.0407, 16241.9], [2.0408, 18524.3]], "timestamp": "2025-12-06T05:38:48.071889+00:00"}, {"symbol": "XRPUSDT", "bids": [[2.0388, 63733.9], [2.0387, 33383.3], [2.0386, 12968.1], [2.0385, 17163.1], [2.0384, 23783.6], [2.0383, 22049.2], [2.0382, 24796.9], [2.0381, 37376.6], [2.038, 91821.8], [2.0379, 59020.3], [2.0378, 11037.2], [2.0377, 15096.0], [2.0376, 20112.5], [2.0375, 8265.9], [2.0374, 18133.0], [2.0373, 79360.0], [2.0372, 47815.6], [2.0371, 12325.7], [2.037, 9301.1], [2.0369, 12361.2]], "asks": [[2.0389, 1458.1], [2.039, 604.4], [2.0391, 5496.2], [2.0392, 5864.8], [2.0393, 11438.7], [2.0394, 19200.9], [2.0395, 27940.3], [2.0396, 22168.4], [2.0397, 60961.2], [2.0398, 23023.3], [2.0399, 23566.5], [2.04, 71151.8], [2.0401, 88586.6], [2.0402, 24526.7], [2.0403, 40426.6], [2.0404, 54754.7], [2.0405, 14589.9], [2.0406, 13779.8], [2.0407, 19853.0], [2.0408, 19271.5]], "timestamp": "2025-12-06T05:39:39.747228+00:00"}, {"symbol": "XRPUSDT", "bids": [[2.0391, 34915.6], [2.039, 20915.0], [2.0389, 14910.9], [2.0388, 13612.3], [2.0387, 16337.2], [2.0386, 12290.5], [2.0385, 20313.4], [2.0384, 22897.2], [2.0383, 28815.6], [2.0382, 94602.5], [2.0381, 16005.2], [2.038, 26315.7], [2.0379, 48953.6], [2.0378, 12598.2], [2.0377, 29063.4], [2.0376, 25473.1], [2.0375, 23730.6], [2.0374, 21325.3], [2.0373, 51352.4], [2.0372, 47843.7]], "asks": [[2.0392, 8260.5], [2.0393, 5377.5], [2.0394, 7480.2], [2.0395, 19026.3], [2.0396, 21139.5], [2.0397, 21939.0], [2.0398, 24296.1], [2.0399, 31916.4], [2.04, 54628.4], [2.0401, 35473.0], [2.0402, 27809.3], [2.0403, 38602.8], [2.0404, 126334.4], [2.0405, 37958.4], [2.0406, 27735.5], [2.0407, 23607.8], [2.0408, 17605.9], [2.0409, 27603.6], [2.041, 15285.3], [2.0411, 30824.6]], "timestamp": "2025-12-06T05:40:31.223436+00:00"}, {"symbol": "XRPUSDT", "bids": [[2.0394, 11144.0], [2.0393, 10615.0], [2.0392, 11628.8], [2.0391, 18268.2], [2.039, 12959.1], [2.0389, 17325.2], [2.0388, 24607.0], [2.0387, 36521.3], [2.0386, 56696.7], [2.0385, 38886.8], [2.0384, 72646.7], [2.0383, 17521.4], [2.0382, 16289.0], [2.0381, 20161.0], [2.038, 54033.1], [2.0379, 48940.2], [2.0378, 10304.1], [2.0377, 15948.3], [2.0376, 26736.9], [2.0375, 9950.0]], "asks": [[2.0395, 16983.6], [2.0396, 9857.5], [2.0397, 25062.6], [2.0398, 30530.2], [2.0399, 42759.0], [2.04, 44256.0], [2.0401, 22908.6], [2.0402, 13497.6], [2.0403, 38937.7], [2.0404, 94798.6], [2.0405, 57021.4], [2.0406, 20938.0], [2.0407, 42152.8], [2.0408, 17179.1], [2.0409, 13328.1], [2.041, 22351.4], [2.0411, 41571.9], [2.0412, 53680.6], [2.0413, 30721.6], [2.0414, 13442.6]], "timestamp": "2025-12-06T05:41:22.598449+00:00"}, {"symbol": "XRPUSDT", "bids": [[2.0399, 35374.5], [2.0398, 28417.1], [2.0397, 17203.0], [2.0396, 19913.3], [2.0395, 7236.6], [2.0394, 8424.8], [2.0393, 11116.2], [2.0392, 25372.8], [2.0391, 26173.6], [2.039, 35793.3], [2.0389, 70894.1], [2.0388, 23054.6], [2.0387, 23078.2], [2.0386, 45060.9], [2.0385, 12731.0], [2.0384, 29136.6], [2.0383, 20915.7], [2.0382, 26940.2], [2.0381, 22375.0], [2.038, 58066.9]], "asks": [[2.04, 23597.8], [2.0401, 4674.5], [2.0402, 14049.0], [2.0403, 9270.0], [2.0404, 27344.0], [2.0405, 8528.5], [2.0406, 21844.7], [2.0407, 24521.4], [2.0408, 34590.4], [2.0409, 33819.6], [2.041, 98278.1], [2.0411, 43693.1], [2.0412, 49881.5], [2.0413, 13425.8], [2.0414, 13278.7], [2.0415, 23751.5], [2.0416, 29929.8], [2.0417, 21695.9], [2.0418, 24090.6], [2.0419, 47529.6]], "timestamp": "2025-12-06T05:42:14.028040+00:00"}, {"symbol": "XRPUSDT", "bids": [[2.0404, 25595.0], [2.0403, 21703.3], [2.0402, 22802.4], [2.0401, 17740.7], [2.04, 17282.9], [2.0399, 18786.4], [2.0398, 14964.4], [2.0397, 19454.9], [2.0396, 27959.3], [2.0395, 26868.5], [2.0394, 79102.5], [2.0393, 44968.1], [2.0392, 12987.7], [2.0391, 18996.7], [2.039, 22561.8], [2.0389, 13447.4], [2.0388, 17840.2], [2.0387, 41189.9], [2.0386, 48288.9], [2.0385, 43782.6]], "asks": [[2.0405, 7512.8], [2.0406, 4763.8], [2.0407, 9569.5], [2.0408, 11676.6], [2.0409, 27160.3], [2.041, 19905.4], [2.0411, 40337.1], [2.0412, 53398.6], [2.0413, 24570.3], [2.0414, 25973.1], [2.0415, 96676.2], [2.0416, 28564.5], [2.0417, 35178.6], [2.0418, 27376.2], [2.0419, 47941.2], [2.042, 16196.7], [2.0421, 31840.8], [2.0422, 21789.1], [2.0423, 27122.5], [2.0424, 19715.8]], "timestamp": "2025-12-06T05:43:05.522655+00:00"}, {"symbol": "XRPUSDT", "bids": [[2.0402, 24924.5], [2.0401, 21433.9], [2.04, 33671.5], [2.0399, 25937.5], [2.0398, 66379.2], [2.0397, 15373.7], [2.0396, 18312.2], [2.0395, 5693.5], [2.0394, 21391.4], [2.0393, 53201.8], [2.0392, 15079.1], [2.0391, 86573.5], [2.039, 34878.9], [2.0389, 8349.1], [2.0388, 14710.8], [2.0387, 23557.7], [2.0386, 49557.0], [2.0385, 45295.6], [2.0384, 13977.8], [2.0383, 14534.2]], "asks": [[2.0403, 12532.6], [2.0404, 13805.9], [2.0405, 41684.8], [2.0406, 15825.6], [2.0407, 8443.6], [2.0408, 10126.7], [2.0409, 19747.0], [2.041, 44217.9], [2.0411, 47631.6], [2.0412, 117422.8], [2.0413, 14286.9], [2.0414, 27221.2], [2.0415, 43059.7], [2.0416, 24552.0], [2.0417, 23471.2], [2.0418, 27003.2], [2.0419, 61571.7], [2.042, 14717.6], [2.0421, 27138.2], [2.0422, 21949.9]], "timestamp": "2025-12-06T05:43:56.982116+00:00"}, {"symbol": "XRPUSDT", "bids": [[2.0398, 13811.4], [2.0397, 15776.8], [2.0396, 21872.9], [2.0395, 27503.8], [2.0394, 42544.2], [2.0393, 39506.9], [2.0392, 24622.8], [2.0391, 27476.6], [2.039, 68774.7], [2.0389, 8288.0], [2.0388, 30767.3], [2.0387, 91439.1], [2.0386, 49367.0], [2.0385, 14452.6], [2.0384, 17586.3], [2.0383, 14021.5], [2.0382, 13200.8], [2.0381, 33924.2], [2.038, 84586.8], [2.0379, 50399.9]], "asks": [[2.0399, 19079.9], [2.04, 52698.2], [2.0401, 9590.5], [2.0402, 8473.2], [2.0403, 13363.2], [2.0404, 22735.6], [2.0405, 68114.1], [2.0406, 18427.9], [2.0407, 30992.2], [2.0408, 91990.4], [2.0409, 26249.8], [2.041, 32636.6], [2.0411, 30661.1], [2.0412, 47954.5], [2.0413, 11969.7], [2.0414, 21226.7], [2.0415, 28146.0], [2.0416, 25121.9], [2.0417, 16313.1], [2.0418, 33936.8]], "timestamp": "2025-12-06T05:44:48.600325+00:00"}, {"symbol": "XRPUSDT", "bids": [[2.0399, 10059.6], [2.0398, 12823.0], [2.0397, 25735.0], [2.0396, 7412.4], [2.0395, 8719.5], [2.0394, 24872.9], [2.0393, 56802.2], [2.0392, 21380.5], [2.0391, 38823.7], [2.039, 58152.6], [2.0389, 74825.3], [2.0388, 18243.5], [2.0387, 25792.8], [2.0386, 67082.1], [2.0385, 16126.7], [2.0384, 17619.4], [2.0383, 18726.2], [2.0382, 38641.6], [2.0381, 28475.5], [2.038, 62383.5]], "asks": [[2.04, 6212.7], [2.0401, 10195.7], [2.0402, 13702.1], [2.0403, 20137.0], [2.0404, 31588.5], [2.0405, 44089.5], [2.0406, 22691.7], [2.0407, 22967.5], [2.0408, 36860.1], [2.0409, 29116.8], [2.041, 96509.6], [2.0411, 56535.8], [2.0412, 54869.5], [2.0413, 10480.2], [2.0414, 20380.8], [2.0415, 23353.4], [2.0416, 33547.7], [2.0417, 11641.2], [2.0418, 30035.9], [2.0419, 48079.2]], "timestamp": "2025-12-06T05:45:40.326433+00:00"}, {"symbol": "XRPUSDT", "bids": [[2.0397, 7216.4], [2.0396, 10593.1], [2.0395, 21914.0], [2.0394, 17006.7], [2.0393, 44801.2], [2.0392, 17298.4], [2.0391, 17478.3], [2.039, 42361.9], [2.0389, 13968.5], [2.0388, 38127.1], [2.0387, 88024.4], [2.0386, 72553.3], [2.0385, 8855.4], [2.0384, 14516.2], [2.0383, 25239.5], [2.0382, 34313.9], [2.0381, 22307.4], [2.038, 49205.8], [2.0379, 50457.6], [2.0378, 12112.5]], "asks": [[2.0398, 4980.7], [2.0399, 9944.8], [2.04, 6239.9], [2.0401, 16386.4], [2.0402, 25153.2], [2.0403, 27217.7], [2.0404, 30035.6], [2.0405, 91985.9], [2.0406, 17814.1], [2.0407, 32834.9], [2.0408, 82118.2], [2.0409, 25906.3], [2.041, 24709.0], [2.0411, 75404.4], [2.0412, 41175.4], [2.0413, 19221.0], [2.0414, 20311.3], [2.0415, 16291.3], [2.0416, 16276.2], [2.0417, 19115.8]], "timestamp": "2025-12-06T05:46:32.081825+00:00"}, {"symbol": "XRPUSDT", "bids": [[2.0401, 13533.3], [2.04, 20415.6], [2.0399, 22406.0], [2.0398, 29393.5], [2.0397, 24176.5], [2.0396, 28048.8], [2.0395, 32683.7], [2.0394, 32323.1], [2.0393, 43943.5], [2.0392, 99690.0], [2.0391, 14291.5], [2.039, 49961.5], [2.0389, 6037.7], [2.0388, 21308.6], [2.0387, 16165.1], [2.0386, 68101.9], [2.0385, 17611.5], [2.0384, 19753.4], [2.0383, 46033.3], [2.0382, 18201.2]], "asks": [[2.0402, 508.2], [2.0403, 66.7], [2.0404, 8754.0], [2.0405, 44973.2], [2.0406, 10674.0], [2.0407, 9023.9], [2.0408, 12987.4], [2.0409, 17478.9], [2.041, 32900.9], [2.0411, 37614.1], [2.0412, 57792.1], [2.0413, 99278.1], [2.0414, 15717.3], [2.0415, 25440.7], [2.0416, 32765.8], [2.0417, 32130.4], [2.0418, 31285.8], [2.0419, 59117.0], [2.042, 21627.9], [2.0421, 18522.6]], "timestamp": "2025-12-06T05:47:23.607277+00:00"}, {"symbol": "XRPUSDT", "bids": [[2.04, 1196.0], [2.0399, 4293.3], [2.0398, 15757.3], [2.0397, 20748.9], [2.0396, 28543.9], [2.0395, 34708.0], [2.0394, 36354.4], [2.0393, 51374.7], [2.0392, 23585.0], [2.0391, 16557.7], [2.039, 60271.3], [2.0389, 88015.7], [2.0388, 21172.1], [2.0387, 13751.3], [2.0386, 68076.1], [2.0385, 10881.6], [2.0384, 19488.5], [2.0383, 37746.5], [2.0382, 25051.3], [2.0381, 33419.7]], "asks": [[2.0401, 33503.0], [2.0402, 23912.7], [2.0403, 30043.3], [2.0404, 29951.5], [2.0405, 49752.1], [2.0406, 9163.1], [2.0407, 18050.3], [2.0408, 20011.7], [2.0409, 36206.8], [2.041, 95801.7], [2.0411, 37358.7], [2.0412, 51900.4], [2.0413, 19957.6], [2.0414, 22744.1], [2.0415, 21480.5], [2.0416, 40285.2], [2.0417, 36778.9], [2.0418, 31541.3], [2.0419, 51775.8], [2.042, 21809.3]], "timestamp": "2025-12-06T05:48:14.946465+00:00"}, {"symbol": "XRPUSDT", "bids": [[2.04, 4364.3], [2.0399, 9093.7], [2.0398, 17381.2], [2.0397, 27128.6], [2.0396, 26448.6], [2.0395, 32133.0], [2.0394, 36073.5], [2.0393, 44496.0], [2.0392, 28824.7], [2.0391, 22390.0], [2.039, 110236.5], [2.0389, 3248.1], [2.0388, 23974.9], [2.0387, 33968.3], [2.0386, 63332.2], [2.0385, 13445.7], [2.0384, 27339.1], [2.0383, 28231.7], [2.0382, 25325.9], [2.0381, 33907.7]], "asks": [[2.0401, 25489.2], [2.0402, 17572.2], [2.0403, 16204.7], [2.0404, 25542.7], [2.0405, 49764.4], [2.0406, 19889.1], [2.0407, 11181.8], [2.0408, 18365.7], [2.0409, 30406.1], [2.041, 96283.6], [2.0411, 37068.2], [2.0412, 52580.7], [2.0413, 28754.1], [2.0414, 16431.2], [2.0415, 21139.5], [2.0416, 39637.9], [2.0417, 37376.8], [2.0418, 33066.6], [2.0419, 50500.3], [2.042, 21894.6]], "timestamp": "2025-12-06T05:49:06.174833+00:00"}, {"symbol": "XRPUSDT", "bids": [[2.0408, 48422.5], [2.0407, 18104.2], [2.0406, 20629.2], [2.0405, 24708.7], [2.0404, 33122.0], [2.0403, 14124.9], [2.0402, 26992.7], [2.0401, 50667.3], [2.04, 42486.4], [2.0399, 97003.3], [2.0398, 16573.3], [2.0397, 29539.1], [2.0396, 13159.6], [2.0395, 18448.0], [2.0394, 38171.7], [2.0393, 42505.9], [2.0392, 31769.4], [2.0391, 39925.2], [2.039, 47723.2], [2.0389, 5302.0]], "asks": [[2.0409, 1551.3], [2.041, 9989.6], [2.0411, 5955.9], [2.0412, 6469.0], [2.0413, 13455.8], [2.0414, 21953.2], [2.0415, 26376.8], [2.0416, 25856.9], [2.0417, 33008.5], [2.0418, 53537.8], [2.0419, 66790.3], [2.042, 102761.2], [2.0421, 22043.7], [2.0422, 35498.1], [2.0423, 42330.6], [2.0424, 21410.8], [2.0425, 25142.6], [2.0426, 38274.6], [2.0427, 14641.8], [2.0428, 58723.5]], "timestamp": "2025-12-06T05:49:57.497943+00:00"}, {"symbol": "XRPUSDT", "bids": [[2.0414, 74541.3], [2.0413, 18199.1], [2.0412, 21558.5], [2.0411, 30766.1], [2.041, 37496.8], [2.0409, 21920.2], [2.0408, 14270.8], [2.0407, 6545.9], [2.0406, 26456.6], [2.0405, 84839.0], [2.0404, 26130.6], [2.0403, 27268.6], [2.0402, 17119.9], [2.0401, 44693.6], [2.04, 26194.6], [2.0399, 10650.6], [2.0398, 19709.6], [2.0397, 44255.4], [2.0396, 43224.2], [2.0395, 18175.6]], "asks": [[2.0415, 3723.7], [2.0416, 4627.6], [2.0417, 5971.4], [2.0418, 15083.4], [2.0419, 32817.5], [2.042, 35978.1], [2.0421, 57584.8], [2.0422, 30688.0], [2.0423, 37146.3], [2.0424, 31055.1], [2.0425, 39758.9], [2.0426, 119572.8], [2.0427, 17618.9], [2.0428, 92870.2], [2.0429, 28808.1], [2.043, 45845.5], [2.0431, 24670.2], [2.0432, 25650.5], [2.0433, 8039.9], [2.0434, 21262.8]], "timestamp": "2025-12-06T05:50:50.144840+00:00"}, {"symbol": "XRPUSDT", "bids": [[2.0421, 53326.3], [2.042, 14704.6], [2.0419, 42438.4], [2.0418, 33222.6], [2.0417, 26371.2], [2.0416, 33075.3], [2.0415, 35864.5], [2.0414, 44710.9], [2.0413, 100726.6], [2.0412, 11493.6], [2.0411, 55453.7], [2.041, 24329.9], [2.0409, 20397.9], [2.0408, 9160.8], [2.0407, 32691.4], [2.0406, 17013.7], [2.0405, 35311.0], [2.0404, 22692.4], [2.0403, 50999.3], [2.0402, 17221.6]], "asks": [[2.0422, 997.7], [2.0423, 17628.5], [2.0424, 5171.5], [2.0425, 15328.0], [2.0426, 24038.1], [2.0427, 24718.1], [2.0428, 35755.5], [2.0429, 63741.2], [2.043, 57209.1], [2.0431, 16850.4], [2.0432, 30607.3], [2.0433, 17473.9], [2.0434, 97000.5], [2.0435, 50961.6], [2.0436, 95633.7], [2.0437, 24413.5], [2.0438, 17485.4], [2.0439, 29418.0], [2.044, 24009.8], [2.0441, 20515.8]], "timestamp": "2025-12-06T05:51:41.623718+00:00"}, {"symbol": "XRPUSDT", "bids": [[2.0418, 27021.8], [2.0417, 18499.2], [2.0416, 18140.2], [2.0415, 28344.1], [2.0414, 26052.3], [2.0413, 13532.6], [2.0412, 25648.3], [2.0411, 31280.5], [2.041, 97036.1], [2.0409, 25348.6], [2.0408, 46686.2], [2.0407, 17047.2], [2.0406, 14568.6], [2.0405, 24642.0], [2.0404, 45696.9], [2.0403, 48203.6], [2.0402, 10685.3], [2.0401, 45713.9], [2.04, 12733.9], [2.0399, 19897.9]], "asks": [[2.0419, 5658.8], [2.042, 1884.0], [2.0421, 6591.7], [2.0422, 22547.9], [2.0423, 11629.5], [2.0424, 15968.0], [2.0425, 26113.9], [2.0426, 41412.5], [2.0427, 22587.1], [2.0428, 46130.5], [2.0429, 67724.6], [2.043, 69354.4], [2.0431, 100732.6], [2.0432, 42312.3], [2.0433, 29571.2], [2.0434, 25316.8], [2.0435, 40553.9], [2.0436, 78960.1], [2.0437, 25496.9], [2.0438, 19029.7]], "timestamp": "2025-12-06T05:52:32.912754+00:00"}, {"symbol": "XRPUSDT", "bids": [[2.0427, 21032.3], [2.0426, 19562.5], [2.0425, 18386.2], [2.0424, 21253.8], [2.0423, 25864.9], [2.0422, 28808.8], [2.0421, 24611.5], [2.042, 37966.6], [2.0419, 37662.8], [2.0418, 46522.4], [2.0417, 88469.9], [2.0416, 21960.3], [2.0415, 64763.4], [2.0414, 45500.2], [2.0413, 20915.3], [2.0412, 17814.0], [2.0411, 29388.8], [2.041, 23484.4], [2.0409, 33409.5], [2.0408, 73986.2]], "asks": [[2.0428, 1587.7], [2.0429, 15425.1], [2.043, 28796.8], [2.0431, 8856.9], [2.0432, 21604.9], [2.0433, 14246.0], [2.0434, 26703.9], [2.0435, 42105.6], [2.0436, 68755.9], [2.0437, 24070.6], [2.0438, 19220.3], [2.0439, 96165.1], [2.044, 27611.7], [2.0441, 35097.3], [2.0442, 35017.1], [2.0443, 31889.9], [2.0444, 28522.3], [2.0445, 10478.0], [2.0446, 29374.0], [2.0447, 32376.9]], "timestamp": "2025-12-06T05:53:24.678142+00:00"}, {"symbol": "XRPUSDT", "bids": [[2.043, 48844.0], [2.0429, 28648.2], [2.0428, 42927.1], [2.0427, 24698.1], [2.0426, 12202.0], [2.0425, 19754.5], [2.0424, 28120.9], [2.0423, 41369.4], [2.0422, 73994.1], [2.0421, 96507.8], [2.042, 21390.4], [2.0419, 25326.6], [2.0418, 23216.4], [2.0417, 10856.0], [2.0416, 24341.0], [2.0415, 63959.3], [2.0414, 51698.3], [2.0413, 41193.6], [2.0412, 18767.8], [2.0411, 29392.0]], "asks": [[2.0431, 4352.5], [2.0432, 2225.3], [2.0433, 8090.0], [2.0434, 12887.7], [2.0435, 28211.7], [2.0436, 59478.6], [2.0437, 22227.1], [2.0438, 17304.3], [2.0439, 32348.9], [2.044, 35186.8], [2.0441, 37307.5], [2.0442, 102605.6], [2.0443, 27211.6], [2.0444, 41429.6], [2.0445, 12206.6], [2.0446, 30603.4], [2.0447, 30626.3], [2.0448, 31264.3], [2.0449, 51392.1], [2.045, 18411.0]], "timestamp": "2025-12-06T05:54:17.054719+00:00"}, {"symbol": "XRPUSDT", "bids": [[2.0422, 15617.1], [2.0421, 9203.7], [2.042, 17135.9], [2.0419, 17149.4], [2.0418, 19451.1], [2.0417, 28008.9], [2.0416, 37026.3], [2.0415, 59278.7], [2.0414, 49361.1], [2.0413, 75101.5], [2.0412, 19682.5], [2.0411, 15372.4], [2.041, 32958.7], [2.0409, 45784.7], [2.0408, 45990.3], [2.0407, 51817.0], [2.0406, 15710.7], [2.0405, 24799.0], [2.0404, 29673.4], [2.0403, 16200.4]], "asks": [[2.0423, 22448.0], [2.0424, 9185.2], [2.0425, 27425.4], [2.0426, 50667.5], [2.0427, 75692.4], [2.0428, 245370.7], [2.0429, 18876.8], [2.043, 19799.3], [2.0431, 14052.5], [2.0432, 19640.9], [2.0433, 14320.1], [2.0434, 68443.2], [2.0435, 128813.9], [2.0436, 35006.3], [2.0437, 28434.4], [2.0438, 17359.3], [2.0439, 26948.6], [2.044, 35412.8], [2.0441, 53859.7], [2.0442, 37733.3]], "timestamp": "2025-12-06T05:55:09.070179+00:00"}, {"symbol": "XRPUSDT", "bids": [[2.0422, 18749.4], [2.0421, 12427.3], [2.042, 19251.2], [2.0419, 13842.9], [2.0418, 22147.1], [2.0417, 28989.3], [2.0416, 27814.0], [2.0415, 75101.0], [2.0414, 108559.3], [2.0413, 10183.0], [2.0412, 24190.7], [2.0411, 17344.2], [2.041, 34265.2], [2.0409, 27071.1], [2.0408, 73389.0], [2.0407, 20013.7], [2.0406, 14067.6], [2.0405, 28469.6], [2.0404, 32264.7], [2.0403, 16189.2]], "asks": [[2.0423, 86239.1], [2.0424, 3117.8], [2.0425, 2605.7], [2.0426, 7378.0], [2.0427, 13968.0], [2.0428, 17509.1], [2.0429, 11614.5], [2.043, 22954.8], [2.0431, 23313.4], [2.0432, 30967.2], [2.0433, 38762.9], [2.0434, 76061.7], [2.0435, 102229.4], [2.0436, 20994.2], [2.0437, 24732.9], [2.0438, 17467.2], [2.0439, 46843.4], [2.044, 36292.8], [2.0441, 47758.1], [2.0442, 41403.3]], "timestamp": "2025-12-06T05:56:00.560225+00:00"}, {"symbol": "XRPUSDT", "bids": [[2.042, 8509.7], [2.0419, 13844.6], [2.0418, 15298.5], [2.0417, 9834.6], [2.0416, 19797.5], [2.0415, 19145.8], [2.0414, 31211.4], [2.0413, 18263.6], [2.0412, 32658.5], [2.0411, 79018.3], [2.041, 32003.7], [2.0409, 18919.9], [2.0408, 45121.7], [2.0407, 39345.4], [2.0406, 12874.7], [2.0405, 24802.4], [2.0404, 34597.3], [2.0403, 45168.2], [2.0402, 15668.7], [2.0401, 45067.1]], "asks": [[2.0421, 22531.4], [2.0422, 18802.0], [2.0423, 23864.6], [2.0424, 20616.8], [2.0425, 31427.9], [2.0426, 28405.8], [2.0427, 29904.5], [2.0428, 17272.9], [2.0429, 14098.2], [2.043, 28476.0], [2.0431, 96370.7], [2.0432, 19841.8], [2.0433, 34185.2], [2.0434, 66074.6], [2.0435, 24611.0], [2.0436, 15496.3], [2.0437, 33681.4], [2.0438, 12089.9], [2.0439, 32816.8], [2.044, 41635.8]], "timestamp": "2025-12-06T05:56:52.189871+00:00"}, {"symbol": "XRPUSDT", "bids": [[2.0423, 7483.8], [2.0422, 10298.3], [2.0421, 28792.3], [2.042, 16027.7], [2.0419, 12904.8], [2.0418, 16031.6], [2.0417, 14585.7], [2.0416, 35993.1], [2.0415, 63703.9], [2.0414, 29459.4], [2.0413, 69595.4], [2.0412, 22912.3], [2.0411, 22232.8], [2.041, 23421.4], [2.0409, 29150.6], [2.0408, 62719.6], [2.0407, 19357.8], [2.0406, 21377.3], [2.0405, 19558.1], [2.0404, 34535.7]], "asks": [[2.0424, 33058.4], [2.0425, 15949.6], [2.0426, 16539.3], [2.0427, 14776.3], [2.0428, 22679.2], [2.0429, 12140.7], [2.043, 22675.9], [2.0431, 27694.0], [2.0432, 26584.8], [2.0433, 38202.6], [2.0434, 123387.8], [2.0435, 26567.4], [2.0436, 42560.0], [2.0437, 29045.7], [2.0438, 16220.5], [2.0439, 31620.1], [2.044, 28676.0], [2.0441, 48957.7], [2.0442, 42519.4], [2.0443, 22442.8]], "timestamp": "2025-12-06T05:57:43.909475+00:00"}, {"symbol": "XRPUSDT", "bids": [[2.0427, 25913.2], [2.0426, 12792.3], [2.0425, 22367.8], [2.0424, 20435.6], [2.0423, 20755.5], [2.0422, 25013.9], [2.0421, 46519.2], [2.042, 12225.4], [2.0419, 41039.3], [2.0418, 86081.6], [2.0417, 20332.3], [2.0416, 28797.5], [2.0415, 65489.6], [2.0414, 23526.8], [2.0413, 11317.1], [2.0412, 21148.7], [2.0411, 21912.6], [2.041, 30925.1], [2.0409, 31554.1], [2.0408, 77414.6]], "asks": [[2.0428, 3778.2], [2.0429, 1750.5], [2.043, 11446.6], [2.0431, 18328.3], [2.0432, 20119.2], [2.0433, 14452.9], [2.0434, 16238.6], [2.0435, 18595.5], [2.0436, 29431.0], [2.0437, 42444.1], [2.0438, 25054.8], [2.0439, 62290.8], [2.044, 99209.9], [2.0441, 60933.2], [2.0442, 40524.6], [2.0443, 54353.7], [2.0444, 17425.2], [2.0445, 18115.9], [2.0446, 25010.7], [2.0447, 28922.2]], "timestamp": "2025-12-06T05:58:35.066172+00:00"}, {"symbol": "XRPUSDT", "bids": [[2.0423, 12797.3], [2.0422, 7009.3], [2.0421, 29430.8], [2.042, 13917.0], [2.0419, 13330.4], [2.0418, 29924.5], [2.0417, 32571.3], [2.0416, 36706.4], [2.0415, 50279.0], [2.0414, 29252.4], [2.0413, 81923.3], [2.0412, 38719.2], [2.0411, 24210.3], [2.041, 34477.9], [2.0409, 29194.3], [2.0408, 76987.0], [2.0407, 27707.3], [2.0406, 21211.9], [2.0405, 24979.3], [2.0404, 29635.3]], "asks": [[2.0424, 23494.2], [2.0425, 21116.6], [2.0426, 20950.5], [2.0427, 14720.1], [2.0428, 18457.2], [2.0429, 22928.2], [2.043, 17383.5], [2.0431, 25092.1], [2.0432, 30875.4], [2.0433, 51226.1], [2.0434, 122158.3], [2.0435, 31300.4], [2.0436, 28372.9], [2.0437, 43265.0], [2.0438, 37274.9], [2.0439, 39650.8], [2.044, 34501.2], [2.0441, 53992.1], [2.0442, 35629.5], [2.0443, 32228.5]], "timestamp": "2025-12-06T05:59:26.289263+00:00"}, {"symbol": "XRPUSDT", "bids": [[2.0411, 21436.0], [2.041, 34939.0], [2.0409, 26820.1], [2.0408, 48461.0], [2.0407, 22487.5], [2.0406, 20568.3], [2.0405, 31271.8], [2.0404, 21061.8], [2.0403, 20720.6], [2.0402, 25828.3], [2.0401, 88569.8], [2.04, 50997.3], [2.0399, 20765.9], [2.0398, 13541.4], [2.0397, 25476.9], [2.0396, 27848.0], [2.0395, 19409.6], [2.0394, 42200.3], [2.0393, 47863.8], [2.0392, 17274.0]], "asks": [[2.0412, 17934.0], [2.0413, 14154.3], [2.0414, 23462.7], [2.0415, 15370.8], [2.0416, 21852.5], [2.0417, 28053.7], [2.0418, 40543.4], [2.0419, 49032.1], [2.042, 12611.1], [2.0421, 26557.5], [2.0422, 87550.1], [2.0423, 30519.9], [2.0424, 14856.9], [2.0425, 26574.9], [2.0426, 63203.8], [2.0427, 37912.4], [2.0428, 10847.0], [2.0429, 19160.8], [2.043, 19635.1], [2.0431, 19779.9]], "timestamp": "2025-12-06T06:00:18.260362+00:00"}]