[{"symbol": "ADAUSDT", "bids": [[0.4243, 143413.0], [0.4242, 202420.0], [0.4241, 260847.0], [0.424, 264597.0], [0.4239, 279898.0], [0.4238, 205648.0], [0.4237, 265787.0], [0.4236, 204882.0], [0.4235, 164875.0], [0.4234, 296747.0], [0.4233, 166485.0], [0.4232, 74768.0], [0.4231, 109911.0], [0.423, 111661.0], [0.4229, 153122.0], [0.4228, 190631.0], [0.4227, 218822.0], [0.4226, 136560.0], [0.4225, 288315.0], [0.4224, 217748.0]], "asks": [[0.4244, 81840.0], [0.4245, 119867.0], [0.4246, 160454.0], [0.4247, 99761.0], [0.4248, 112420.0], [0.4249, 106829.0], [0.425, 240179.0], [0.4251, 70707.0], [0.4252, 112411.0], [0.4253, 126325.0], [0.4254, 112476.0], [0.4255, 324924.0], [0.4256, 144860.0], [0.4257, 156871.0], [0.4258, 121670.0], [0.4259, 105973.0], [0.426, 157169.0], [0.4261, 159110.0], [0.4262, 126454.0], [0.4263, 202552.0]], "timestamp": "2025-12-11T10:53:16.835170+00:00"}, {"symbol": "ADAUSDT", "bids": [[0.424, 97654.0], [0.4239, 140171.0], [0.4238, 231274.0], [0.4237, 239032.0], [0.4236, 222037.0], [0.4235, 260093.0], [0.4234, 206478.0], [0.4233, 163852.0], [0.4232, 216028.0], [0.4231, 162572.0], [0.423, 130197.0], [0.4229, 178093.0], [0.4228, 188239.0], [0.4227, 134583.0], [0.4226, 275051.0], [0.4225, 304379.0], [0.4224, 187467.0], [0.4223, 180390.0], [0.4222, 285978.0], [0.4221, 234331.0]], "asks": [[0.4241, 112956.0], [0.4242, 188709.0], [0.4243, 235034.0], [0.4244, 240046.0], [0.4245, 156727.0], [0.4246, 135757.0], [0.4247, 73612.0], [0.4248, 191441.0], [0.4249, 103679.0], [0.425, 206761.0], [0.4251, 90927.0], [0.4252, 110112.0], [0.4253, 83339.0], [0.4254, 110114.0], [0.4255, 293370.0], [0.4256, 122213.0], [0.4257, 120370.0], [0.4258, 183034.0], [0.4259, 105769.0], [0.426, 181869.0]], "timestamp": "2025-12-11T10:54:09.596825+00:00"}, {"symbol": "ADAUSDT", "bids": [[0.4239, 110476.0], [0.4238, 187632.0], [0.4237, 260776.0], [0.4236, 174334.0], [0.4235, 191620.0], [0.4234, 352892.0], [0.4233, 143732.0], [0.4232, 200452.0], [0.4231, 202990.0], [0.423, 148715.0], [0.4229, 239016.0], [0.4228, 156271.0], [0.4227, 135597.0], [0.4226, 234057.0], [0.4225, 287925.0], [0.4224, 191372.0], [0.4223, 200285.0], [0.4222, 274170.0], [0.4221, 235872.0], [0.422, 271203.0]], "asks": [[0.424, 42282.0], [0.4241, 127972.0], [0.4242, 213710.0], [0.4243, 214609.0], [0.4244, 215825.0], [0.4245, 131793.0], [0.4246, 169636.0], [0.4247, 216894.0], [0.4248, 99660.0], [0.4249, 67716.0], [0.425, 131656.0], [0.4251, 64793.0], [0.4252, 130240.0], [0.4253, 210337.0], [0.4254, 128986.0], [0.4255, 181280.0], [0.4256, 108657.0], [0.4257, 89484.0], [0.4258, 178420.0], [0.4259, 106674.0]], "timestamp": "2025-12-11T10:55:02.640066+00:00"}, {"symbol": "ADAUSDT", "bids": [[0.4234, 95561.0], [0.4233, 96826.0], [0.4232, 147210.0], [0.4231, 194315.0], [0.423, 170223.0], [0.4229, 171061.0], [0.4228, 235580.0], [0.4227, 194909.0], [0.4226, 130794.0], [0.4225, 156326.0], [0.4224, 211061.0], [0.4223, 219246.0], [0.4222, 407402.0], [0.4221, 493585.0], [0.422, 399031.0], [0.4219, 207844.0], [0.4218, 283148.0], [0.4217, 204755.0], [0.4216, 162165.0], [0.4215, 238164.0]], "asks": [[0.4235, 59882.0], [0.4236, 202003.0], [0.4237, 210976.0], [0.4238, 227616.0], [0.4239, 206333.0], [0.424, 172408.0], [0.4241, 348287.0], [0.4242, 184315.0], [0.4243, 158139.0], [0.4244, 191459.0], [0.4245, 127641.0], [0.4246, 206774.0], [0.4247, 197675.0], [0.4248, 167701.0], [0.4249, 128647.0], [0.425, 127861.0], [0.4251, 89232.0], [0.4252, 91219.0], [0.4253, 97243.0], [0.4254, 121716.0]], "timestamp": "2025-12-11T10:55:54.663855+00:00"}, {"symbol": "ADAUSDT", "bids": [[0.4234, 112535.0], [0.4233, 215343.0], [0.4232, 211229.0], [0.4231, 159585.0], [0.423, 231767.0], [0.4229, 232339.0], [0.4228, 236247.0], [0.4227, 105697.0], [0.4226, 211276.0], [0.4225, 207229.0], [0.4224, 208675.0], [0.4223, 115628.0], [0.4222, 297050.0], [0.4221, 434039.0], [0.422, 397051.0], [0.4219, 277023.0], [0.4218, 213132.0], [0.4217, 149573.0], [0.4216, 297430.0], [0.4215, 180352.0]], "asks": [[0.4235, 32858.0], [0.4236, 162331.0], [0.4237, 181333.0], [0.4238, 216415.0], [0.4239, 159126.0], [0.424, 148689.0], [0.4241, 315373.0], [0.4242, 162037.0], [0.4243, 105791.0], [0.4244, 132979.0], [0.4245, 85440.0], [0.4246, 220796.0], [0.4247, 184739.0], [0.4248, 127424.0], [0.4249, 129166.0], [0.425, 113825.0], [0.4251, 95096.0], [0.4252, 130281.0], [0.4253, 97292.0], [0.4254, 122406.0]], "timestamp": "2025-12-11T10:56:46.683360+00:00"}, {"symbol": "ADAUSDT", "bids": [[0.4234, 34674.0], [0.4233, 111652.0], [0.4232, 197143.0], [0.4231, 157120.0], [0.423, 268584.0], [0.4229, 157192.0], [0.4228, 214071.0], [0.4227, 121889.0], [0.4226, 224517.0], [0.4225, 195048.0], [0.4224, 173816.0], [0.4223, 103494.0], [0.4222, 321124.0], [0.4221, 411274.0], [0.422, 424912.0], [0.4219, 281929.0], [0.4218, 213132.0], [0.4217, 141998.0], [0.4216, 292234.0], [0.4215, 145625.0]], "asks": [[0.4235, 120167.0], [0.4236, 188946.0], [0.4237, 212438.0], [0.4238, 181308.0], [0.4239, 168311.0], [0.424, 148482.0], [0.4241, 319889.0], [0.4242, 161386.0], [0.4243, 109502.0], [0.4244, 137216.0], [0.4245, 91482.0], [0.4246, 193072.0], [0.4247, 184739.0], [0.4248, 127424.0], [0.4249, 126669.0], [0.425, 139991.0], [0.4251, 101766.0], [0.4252, 113870.0], [0.4253, 84597.0], [0.4254, 122904.0]], "timestamp": "2025-12-11T10:57:39.207459+00:00"}, {"symbol": "ADAUSDT", "bids": [[0.4236, 64382.0], [0.4235, 164104.0], [0.4234, 195887.0], [0.4233, 150828.0], [0.4232, 229881.0], [0.4231, 189780.0], [0.423, 265316.0], [0.4229, 131963.0], [0.4228, 295790.0], [0.4227, 95521.0], [0.4226, 167295.0], [0.4225, 156219.0], [0.4224, 170435.0], [0.4223, 102435.0], [0.4222, 522234.0], [0.4221, 484884.0], [0.422, 275383.0], [0.4219, 211629.0], [0.4218, 195192.0], [0.4217, 231546.0]], "asks": [[0.4237, 74375.0], [0.4238, 171647.0], [0.4239, 208562.0], [0.424, 194402.0], [0.4241, 180885.0], [0.4242, 182090.0], [0.4243, 264387.0], [0.4244, 110025.0], [0.4245, 89407.0], [0.4246, 148384.0], [0.4247, 58059.0], [0.4248, 146881.0], [0.4249, 263211.0], [0.425, 130015.0], [0.4251, 140941.0], [0.4252, 116404.0], [0.4253, 124752.0], [0.4254, 114608.0], [0.4255, 89860.0], [0.4256, 139043.0]], "timestamp": "2025-12-11T10:58:38.651303+00:00"}, {"symbol": "ADAUSDT", "bids": [[0.4235, 47049.0], [0.4234, 95512.0], [0.4233, 145551.0], [0.4232, 170088.0], [0.4231, 246199.0], [0.423, 173807.0], [0.4229, 116713.0], [0.4228, 195619.0], [0.4227, 198117.0], [0.4226, 162882.0], [0.4225, 206584.0], [0.4224, 232742.0], [0.4223, 103519.0], [0.4222, 520114.0], [0.4221, 493844.0], [0.422, 277278.0], [0.4219, 213409.0], [0.4218, 200472.0], [0.4217, 226271.0], [0.4216, 197317.0]], "asks": [[0.4236, 147960.0], [0.4237, 244050.0], [0.4238, 210259.0], [0.4239, 203858.0], [0.424, 174186.0], [0.4241, 179048.0], [0.4242, 267720.0], [0.4243, 177440.0], [0.4244, 114375.0], [0.4245, 109494.0], [0.4246, 121621.0], [0.4247, 86840.0], [0.4248, 146604.0], [0.4249, 237346.0], [0.425, 130428.0], [0.4251, 140885.0], [0.4252, 116404.0], [0.4253, 101240.0], [0.4254, 113938.0], [0.4255, 91811.0]], "timestamp": "2025-12-11T10:59:36.100310+00:00"}, {"symbol": "ADAUSDT", "bids": [[0.423, 107247.0], [0.4229, 105716.0], [0.4228, 236413.0], [0.4227, 197680.0], [0.4226, 174545.0], [0.4225, 279345.0], [0.4224, 230457.0], [0.4223, 115761.0], [0.4222, 273263.0], [0.4221, 438810.0], [0.422, 302073.0], [0.4219, 197041.0], [0.4218, 172904.0], [0.4217, 202572.0], [0.4216, 285833.0], [0.4215, 137247.0], [0.4214, 130196.0], [0.4213, 140989.0], [0.4212, 336828.0], [0.4211, 188807.0]], "asks": [[0.4231, 32960.0], [0.4232, 118874.0], [0.4233, 268479.0], [0.4234, 192659.0], [0.4235, 178395.0], [0.4236, 259654.0], [0.4237, 282330.0], [0.4238, 258083.0], [0.4239, 193454.0], [0.424, 133790.0], [0.4241, 116733.0], [0.4242, 99292.0], [0.4243, 228045.0], [0.4244, 154437.0], [0.4245, 130909.0], [0.4246, 87687.0], [0.4247, 148552.0], [0.4248, 93747.0], [0.4249, 130410.0], [0.425, 188256.0]], "timestamp": "2025-12-11T11:00:33.552810+00:00"}, {"symbol": "ADAUSDT", "bids": [[0.4231, 110724.0], [0.423, 203145.0], [0.4229, 241003.0], [0.4228, 273509.0], [0.4227, 148685.0], [0.4226, 218876.0], [0.4225, 266962.0], [0.4224, 197184.0], [0.4223, 120512.0], [0.4222, 352628.0], [0.4221, 401267.0], [0.422, 275970.0], [0.4219, 162250.0], [0.4218, 167087.0], [0.4217, 221980.0], [0.4216, 265770.0], [0.4215, 204333.0], [0.4214, 114269.0], [0.4213, 144713.0], [0.4212, 331520.0]], "asks": [[0.4232, 93403.0], [0.4233, 210121.0], [0.4234, 195923.0], [0.4235, 204772.0], [0.4236, 237762.0], [0.4237, 281719.0], [0.4238, 185169.0], [0.4239, 269299.0], [0.424, 121849.0], [0.4241, 150787.0], [0.4242, 99073.0], [0.4243, 228376.0], [0.4244, 160962.0], [0.4245, 115015.0], [0.4246, 90276.0], [0.4247, 211317.0], [0.4248, 122324.0], [0.4249, 188107.0], [0.425, 110595.0], [0.4251, 130569.0]], "timestamp": "2025-12-11T11:01:30.294664+00:00"}, {"symbol": "ADAUSDT", "bids": [[0.423, 49166.0], [0.4229, 116060.0], [0.4228, 253346.0], [0.4227, 157852.0], [0.4226, 222398.0], [0.4225, 230330.0], [0.4224, 207101.0], [0.4223, 264518.0], [0.4222, 236259.0], [0.4221, 412819.0], [0.422, 263461.0], [0.4219, 149503.0], [0.4218, 153367.0], [0.4217, 286879.0], [0.4216, 242093.0], [0.4215, 160967.0], [0.4214, 160374.0], [0.4213, 172604.0], [0.4212, 308290.0], [0.4211, 182548.0]], "asks": [[0.4231, 92804.0], [0.4232, 162487.0], [0.4233, 274215.0], [0.4234, 154251.0], [0.4235, 184329.0], [0.4236, 209659.0], [0.4237, 265752.0], [0.4238, 245464.0], [0.4239, 164473.0], [0.424, 98903.0], [0.4241, 127652.0], [0.4242, 105460.0], [0.4243, 218584.0], [0.4244, 156114.0], [0.4245, 100476.0], [0.4246, 90360.0], [0.4247, 210760.0], [0.4248, 86971.0], [0.4249, 123717.0], [0.425, 126290.0]], "timestamp": "2025-12-11T11:02:30.043210+00:00"}, {"symbol": "ADAUSDT", "bids": [[0.4231, 83838.0], [0.423, 141030.0], [0.4229, 162166.0], [0.4228, 253664.0], [0.4227, 170970.0], [0.4226, 349304.0], [0.4225, 150422.0], [0.4224, 212249.0], [0.4223, 177799.0], [0.4222, 221108.0], [0.4221, 407343.0], [0.422, 275512.0], [0.4219, 157785.0], [0.4218, 149252.0], [0.4217, 294092.0], [0.4216, 231145.0], [0.4215, 154779.0], [0.4214, 132522.0], [0.4213, 138532.0], [0.4212, 307818.0]], "asks": [[0.4232, 148467.0], [0.4233, 205628.0], [0.4234, 176772.0], [0.4235, 181721.0], [0.4236, 215836.0], [0.4237, 269499.0], [0.4238, 245776.0], [0.4239, 166780.0], [0.424, 95242.0], [0.4241, 162989.0], [0.4242, 104713.0], [0.4243, 219417.0], [0.4244, 151131.0], [0.4245, 75038.0], [0.4246, 96019.0], [0.4247, 210760.0], [0.4248, 75908.0], [0.4249, 123717.0], [0.425, 126290.0], [0.4251, 222676.0]], "timestamp": "2025-12-11T11:03:31.688857+00:00"}, {"symbol": "ADAUSDT", "bids": [[0.4236, 27659.0], [0.4235, 131050.0], [0.4234, 203697.0], [0.4233, 213897.0], [0.4232, 311017.0], [0.4231, 235359.0], [0.423, 195305.0], [0.4229, 192112.0], [0.4228, 295125.0], [0.4227, 161627.0], [0.4226, 181431.0], [0.4225, 224426.0], [0.4224, 155525.0], [0.4223, 171389.0], [0.4222, 224220.0], [0.4221, 515310.0], [0.422, 266285.0], [0.4219, 207106.0], [0.4218, 199354.0], [0.4217, 223277.0]], "asks": [[0.4237, 125838.0], [0.4238, 172958.0], [0.4239, 291349.0], [0.424, 119179.0], [0.4241, 123667.0], [0.4242, 97860.0], [0.4243, 238614.0], [0.4244, 146350.0], [0.4245, 80857.0], [0.4246, 141215.0], [0.4247, 296547.0], [0.4248, 129835.0], [0.4249, 112471.0], [0.425, 138803.0], [0.4251, 151953.0], [0.4252, 219481.0], [0.4253, 118429.0], [0.4254, 133746.0], [0.4255, 170041.0], [0.4256, 128705.0]], "timestamp": "2025-12-11T11:04:28.988880+00:00"}, {"symbol": "ADAUSDT", "bids": [[0.4241, 144174.0], [0.424, 188039.0], [0.4239, 309724.0], [0.4238, 189433.0], [0.4237, 231382.0], [0.4236, 184101.0], [0.4235, 152134.0], [0.4234, 141207.0], [0.4233, 178244.0], [0.4232, 151329.0], [0.4231, 188666.0], [0.423, 128025.0], [0.4229, 216732.0], [0.4228, 133105.0], [0.4227, 97111.0], [0.4226, 156188.0], [0.4225, 212699.0], [0.4224, 179239.0], [0.4223, 87491.0], [0.4222, 340744.0]], "asks": [[0.4242, 54301.0], [0.4243, 190549.0], [0.4244, 261245.0], [0.4245, 158298.0], [0.4246, 157939.0], [0.4247, 104867.0], [0.4248, 126799.0], [0.4249, 208539.0], [0.425, 80553.0], [0.4251, 98586.0], [0.4252, 125478.0], [0.4253, 217438.0], [0.4254, 111221.0], [0.4255, 128506.0], [0.4256, 173198.0], [0.4257, 91478.0], [0.4258, 146716.0], [0.4259, 245526.0], [0.426, 144110.0], [0.4261, 204622.0]], "timestamp": "2025-12-11T11:05:25.977780+00:00"}, {"symbol": "ADAUSDT", "bids": [[0.4237, 37607.0], [0.4236, 150174.0], [0.4235, 165368.0], [0.4234, 273879.0], [0.4233, 172127.0], [0.4232, 122947.0], [0.4231, 130545.0], [0.423, 127301.0], [0.4229, 198937.0], [0.4228, 167236.0], [0.4227, 140281.0], [0.4226, 134252.0], [0.4225, 122778.0], [0.4224, 282239.0], [0.4223, 216628.0], [0.4222, 257685.0], [0.4221, 567855.0], [0.422, 294061.0], [0.4219, 208462.0], [0.4218, 191631.0]], "asks": [[0.4238, 134871.0], [0.4239, 203589.0], [0.424, 287100.0], [0.4241, 220064.0], [0.4242, 220265.0], [0.4243, 239895.0], [0.4244, 180262.0], [0.4245, 251654.0], [0.4246, 171831.0], [0.4247, 93967.0], [0.4248, 153890.0], [0.4249, 228885.0], [0.425, 160557.0], [0.4251, 105330.0], [0.4252, 109400.0], [0.4253, 179385.0], [0.4254, 143832.0], [0.4255, 90471.0], [0.4256, 136172.0], [0.4257, 162013.0]], "timestamp": "2025-12-11T11:06:24.449468+00:00"}, {"symbol": "ADAUSDT", "bids": [[0.4239, 102126.0], [0.4238, 157488.0], [0.4237, 220864.0], [0.4236, 380196.0], [0.4235, 161245.0], [0.4234, 181242.0], [0.4233, 182134.0], [0.4232, 119331.0], [0.4231, 158756.0], [0.423, 192789.0], [0.4229, 161927.0], [0.4228, 295821.0], [0.4227, 91064.0], [0.4226, 136991.0], [0.4225, 100282.0], [0.4224, 158152.0], [0.4223, 211573.0], [0.4222, 286821.0], [0.4221, 533446.0], [0.422, 298000.0]], "asks": [[0.424, 30713.0], [0.4241, 101611.0], [0.4242, 266253.0], [0.4243, 208124.0], [0.4244, 168010.0], [0.4245, 119280.0], [0.4246, 290168.0], [0.4247, 99452.0], [0.4248, 127265.0], [0.4249, 149085.0], [0.425, 129003.0], [0.4251, 213795.0], [0.4252, 103276.0], [0.4253, 112174.0], [0.4254, 157227.0], [0.4255, 84643.0], [0.4256, 148801.0], [0.4257, 88956.0], [0.4258, 87504.0], [0.4259, 151487.0]], "timestamp": "2025-12-11T11:07:19.109040+00:00"}, {"symbol": "ADAUSDT", "bids": [[0.424, 27616.0], [0.4239, 119826.0], [0.4238, 234120.0], [0.4237, 161427.0], [0.4236, 187550.0], [0.4235, 251957.0], [0.4234, 194681.0], [0.4233, 258170.0], [0.4232, 131213.0], [0.4231, 146864.0], [0.423, 151046.0], [0.4229, 182647.0], [0.4228, 288756.0], [0.4227, 122460.0], [0.4226, 259263.0], [0.4225, 206589.0], [0.4224, 163676.0], [0.4223, 154317.0], [0.4222, 318447.0], [0.4221, 386964.0]], "asks": [[0.4241, 83258.0], [0.4242, 239249.0], [0.4243, 203152.0], [0.4244, 185723.0], [0.4245, 150521.0], [0.4246, 164472.0], [0.4247, 232206.0], [0.4248, 116895.0], [0.4249, 136227.0], [0.425, 111646.0], [0.4251, 88666.0], [0.4252, 68222.0], [0.4253, 138193.0], [0.4254, 270420.0], [0.4255, 118409.0], [0.4256, 161468.0], [0.4257, 81645.0], [0.4258, 114892.0], [0.4259, 150867.0], [0.426, 176747.0]], "timestamp": "2025-12-11T11:08:18.953769+00:00"}, {"symbol": "ADAUSDT", "bids": [[0.4237, 28830.0], [0.4236, 156133.0], [0.4235, 184599.0], [0.4234, 162941.0], [0.4233, 257508.0], [0.4232, 159498.0], [0.4231, 167479.0], [0.423, 232477.0], [0.4229, 145767.0], [0.4228, 242522.0], [0.4227, 124544.0], [0.4226, 187720.0], [0.4225, 202505.0], [0.4224, 175375.0], [0.4223, 346831.0], [0.4222, 344114.0], [0.4221, 432358.0], [0.422, 305151.0], [0.4219, 174863.0], [0.4218, 182131.0]], "asks": [[0.4238, 69748.0], [0.4239, 204312.0], [0.424, 287960.0], [0.4241, 187215.0], [0.4242, 175911.0], [0.4243, 140904.0], [0.4244, 227279.0], [0.4245, 205034.0], [0.4246, 153213.0], [0.4247, 94069.0], [0.4248, 115352.0], [0.4249, 166678.0], [0.425, 235840.0], [0.4251, 100123.0], [0.4252, 69114.0], [0.4253, 75352.0], [0.4254, 148146.0], [0.4255, 100606.0], [0.4256, 248980.0], [0.4257, 99091.0]], "timestamp": "2025-12-11T11:09:18.677314+00:00"}, {"symbol": "ADAUSDT", "bids": [[0.4237, 143356.0], [0.4236, 126932.0], [0.4235, 215130.0], [0.4234, 170595.0], [0.4233, 192109.0], [0.4232, 193947.0], [0.4231, 188498.0], [0.423, 185579.0], [0.4229, 193918.0], [0.4228, 180458.0], [0.4227, 252662.0], [0.4226, 150783.0], [0.4225, 158720.0], [0.4224, 179096.0], [0.4223, 307942.0], [0.4222, 297989.0], [0.4221, 431288.0], [0.422, 333076.0], [0.4219, 249566.0], [0.4218, 182190.0]], "asks": [[0.4238, 30592.0], [0.4239, 216124.0], [0.424, 239996.0], [0.4241, 235608.0], [0.4242, 178756.0], [0.4243, 142772.0], [0.4244, 206708.0], [0.4245, 112844.0], [0.4246, 132448.0], [0.4247, 72572.0], [0.4248, 114743.0], [0.4249, 130900.0], [0.425, 160945.0], [0.4251, 133880.0], [0.4252, 101425.0], [0.4253, 188600.0], [0.4254, 157680.0], [0.4255, 169113.0], [0.4256, 119687.0], [0.4257, 99310.0]], "timestamp": "2025-12-11T11:10:16.079461+00:00"}, {"symbol": "ADAUSDT", "bids": [[0.4237, 37821.0], [0.4236, 82825.0], [0.4235, 217620.0], [0.4234, 176434.0], [0.4233, 286088.0], [0.4232, 178049.0], [0.4231, 236987.0], [0.423, 244213.0], [0.4229, 120515.0], [0.4228, 180654.0], [0.4227, 258952.0], [0.4226, 158562.0], [0.4225, 152913.0], [0.4224, 156147.0], [0.4223, 287634.0], [0.4222, 326246.0], [0.4221, 437425.0], [0.422, 321281.0], [0.4219, 282608.0], [0.4218, 152190.0]], "asks": [[0.4238, 135650.0], [0.4239, 144319.0], [0.424, 244248.0], [0.4241, 183999.0], [0.4242, 202082.0], [0.4243, 159200.0], [0.4244, 292208.0], [0.4245, 133972.0], [0.4246, 114167.0], [0.4247, 97223.0], [0.4248, 86214.0], [0.4249, 110428.0], [0.425, 170251.0], [0.4251, 252012.0], [0.4252, 84316.0], [0.4253, 79706.0], [0.4254, 156978.0], [0.4255, 195203.0], [0.4256, 119711.0], [0.4257, 102458.0]], "timestamp": "2025-12-11T11:11:12.562651+00:00"}, {"symbol": "ADAUSDT", "bids": [[0.4234, 31443.0], [0.4233, 92504.0], [0.4232, 240326.0], [0.4231, 133072.0], [0.423, 259703.0], [0.4229, 148434.0], [0.4228, 173222.0], [0.4227, 214375.0], [0.4226, 147760.0], [0.4225, 145122.0], [0.4224, 246322.0], [0.4223, 453006.0], [0.4222, 271395.0], [0.4221, 478556.0], [0.422, 352827.0], [0.4219, 279229.0], [0.4218, 152190.0], [0.4217, 192829.0], [0.4216, 231655.0], [0.4215, 280537.0]], "asks": [[0.4235, 125231.0], [0.4236, 184842.0], [0.4237, 228556.0], [0.4238, 174167.0], [0.4239, 157423.0], [0.424, 156164.0], [0.4241, 281087.0], [0.4242, 179344.0], [0.4243, 131680.0], [0.4244, 193995.0], [0.4245, 108674.0], [0.4246, 90410.0], [0.4247, 96340.0], [0.4248, 114744.0], [0.4249, 184603.0], [0.425, 332014.0], [0.4251, 110832.0], [0.4252, 67492.0], [0.4253, 90759.0], [0.4254, 127213.0]], "timestamp": "2025-12-11T11:12:09.033079+00:00"}, {"symbol": "ADAUSDT", "bids": [[0.4231, 42067.0], [0.423, 142084.0], [0.4229, 180099.0], [0.4228, 203962.0], [0.4227, 164871.0], [0.4226, 225962.0], [0.4225, 190439.0], [0.4224, 327697.0], [0.4223, 173424.0], [0.4222, 260424.0], [0.4221, 483397.0], [0.422, 408661.0], [0.4219, 241980.0], [0.4218, 301621.0], [0.4217, 305535.0], [0.4216, 168266.0], [0.4215, 146474.0], [0.4214, 268371.0], [0.4213, 155234.0], [0.4212, 166759.0]], "asks": [[0.4232, 108043.0], [0.4233, 185477.0], [0.4234, 147758.0], [0.4235, 183410.0], [0.4236, 181920.0], [0.4237, 213765.0], [0.4238, 105433.0], [0.4239, 292806.0], [0.424, 132560.0], [0.4241, 170360.0], [0.4242, 114081.0], [0.4243, 93751.0], [0.4244, 129932.0], [0.4245, 216366.0], [0.4246, 152426.0], [0.4247, 105709.0], [0.4248, 79836.0], [0.4249, 104184.0], [0.425, 187662.0], [0.4251, 133788.0]], "timestamp": "2025-12-11T11:13:05.767865+00:00"}, {"symbol": "ADAUSDT", "bids": [[0.423, 31756.0], [0.4229, 93173.0], [0.4228, 253331.0], [0.4227, 174291.0], [0.4226, 260937.0], [0.4225, 184947.0], [0.4224, 246829.0], [0.4223, 153957.0], [0.4222, 265407.0], [0.4221, 536850.0], [0.422, 456797.0], [0.4219, 179062.0], [0.4218, 188046.0], [0.4217, 381842.0], [0.4216, 150612.0], [0.4215, 130786.0], [0.4214, 286112.0], [0.4213, 199971.0], [0.4212, 164588.0], [0.4211, 124982.0]], "asks": [[0.4231, 135662.0], [0.4232, 131561.0], [0.4233, 185339.0], [0.4234, 148356.0], [0.4235, 140220.0], [0.4236, 168804.0], [0.4237, 283659.0], [0.4238, 164174.0], [0.4239, 140782.0], [0.424, 131821.0], [0.4241, 168000.0], [0.4242, 413604.0], [0.4243, 86070.0], [0.4244, 130078.0], [0.4245, 211703.0], [0.4246, 152384.0], [0.4247, 105460.0], [0.4248, 84792.0], [0.4249, 111062.0], [0.425, 187676.0]], "timestamp": "2025-12-11T11:14:02.811203+00:00"}, {"symbol": "ADAUSDT", "bids": [[0.4229, 190422.0], [0.4228, 450796.0], [0.4227, 207449.0], [0.4226, 154224.0], [0.4225, 173997.0], [0.4224, 335909.0], [0.4223, 182392.0], [0.4222, 256075.0], [0.4221, 174170.0], [0.422, 466842.0], [0.4219, 219125.0], [0.4218, 235793.0], [0.4217, 218535.0], [0.4216, 117789.0], [0.4215, 242832.0], [0.4214, 288417.0], [0.4213, 147414.0], [0.4212, 161420.0], [0.4211, 165871.0], [0.421, 266999.0]], "asks": [[0.423, 21993.0], [0.4231, 113713.0], [0.4232, 164144.0], [0.4233, 152136.0], [0.4234, 118815.0], [0.4235, 133002.0], [0.4236, 231674.0], [0.4237, 261798.0], [0.4238, 96959.0], [0.4239, 146258.0], [0.424, 126332.0], [0.4241, 158317.0], [0.4242, 406591.0], [0.4243, 234099.0], [0.4244, 120618.0], [0.4245, 113253.0], [0.4246, 196994.0], [0.4247, 133936.0], [0.4248, 97484.0], [0.4249, 115936.0]], "timestamp": "2025-12-11T11:14:59.331227+00:00"}, {"symbol": "ADAUSDT", "bids": [[0.4235, 108456.0], [0.4234, 150943.0], [0.4233, 220347.0], [0.4232, 194170.0], [0.4231, 233092.0], [0.423, 193164.0], [0.4229, 331687.0], [0.4228, 486646.0], [0.4227, 292302.0], [0.4226, 134792.0], [0.4225, 111038.0], [0.4224, 276264.0], [0.4223, 152409.0], [0.4222, 342645.0], [0.4221, 285909.0], [0.422, 313386.0], [0.4219, 191463.0], [0.4218, 232592.0], [0.4217, 127725.0], [0.4216, 116114.0]], "asks": [[0.4236, 67118.0], [0.4237, 202996.0], [0.4238, 192160.0], [0.4239, 167635.0], [0.424, 158818.0], [0.4241, 141088.0], [0.4242, 391735.0], [0.4243, 97314.0], [0.4244, 166339.0], [0.4245, 187904.0], [0.4246, 129353.0], [0.4247, 123035.0], [0.4248, 198350.0], [0.4249, 141455.0], [0.425, 152835.0], [0.4251, 104003.0], [0.4252, 106931.0], [0.4253, 131796.0], [0.4254, 122941.0], [0.4255, 156495.0]], "timestamp": "2025-12-11T11:15:57.642712+00:00"}, {"symbol": "ADAUSDT", "bids": [[0.4233, 70324.0], [0.4232, 148357.0], [0.4231, 274827.0], [0.423, 206119.0], [0.4229, 180311.0], [0.4228, 617150.0], [0.4227, 275795.0], [0.4226, 127238.0], [0.4225, 165875.0], [0.4224, 167552.0], [0.4223, 167248.0], [0.4222, 350134.0], [0.4221, 383777.0], [0.422, 301667.0], [0.4219, 197591.0], [0.4218, 264163.0], [0.4217, 141255.0], [0.4216, 110510.0], [0.4215, 159701.0], [0.4214, 159290.0]], "asks": [[0.4234, 99574.0], [0.4235, 124023.0], [0.4236, 250739.0], [0.4237, 140613.0], [0.4238, 114158.0], [0.4239, 146210.0], [0.424, 214554.0], [0.4241, 214168.0], [0.4242, 414858.0], [0.4243, 89276.0], [0.4244, 88821.0], [0.4245, 121768.0], [0.4246, 108488.0], [0.4247, 140580.0], [0.4248, 231029.0], [0.4249, 115293.0], [0.425, 153916.0], [0.4251, 96800.0], [0.4252, 90881.0], [0.4253, 106972.0]], "timestamp": "2025-12-11T11:16:54.990636+00:00"}, {"symbol": "ADAUSDT", "bids": [[0.423, 29626.0], [0.4229, 147046.0], [0.4228, 446153.0], [0.4227, 174001.0], [0.4226, 153599.0], [0.4225, 177976.0], [0.4224, 298396.0], [0.4223, 211839.0], [0.4222, 178799.0], [0.4221, 180246.0], [0.422, 330605.0], [0.4219, 285948.0], [0.4218, 185056.0], [0.4217, 173540.0], [0.4216, 221177.0], [0.4215, 222632.0], [0.4214, 176514.0], [0.4213, 108234.0], [0.4212, 219548.0], [0.4211, 161218.0]], "asks": [[0.4231, 143554.0], [0.4232, 256357.0], [0.4233, 191974.0], [0.4234, 194120.0], [0.4235, 159105.0], [0.4236, 191152.0], [0.4237, 258892.0], [0.4238, 196988.0], [0.4239, 148028.0], [0.424, 160942.0], [0.4241, 183223.0], [0.4242, 442491.0], [0.4243, 205945.0], [0.4244, 112360.0], [0.4245, 103214.0], [0.4246, 94092.0], [0.4247, 127486.0], [0.4248, 103709.0], [0.4249, 138126.0], [0.425, 151067.0]], "timestamp": "2025-12-11T11:17:51.153335+00:00"}, {"symbol": "ADAUSDT", "bids": [[0.4232, 36022.0], [0.4231, 186961.0], [0.423, 326431.0], [0.4229, 254134.0], [0.4228, 184701.0], [0.4227, 232228.0], [0.4226, 149307.0], [0.4225, 196384.0], [0.4224, 229545.0], [0.4223, 192644.0], [0.4222, 222276.0], [0.4221, 151110.0], [0.422, 273700.0], [0.4219, 275593.0], [0.4218, 297506.0], [0.4217, 117382.0], [0.4216, 122987.0], [0.4215, 130896.0], [0.4214, 127175.0], [0.4213, 108735.0]], "asks": [[0.4233, 162651.0], [0.4234, 156376.0], [0.4235, 216815.0], [0.4236, 223476.0], [0.4237, 180488.0], [0.4238, 215896.0], [0.4239, 252744.0], [0.424, 143374.0], [0.4241, 195670.0], [0.4242, 431405.0], [0.4243, 228209.0], [0.4244, 126624.0], [0.4245, 113180.0], [0.4246, 108077.0], [0.4247, 182110.0], [0.4248, 100219.0], [0.4249, 170236.0], [0.425, 207824.0], [0.4251, 92178.0], [0.4252, 148503.0]], "timestamp": "2025-12-11T11:18:47.816963+00:00"}, {"symbol": "ADAUSDT", "bids": [[0.4236, 45642.0], [0.4235, 160942.0], [0.4234, 211630.0], [0.4233, 224677.0], [0.4232, 184118.0], [0.4231, 179754.0], [0.423, 212051.0], [0.4229, 395439.0], [0.4228, 195303.0], [0.4227, 149328.0], [0.4226, 155674.0], [0.4225, 192699.0], [0.4224, 151114.0], [0.4223, 185041.0], [0.4222, 355647.0], [0.4221, 233965.0], [0.422, 271049.0], [0.4219, 154995.0], [0.4218, 148878.0], [0.4217, 127255.0]], "asks": [[0.4237, 66188.0], [0.4238, 130067.0], [0.4239, 175852.0], [0.424, 170226.0], [0.4241, 241458.0], [0.4242, 413328.0], [0.4243, 97524.0], [0.4244, 150758.0], [0.4245, 82665.0], [0.4246, 109202.0], [0.4247, 133980.0], [0.4248, 129821.0], [0.4249, 188170.0], [0.425, 263861.0], [0.4251, 151713.0], [0.4252, 136976.0], [0.4253, 202424.0], [0.4254, 216905.0], [0.4255, 79256.0], [0.4256, 139818.0]], "timestamp": "2025-12-11T11:19:45.493527+00:00"}, {"symbol": "ADAUSDT", "bids": [[0.4232, 115299.0], [0.4231, 98902.0], [0.423, 229265.0], [0.4229, 224438.0], [0.4228, 223873.0], [0.4227, 264380.0], [0.4226, 195263.0], [0.4225, 270058.0], [0.4224, 150655.0], [0.4223, 136002.0], [0.4222, 253338.0], [0.4221, 239034.0], [0.422, 261414.0], [0.4219, 151197.0], [0.4218, 183059.0], [0.4217, 266057.0], [0.4216, 143165.0], [0.4215, 193473.0], [0.4214, 168853.0], [0.4213, 110185.0]], "asks": [[0.4233, 37862.0], [0.4234, 160916.0], [0.4235, 260665.0], [0.4236, 286993.0], [0.4237, 157479.0], [0.4238, 116801.0], [0.4239, 156003.0], [0.424, 223077.0], [0.4241, 171264.0], [0.4242, 461494.0], [0.4243, 117680.0], [0.4244, 73062.0], [0.4245, 125776.0], [0.4246, 133610.0], [0.4247, 121488.0], [0.4248, 125973.0], [0.4249, 267752.0], [0.425, 130914.0], [0.4251, 91187.0], [0.4252, 148922.0]], "timestamp": "2025-12-11T11:20:44.124113+00:00"}, {"symbol": "ADAUSDT", "bids": [[0.4232, 148532.0], [0.4231, 139199.0], [0.423, 223797.0], [0.4229, 236633.0], [0.4228, 188344.0], [0.4227, 174167.0], [0.4226, 151992.0], [0.4225, 164908.0], [0.4224, 191308.0], [0.4223, 149371.0], [0.4222, 262340.0], [0.4221, 141509.0], [0.422, 300375.0], [0.4219, 133277.0], [0.4218, 260031.0], [0.4217, 278360.0], [0.4216, 126793.0], [0.4215, 182794.0], [0.4214, 171597.0], [0.4213, 114899.0]], "asks": [[0.4233, 113289.0], [0.4234, 135892.0], [0.4235, 222056.0], [0.4236, 265419.0], [0.4237, 129890.0], [0.4238, 97724.0], [0.4239, 201748.0], [0.424, 86801.0], [0.4241, 148688.0], [0.4242, 560415.0], [0.4243, 130062.0], [0.4244, 139268.0], [0.4245, 100170.0], [0.4246, 125054.0], [0.4247, 109386.0], [0.4248, 90670.0], [0.4249, 173393.0], [0.425, 130878.0], [0.4251, 180823.0], [0.4252, 139359.0]], "timestamp": "2025-12-11T11:21:40.380727+00:00"}, {"symbol": "ADAUSDT", "bids": [[0.4228, 116565.0], [0.4227, 121443.0], [0.4226, 219903.0], [0.4225, 195180.0], [0.4224, 285590.0], [0.4223, 175122.0], [0.4222, 207262.0], [0.4221, 231625.0], [0.422, 394157.0], [0.4219, 213370.0], [0.4218, 339818.0], [0.4217, 119526.0], [0.4216, 94390.0], [0.4215, 90682.0], [0.4214, 209423.0], [0.4213, 221479.0], [0.4212, 130328.0], [0.4211, 196876.0], [0.421, 225406.0], [0.4209, 224883.0]], "asks": [[0.4229, 42783.0], [0.423, 119645.0], [0.4231, 269197.0], [0.4232, 166302.0], [0.4233, 177222.0], [0.4234, 123735.0], [0.4235, 319193.0], [0.4236, 218508.0], [0.4237, 144359.0], [0.4238, 106771.0], [0.4239, 117816.0], [0.424, 119584.0], [0.4241, 326145.0], [0.4242, 392952.0], [0.4243, 114183.0], [0.4244, 129732.0], [0.4245, 83867.0], [0.4246, 149399.0], [0.4247, 168003.0], [0.4248, 130757.0]], "timestamp": "2025-12-11T11:22:37.730130+00:00"}, {"symbol": "ADAUSDT", "bids": [[0.4233, 72973.0], [0.4232, 173997.0], [0.4231, 182406.0], [0.423, 191613.0], [0.4229, 263910.0], [0.4228, 222802.0], [0.4227, 150627.0], [0.4226, 223821.0], [0.4225, 119124.0], [0.4224, 170453.0], [0.4223, 107164.0], [0.4222, 231057.0], [0.4221, 168797.0], [0.422, 282679.0], [0.4219, 268206.0], [0.4218, 310175.0], [0.4217, 161613.0], [0.4216, 197520.0], [0.4215, 90332.0], [0.4214, 160520.0]], "asks": [[0.4234, 22749.0], [0.4235, 470289.0], [0.4236, 275521.0], [0.4237, 240977.0], [0.4238, 138447.0], [0.4239, 140918.0], [0.424, 135438.0], [0.4241, 307625.0], [0.4242, 120592.0], [0.4243, 122345.0], [0.4244, 129995.0], [0.4245, 123651.0], [0.4246, 300778.0], [0.4247, 152207.0], [0.4248, 118847.0], [0.4249, 114510.0], [0.425, 125613.0], [0.4251, 99970.0], [0.4252, 246543.0], [0.4253, 125810.0]], "timestamp": "2025-12-11T11:23:38.953041+00:00"}, {"symbol": "ADAUSDT", "bids": [[0.4233, 37421.0], [0.4232, 193172.0], [0.4231, 149695.0], [0.423, 235391.0], [0.4229, 158698.0], [0.4228, 320848.0], [0.4227, 181648.0], [0.4226, 194988.0], [0.4225, 168843.0], [0.4224, 170236.0], [0.4223, 160218.0], [0.4222, 190588.0], [0.4221, 163906.0], [0.422, 284432.0], [0.4219, 297557.0], [0.4218, 257864.0], [0.4217, 155992.0], [0.4216, 192970.0], [0.4215, 100949.0], [0.4214, 160506.0]], "asks": [[0.4234, 148189.0], [0.4235, 212738.0], [0.4236, 286519.0], [0.4237, 255183.0], [0.4238, 118530.0], [0.4239, 159794.0], [0.424, 193139.0], [0.4241, 213330.0], [0.4242, 120289.0], [0.4243, 122918.0], [0.4244, 129579.0], [0.4245, 128892.0], [0.4246, 271334.0], [0.4247, 128281.0], [0.4248, 117706.0], [0.4249, 114579.0], [0.425, 135450.0], [0.4251, 138123.0], [0.4252, 137986.0], [0.4253, 124398.0]], "timestamp": "2025-12-11T11:24:48.561177+00:00"}, {"symbol": "ADAUSDT", "bids": [[0.4229, 107905.0], [0.4228, 150132.0], [0.4227, 230221.0], [0.4226, 179415.0], [0.4225, 243093.0], [0.4224, 228246.0], [0.4223, 176826.0], [0.4222, 290820.0], [0.4221, 189399.0], [0.422, 297181.0], [0.4219, 221169.0], [0.4218, 174147.0], [0.4217, 130025.0], [0.4216, 295672.0], [0.4215, 139965.0], [0.4214, 303984.0], [0.4213, 79026.0], [0.4212, 175642.0], [0.4211, 302606.0], [0.421, 137248.0]], "asks": [[0.423, 26956.0], [0.4231, 186175.0], [0.4232, 271323.0], [0.4233, 184748.0], [0.4234, 146037.0], [0.4235, 149421.0], [0.4236, 315629.0], [0.4237, 186296.0], [0.4238, 101207.0], [0.4239, 118653.0], [0.424, 89240.0], [0.4241, 133732.0], [0.4242, 216141.0], [0.4243, 91574.0], [0.4244, 136648.0], [0.4245, 116461.0], [0.4246, 122460.0], [0.4247, 146127.0], [0.4248, 120056.0], [0.4249, 121094.0]], "timestamp": "2025-12-11T11:25:50.532189+00:00"}, {"symbol": "ADAUSDT", "bids": [[0.4231, 96137.0], [0.423, 198462.0], [0.4229, 237461.0], [0.4228, 169815.0], [0.4227, 209942.0], [0.4226, 317127.0], [0.4225, 222589.0], [0.4224, 304987.0], [0.4223, 128940.0], [0.4222, 213633.0], [0.4221, 230960.0], [0.422, 295552.0], [0.4219, 170773.0], [0.4218, 142758.0], [0.4217, 212534.0], [0.4216, 120541.0], [0.4215, 171383.0], [0.4214, 280549.0], [0.4213, 64956.0], [0.4212, 193678.0]], "asks": [[0.4232, 50739.0], [0.4233, 110725.0], [0.4234, 197518.0], [0.4235, 181246.0], [0.4236, 174864.0], [0.4237, 182377.0], [0.4238, 271639.0], [0.4239, 101660.0], [0.424, 90991.0], [0.4241, 92712.0], [0.4242, 150979.0], [0.4243, 132874.0], [0.4244, 247725.0], [0.4245, 105473.0], [0.4246, 114126.0], [0.4247, 109994.0], [0.4248, 131726.0], [0.4249, 115705.0], [0.425, 119753.0], [0.4251, 170082.0]], "timestamp": "2025-12-11T11:26:47.661945+00:00"}, {"symbol": "ADAUSDT", "bids": [[0.4233, 10264.0], [0.4232, 146414.0], [0.4231, 210823.0], [0.423, 273873.0], [0.4229, 242491.0], [0.4228, 286263.0], [0.4227, 174689.0], [0.4226, 279802.0], [0.4225, 203174.0], [0.4224, 218994.0], [0.4223, 120881.0], [0.4222, 191864.0], [0.4221, 201895.0], [0.422, 308242.0], [0.4219, 310460.0], [0.4218, 240986.0], [0.4217, 94824.0], [0.4216, 128383.0], [0.4215, 108946.0], [0.4214, 155761.0]], "asks": [[0.4234, 103390.0], [0.4235, 147155.0], [0.4236, 248811.0], [0.4237, 188135.0], [0.4238, 121668.0], [0.4239, 120599.0], [0.424, 256682.0], [0.4241, 85187.0], [0.4242, 73986.0], [0.4243, 121579.0], [0.4244, 120468.0], [0.4245, 130790.0], [0.4246, 130975.0], [0.4247, 237244.0], [0.4248, 140128.0], [0.4249, 117981.0], [0.425, 117715.0], [0.4251, 110333.0], [0.4252, 186132.0], [0.4253, 200368.0]], "timestamp": "2025-12-11T11:27:45.899196+00:00"}, {"symbol": "ADAUSDT", "bids": [[0.4229, 40987.0], [0.4228, 103734.0], [0.4227, 245076.0], [0.4226, 216514.0], [0.4225, 168462.0], [0.4224, 290133.0], [0.4223, 174388.0], [0.4222, 297801.0], [0.4221, 149464.0], [0.422, 303053.0], [0.4219, 245410.0], [0.4218, 146624.0], [0.4217, 87709.0], [0.4216, 139338.0], [0.4215, 266464.0], [0.4214, 257294.0], [0.4213, 207797.0], [0.4212, 190172.0], [0.4211, 302634.0], [0.421, 150470.0]], "asks": [[0.423, 120062.0], [0.4231, 256346.0], [0.4232, 251808.0], [0.4233, 202473.0], [0.4234, 109103.0], [0.4235, 168661.0], [0.4236, 357185.0], [0.4237, 156024.0], [0.4238, 100413.0], [0.4239, 118143.0], [0.424, 117061.0], [0.4241, 132860.0], [0.4242, 196993.0], [0.4243, 130578.0], [0.4244, 146717.0], [0.4245, 119348.0], [0.4246, 120301.0], [0.4247, 133527.0], [0.4248, 119970.0], [0.4249, 143943.0]], "timestamp": "2025-12-11T11:28:47.219442+00:00"}, {"symbol": "ADAUSDT", "bids": [[0.4229, 73766.0], [0.4228, 102753.0], [0.4227, 191584.0], [0.4226, 199178.0], [0.4225, 167374.0], [0.4224, 266290.0], [0.4223, 174284.0], [0.4222, 285000.0], [0.4221, 134004.0], [0.422, 286485.0], [0.4219, 217047.0], [0.4218, 171530.0], [0.4217, 92705.0], [0.4216, 138409.0], [0.4215, 277353.0], [0.4214, 198805.0], [0.4213, 224175.0], [0.4212, 188945.0], [0.4211, 302634.0], [0.421, 150503.0]], "asks": [[0.423, 151926.0], [0.4231, 216345.0], [0.4232, 254208.0], [0.4233, 227702.0], [0.4234, 115249.0], [0.4235, 165831.0], [0.4236, 339821.0], [0.4237, 157879.0], [0.4238, 117454.0], [0.4239, 114625.0], [0.424, 108939.0], [0.4241, 135599.0], [0.4242, 196702.0], [0.4243, 130564.0], [0.4244, 144339.0], [0.4245, 120573.0], [0.4246, 120488.0], [0.4247, 133999.0], [0.4248, 119970.0], [0.4249, 143756.0]], "timestamp": "2025-12-11T11:29:47.003057+00:00"}, {"symbol": "ADAUSDT", "bids": [[0.4233, 122597.0], [0.4232, 197393.0], [0.4231, 242387.0], [0.423, 208750.0], [0.4229, 267697.0], [0.4228, 138867.0], [0.4227, 172532.0], [0.4226, 206594.0], [0.4225, 190122.0], [0.4224, 179455.0], [0.4223, 196800.0], [0.4222, 211817.0], [0.4221, 132448.0], [0.422, 429384.0], [0.4219, 172105.0], [0.4218, 245348.0], [0.4217, 96676.0], [0.4216, 142261.0], [0.4215, 138742.0], [0.4214, 161664.0]], "asks": [[0.4234, 26963.0], [0.4235, 151473.0], [0.4236, 258682.0], [0.4237, 165007.0], [0.4238, 167378.0], [0.4239, 234846.0], [0.424, 191498.0], [0.4241, 138010.0], [0.4242, 95691.0], [0.4243, 135627.0], [0.4244, 258584.0], [0.4245, 163918.0], [0.4246, 140841.0], [0.4247, 156028.0], [0.4248, 199854.0], [0.4249, 108348.0], [0.425, 87234.0], [0.4251, 104543.0], [0.4252, 233876.0], [0.4253, 131011.0]], "timestamp": "2025-12-11T11:30:50.078735+00:00"}, {"symbol": "ADAUSDT", "bids": [[0.4234, 147456.0], [0.4233, 215389.0], [0.4232, 249767.0], [0.4231, 221396.0], [0.423, 187875.0], [0.4229, 216864.0], [0.4228, 172393.0], [0.4227, 255651.0], [0.4226, 192599.0], [0.4225, 139762.0], [0.4224, 206208.0], [0.4223, 107796.0], [0.4222, 173870.0], [0.4221, 113778.0], [0.422, 445705.0], [0.4219, 196397.0], [0.4218, 292170.0], [0.4217, 117476.0], [0.4216, 105806.0], [0.4215, 135601.0]], "asks": [[0.4235, 48259.0], [0.4236, 146126.0], [0.4237, 261964.0], [0.4238, 169767.0], [0.4239, 150182.0], [0.424, 133631.0], [0.4241, 289922.0], [0.4242, 132673.0], [0.4243, 114480.0], [0.4244, 87591.0], [0.4245, 186697.0], [0.4246, 113935.0], [0.4247, 114230.0], [0.4248, 227298.0], [0.4249, 121008.0], [0.425, 101231.0], [0.4251, 98286.0], [0.4252, 208249.0], [0.4253, 231877.0], [0.4254, 238893.0]], "timestamp": "2025-12-11T11:31:54.433060+00:00"}, {"symbol": "ADAUSDT", "bids": [[0.4233, 135090.0], [0.4232, 157965.0], [0.4231, 275830.0], [0.423, 200649.0], [0.4229, 125391.0], [0.4228, 272726.0], [0.4227, 252510.0], [0.4226, 179494.0], [0.4225, 146692.0], [0.4224, 207633.0], [0.4223, 120051.0], [0.4222, 204838.0], [0.4221, 109609.0], [0.422, 358164.0], [0.4219, 326489.0], [0.4218, 295952.0], [0.4217, 129662.0], [0.4216, 218102.0], [0.4215, 136773.0], [0.4214, 161669.0]], "asks": [[0.4234, 22490.0], [0.4235, 202814.0], [0.4236, 217560.0], [0.4237, 215841.0], [0.4238, 169097.0], [0.4239, 153089.0], [0.424, 169787.0], [0.4241, 295852.0], [0.4242, 126920.0], [0.4243, 105621.0], [0.4244, 89298.0], [0.4245, 158171.0], [0.4246, 250706.0], [0.4247, 130277.0], [0.4248, 115029.0], [0.4249, 121008.0], [0.425, 99094.0], [0.4251, 100032.0], [0.4252, 208249.0], [0.4253, 231899.0]], "timestamp": "2025-12-11T11:32:54.450420+00:00"}, {"symbol": "ADAUSDT", "bids": [[0.4235, 92644.0], [0.4234, 174107.0], [0.4233, 243347.0], [0.4232, 183212.0], [0.4231, 233657.0], [0.423, 236350.0], [0.4229, 212086.0], [0.4228, 199250.0], [0.4227, 220344.0], [0.4226, 143414.0], [0.4225, 176533.0], [0.4224, 235748.0], [0.4223, 137510.0], [0.4222, 178502.0], [0.4221, 145051.0], [0.422, 352984.0], [0.4219, 307472.0], [0.4218, 294604.0], [0.4217, 103844.0], [0.4216, 192461.0]], "asks": [[0.4236, 140838.0], [0.4237, 154171.0], [0.4238, 195157.0], [0.4239, 210749.0], [0.424, 189540.0], [0.4241, 136147.0], [0.4242, 186779.0], [0.4243, 105746.0], [0.4244, 91676.0], [0.4245, 154374.0], [0.4246, 310390.0], [0.4247, 147005.0], [0.4248, 115501.0], [0.4249, 109741.0], [0.425, 87522.0], [0.4251, 122463.0], [0.4252, 206555.0], [0.4253, 208378.0], [0.4254, 238893.0], [0.4255, 200506.0]], "timestamp": "2025-12-11T11:33:52.302478+00:00"}, {"symbol": "ADAUSDT", "bids": [[0.4232, 112364.0], [0.4231, 197220.0], [0.423, 261486.0], [0.4229, 156174.0], [0.4228, 168458.0], [0.4227, 399273.0], [0.4226, 160851.0], [0.4225, 146916.0], [0.4224, 155438.0], [0.4223, 113168.0], [0.4222, 192600.0], [0.4221, 264375.0], [0.422, 351245.0], [0.4219, 185204.0], [0.4218, 284342.0], [0.4217, 148702.0], [0.4216, 222698.0], [0.4215, 98769.0], [0.4214, 190780.0], [0.4213, 64914.0]], "asks": [[0.4233, 24953.0], [0.4234, 162073.0], [0.4235, 264568.0], [0.4236, 148457.0], [0.4237, 140668.0], [0.4238, 171009.0], [0.4239, 279592.0], [0.424, 221735.0], [0.4241, 133846.0], [0.4242, 129524.0], [0.4243, 110470.0], [0.4244, 92365.0], [0.4245, 151282.0], [0.4246, 245068.0], [0.4247, 144298.0], [0.4248, 115501.0], [0.4249, 107722.0], [0.425, 111051.0], [0.4251, 105380.0], [0.4252, 182837.0]], "timestamp": "2025-12-11T11:34:49.793326+00:00"}, {"symbol": "ADAUSDT", "bids": [[0.4232, 126346.0], [0.4231, 242620.0], [0.423, 267652.0], [0.4229, 143802.0], [0.4228, 279475.0], [0.4227, 236186.0], [0.4226, 154653.0], [0.4225, 215730.0], [0.4224, 143062.0], [0.4223, 113737.0], [0.4222, 186042.0], [0.4221, 149604.0], [0.422, 363713.0], [0.4219, 276337.0], [0.4218, 289461.0], [0.4217, 149786.0], [0.4216, 203579.0], [0.4215, 122486.0], [0.4214, 190813.0], [0.4213, 64914.0]], "asks": [[0.4233, 34470.0], [0.4234, 149495.0], [0.4235, 265485.0], [0.4236, 132163.0], [0.4237, 149572.0], [0.4238, 168797.0], [0.4239, 247947.0], [0.424, 251891.0], [0.4241, 130900.0], [0.4242, 129510.0], [0.4243, 110484.0], [0.4244, 91952.0], [0.4245, 151212.0], [0.4246, 245054.0], [0.4247, 144284.0], [0.4248, 115214.0], [0.4249, 109728.0], [0.425, 111051.0], [0.4251, 99697.0], [0.4252, 182837.0]], "timestamp": "2025-12-11T11:35:47.779700+00:00"}, {"symbol": "ADAUSDT", "bids": [[0.4229, 42742.0], [0.4228, 75431.0], [0.4227, 177668.0], [0.4226, 177575.0], [0.4225, 184520.0], [0.4224, 213647.0], [0.4223, 189006.0], [0.4222, 211366.0], [0.4221, 171793.0], [0.422, 412130.0], [0.4219, 160635.0], [0.4218, 174151.0], [0.4217, 133599.0], [0.4216, 130196.0], [0.4215, 244030.0], [0.4214, 250555.0], [0.4213, 216139.0], [0.4212, 141743.0], [0.4211, 179591.0], [0.421, 253936.0]], "asks": [[0.423, 173721.0], [0.4231, 198157.0], [0.4232, 205554.0], [0.4233, 205245.0], [0.4234, 150317.0], [0.4235, 170123.0], [0.4236, 207109.0], [0.4237, 200608.0], [0.4238, 124204.0], [0.4239, 164789.0], [0.424, 160734.0], [0.4241, 129891.0], [0.4242, 173367.0], [0.4243, 219483.0], [0.4244, 87050.0], [0.4245, 93097.0], [0.4246, 166781.0], [0.4247, 151811.0], [0.4248, 113152.0], [0.4249, 143207.0]], "timestamp": "2025-12-11T11:36:48.284465+00:00"}, {"symbol": "ADAUSDT", "bids": [[0.4233, 113518.0], [0.4232, 240423.0], [0.4231, 254324.0], [0.423, 233455.0], [0.4229, 208729.0], [0.4228, 239967.0], [0.4227, 197611.0], [0.4226, 242759.0], [0.4225, 139580.0], [0.4224, 221098.0], [0.4223, 79629.0], [0.4222, 165830.0], [0.4221, 218662.0], [0.422, 403641.0], [0.4219, 135622.0], [0.4218, 149372.0], [0.4217, 270760.0], [0.4216, 157326.0], [0.4215, 110749.0], [0.4214, 199958.0]], "asks": [[0.4234, 39406.0], [0.4235, 143570.0], [0.4236, 171719.0], [0.4237, 167403.0], [0.4238, 122725.0], [0.4239, 244176.0], [0.424, 212375.0], [0.4241, 132654.0], [0.4242, 129564.0], [0.4243, 230800.0], [0.4244, 84565.0], [0.4245, 147243.0], [0.4246, 148619.0], [0.4247, 171456.0], [0.4248, 152652.0], [0.4249, 125041.0], [0.425, 123014.0], [0.4251, 104685.0], [0.4252, 157809.0], [0.4253, 195897.0]], "timestamp": "2025-12-11T11:37:47.901459+00:00"}, {"symbol": "ADAUSDT", "bids": [[0.4231, 120963.0], [0.423, 140735.0], [0.4229, 262238.0], [0.4228, 118993.0], [0.4227, 225343.0], [0.4226, 153278.0], [0.4225, 183061.0], [0.4224, 211966.0], [0.4223, 211367.0], [0.4222, 208854.0], [0.4221, 185835.0], [0.422, 307877.0], [0.4219, 144463.0], [0.4218, 169333.0], [0.4217, 339710.0], [0.4216, 143446.0], [0.4215, 149662.0], [0.4214, 205401.0], [0.4213, 115192.0], [0.4212, 213718.0]], "asks": [[0.4232, 89126.0], [0.4233, 242546.0], [0.4234, 231033.0], [0.4235, 243518.0], [0.4236, 141136.0], [0.4237, 179874.0], [0.4238, 276241.0], [0.4239, 171184.0], [0.424, 219338.0], [0.4241, 144034.0], [0.4242, 83084.0], [0.4243, 125571.0], [0.4244, 121014.0], [0.4245, 113194.0], [0.4246, 144700.0], [0.4247, 192088.0], [0.4248, 157161.0], [0.4249, 152427.0], [0.425, 118070.0], [0.4251, 95004.0]], "timestamp": "2025-12-11T11:38:48.079593+00:00"}, {"symbol": "ADAUSDT", "bids": [[0.4231, 55772.0], [0.423, 181482.0], [0.4229, 342161.0], [0.4228, 143755.0], [0.4227, 150647.0], [0.4226, 256665.0], [0.4225, 142168.0], [0.4224, 229591.0], [0.4223, 177481.0], [0.4222, 249527.0], [0.4221, 147251.0], [0.422, 278451.0], [0.4219, 159849.0], [0.4218, 322978.0], [0.4217, 206611.0], [0.4216, 159290.0], [0.4215, 149808.0], [0.4214, 168381.0], [0.4213, 120776.0], [0.4212, 230277.0]], "asks": [[0.4232, 135695.0], [0.4233, 190211.0], [0.4234, 221673.0], [0.4235, 191715.0], [0.4236, 132762.0], [0.4237, 160448.0], [0.4238, 327132.0], [0.4239, 181439.0], [0.424, 148357.0], [0.4241, 156287.0], [0.4242, 113987.0], [0.4243, 195870.0], [0.4244, 234536.0], [0.4245, 87036.0], [0.4246, 96113.0], [0.4247, 97716.0], [0.4248, 142380.0], [0.4249, 185182.0], [0.425, 99052.0], [0.4251, 92159.0]], "timestamp": "2025-12-11T11:39:46.004034+00:00"}, {"symbol": "ADAUSDT", "bids": [[0.423, 128956.0], [0.4229, 295836.0], [0.4228, 163238.0], [0.4227, 171967.0], [0.4226, 265152.0], [0.4225, 151254.0], [0.4224, 297096.0], [0.4223, 106408.0], [0.4222, 245788.0], [0.4221, 142074.0], [0.422, 286547.0], [0.4219, 177735.0], [0.4218, 317534.0], [0.4217, 209511.0], [0.4216, 160043.0], [0.4215, 149808.0], [0.4214, 198381.0], [0.4213, 118777.0], [0.4212, 229805.0], [0.4211, 228143.0]], "asks": [[0.4231, 81651.0], [0.4232, 191663.0], [0.4233, 257346.0], [0.4234, 192959.0], [0.4235, 200434.0], [0.4236, 128328.0], [0.4237, 159823.0], [0.4238, 329977.0], [0.4239, 190245.0], [0.424, 148531.0], [0.4241, 158023.0], [0.4242, 95528.0], [0.4243, 183205.0], [0.4244, 133110.0], [0.4245, 200369.0], [0.4246, 95665.0], [0.4247, 97716.0], [0.4248, 142380.0], [0.4249, 185182.0], [0.425, 99052.0]], "timestamp": "2025-12-11T11:40:44.266473+00:00"}, {"symbol": "ADAUSDT", "bids": [[0.4227, 138632.0], [0.4226, 138670.0], [0.4225, 182736.0], [0.4224, 175206.0], [0.4223, 248524.0], [0.4222, 278527.0], [0.4221, 211452.0], [0.422, 348536.0], [0.4219, 189477.0], [0.4218, 223014.0], [0.4217, 113575.0], [0.4216, 138149.0], [0.4215, 154895.0], [0.4214, 330119.0], [0.4213, 134100.0], [0.4212, 335564.0], [0.4211, 197104.0], [0.421, 154747.0], [0.4209, 208140.0], [0.4208, 256516.0]], "asks": [[0.4228, 65619.0], [0.4229, 192745.0], [0.423, 276354.0], [0.4231, 280279.0], [0.4232, 139907.0], [0.4233, 225978.0], [0.4234, 176195.0], [0.4235, 368203.0], [0.4236, 113587.0], [0.4237, 143307.0], [0.4238, 164846.0], [0.4239, 139003.0], [0.424, 176945.0], [0.4241, 244373.0], [0.4242, 98310.0], [0.4243, 141746.0], [0.4244, 160189.0], [0.4245, 97069.0], [0.4246, 92985.0], [0.4247, 92268.0]], "timestamp": "2025-12-11T11:41:41.092369+00:00"}, {"symbol": "ADAUSDT", "bids": [[0.4226, 152978.0], [0.4225, 131883.0], [0.4224, 241654.0], [0.4223, 135744.0], [0.4222, 349416.0], [0.4221, 165739.0], [0.422, 323191.0], [0.4219, 251088.0], [0.4218, 167845.0], [0.4217, 105207.0], [0.4216, 180638.0], [0.4215, 210226.0], [0.4214, 215671.0], [0.4213, 280367.0], [0.4212, 337640.0], [0.4211, 177320.0], [0.421, 157778.0], [0.4209, 181594.0], [0.4208, 235217.0], [0.4207, 196235.0]], "asks": [[0.4227, 80005.0], [0.4228, 236530.0], [0.4229, 240383.0], [0.423, 284031.0], [0.4231, 220552.0], [0.4232, 139658.0], [0.4233, 192201.0], [0.4234, 148541.0], [0.4235, 361015.0], [0.4236, 124706.0], [0.4237, 131588.0], [0.4238, 124843.0], [0.4239, 129684.0], [0.424, 176597.0], [0.4241, 258872.0], [0.4242, 97151.0], [0.4243, 142191.0], [0.4244, 171961.0], [0.4245, 120119.0], [0.4246, 78921.0]], "timestamp": "2025-12-11T11:42:38.615047+00:00"}, {"symbol": "ADAUSDT", "bids": [[0.423, 82399.0], [0.4229, 195916.0], [0.4228, 280982.0], [0.4227, 287053.0], [0.4226, 231928.0], [0.4225, 257604.0], [0.4224, 221827.0], [0.4223, 260290.0], [0.4222, 236734.0], [0.4221, 129935.0], [0.422, 377184.0], [0.4219, 165090.0], [0.4218, 128852.0], [0.4217, 91729.0], [0.4216, 100774.0], [0.4215, 164471.0], [0.4214, 159759.0], [0.4213, 246968.0], [0.4212, 247211.0], [0.4211, 166506.0]], "asks": [[0.4231, 62321.0], [0.4232, 129661.0], [0.4233, 234155.0], [0.4234, 144765.0], [0.4235, 182054.0], [0.4236, 153655.0], [0.4237, 202291.0], [0.4238, 182023.0], [0.4239, 199492.0], [0.424, 157388.0], [0.4241, 187660.0], [0.4242, 216668.0], [0.4243, 135324.0], [0.4244, 163657.0], [0.4245, 129028.0], [0.4246, 101065.0], [0.4247, 98242.0], [0.4248, 134037.0], [0.4249, 141997.0], [0.425, 111548.0]], "timestamp": "2025-12-11T11:43:35.049466+00:00"}, {"symbol": "ADAUSDT", "bids": [[0.4233, 51994.0], [0.4232, 148261.0], [0.4231, 264919.0], [0.423, 194696.0], [0.4229, 270493.0], [0.4228, 231087.0], [0.4227, 287381.0], [0.4226, 197146.0], [0.4225, 201692.0], [0.4224, 211626.0], [0.4223, 159188.0], [0.4222, 195378.0], [0.4221, 185998.0], [0.422, 476936.0], [0.4219, 159625.0], [0.4218, 166249.0], [0.4217, 227139.0], [0.4216, 159631.0], [0.4215, 171195.0], [0.4214, 136599.0]], "asks": [[0.4234, 91417.0], [0.4235, 192240.0], [0.4236, 167312.0], [0.4237, 140359.0], [0.4238, 130791.0], [0.4239, 210195.0], [0.424, 298613.0], [0.4241, 122115.0], [0.4242, 123487.0], [0.4243, 155344.0], [0.4244, 148438.0], [0.4245, 242733.0], [0.4246, 102572.0], [0.4247, 86751.0], [0.4248, 131287.0], [0.4249, 160674.0], [0.425, 122010.0], [0.4251, 110973.0], [0.4252, 139317.0], [0.4253, 302858.0]], "timestamp": "2025-12-11T11:44:34.475969+00:00"}, {"symbol": "ADAUSDT", "bids": [[0.4232, 72227.0], [0.4231, 171472.0], [0.423, 229372.0], [0.4229, 198264.0], [0.4228, 252307.0], [0.4227, 293257.0], [0.4226, 188095.0], [0.4225, 128567.0], [0.4224, 283938.0], [0.4223, 180179.0], [0.4222, 185687.0], [0.4221, 214282.0], [0.422, 327079.0], [0.4219, 166358.0], [0.4218, 291913.0], [0.4217, 223329.0], [0.4216, 182108.0], [0.4215, 173245.0], [0.4214, 198829.0], [0.4213, 92875.0]], "asks": [[0.4233, 70467.0], [0.4234, 132570.0], [0.4235, 227203.0], [0.4236, 173276.0], [0.4237, 184080.0], [0.4238, 123085.0], [0.4239, 232453.0], [0.424, 195583.0], [0.4241, 121219.0], [0.4242, 123668.0], [0.4243, 123924.0], [0.4244, 96652.0], [0.4245, 208908.0], [0.4246, 131993.0], [0.4247, 116750.0], [0.4248, 109628.0], [0.4249, 150360.0], [0.425, 215906.0], [0.4251, 117031.0], [0.4252, 133973.0]], "timestamp": "2025-12-11T11:45:33.038307+00:00"}, {"symbol": "ADAUSDT", "bids": [[0.423, 64104.0], [0.4229, 185982.0], [0.4228, 266192.0], [0.4227, 221566.0], [0.4226, 197815.0], [0.4225, 140398.0], [0.4224, 321021.0], [0.4223, 176291.0], [0.4222, 189202.0], [0.4221, 248402.0], [0.422, 357260.0], [0.4219, 162939.0], [0.4218, 299527.0], [0.4217, 234048.0], [0.4216, 178379.0], [0.4215, 177301.0], [0.4214, 192568.0], [0.4213, 92889.0], [0.4212, 125657.0], [0.4211, 164210.0]], "asks": [[0.4231, 94264.0], [0.4232, 188247.0], [0.4233, 235885.0], [0.4234, 151721.0], [0.4235, 142515.0], [0.4236, 136895.0], [0.4237, 165937.0], [0.4238, 92847.0], [0.4239, 267379.0], [0.424, 114091.0], [0.4241, 102148.0], [0.4242, 130590.0], [0.4243, 93649.0], [0.4244, 91492.0], [0.4245, 222965.0], [0.4246, 102495.0], [0.4247, 108345.0], [0.4248, 123884.0], [0.4249, 165662.0], [0.425, 213414.0]], "timestamp": "2025-12-11T11:46:32.929812+00:00"}, {"symbol": "ADAUSDT", "bids": [[0.4234, 122252.0], [0.4233, 225157.0], [0.4232, 230645.0], [0.4231, 171174.0], [0.423, 189215.0], [0.4229, 178999.0], [0.4228, 174231.0], [0.4227, 255074.0], [0.4226, 200658.0], [0.4225, 95808.0], [0.4224, 262986.0], [0.4223, 144573.0], [0.4222, 161370.0], [0.4221, 170182.0], [0.422, 335073.0], [0.4219, 162466.0], [0.4218, 277869.0], [0.4217, 221706.0], [0.4216, 167721.0], [0.4215, 169051.0]], "asks": [[0.4235, 34219.0], [0.4236, 103368.0], [0.4237, 191640.0], [0.4238, 117351.0], [0.4239, 189826.0], [0.424, 164459.0], [0.4241, 97985.0], [0.4242, 69310.0], [0.4243, 125717.0], [0.4244, 81171.0], [0.4245, 95094.0], [0.4246, 157537.0], [0.4247, 266491.0], [0.4248, 110672.0], [0.4249, 187198.0], [0.425, 213442.0], [0.4251, 92190.0], [0.4252, 144330.0], [0.4253, 226371.0], [0.4254, 112928.0]], "timestamp": "2025-12-11T11:47:32.317179+00:00"}, {"symbol": "ADAUSDT", "bids": [[0.4232, 126411.0], [0.4231, 212367.0], [0.423, 252342.0], [0.4229, 202711.0], [0.4228, 279001.0], [0.4227, 229820.0], [0.4226, 175923.0], [0.4225, 159423.0], [0.4224, 283195.0], [0.4223, 105241.0], [0.4222, 162513.0], [0.4221, 156891.0], [0.422, 343069.0], [0.4219, 283891.0], [0.4218, 217966.0], [0.4217, 223312.0], [0.4216, 180513.0], [0.4215, 200771.0], [0.4214, 175123.0], [0.4213, 177861.0]], "asks": [[0.4233, 28749.0], [0.4234, 191254.0], [0.4235, 197616.0], [0.4236, 179907.0], [0.4237, 150504.0], [0.4238, 103975.0], [0.4239, 276510.0], [0.424, 140572.0], [0.4241, 169914.0], [0.4242, 78779.0], [0.4243, 150327.0], [0.4244, 68817.0], [0.4245, 105901.0], [0.4246, 154506.0], [0.4247, 231477.0], [0.4248, 124975.0], [0.4249, 173738.0], [0.425, 197427.0], [0.4251, 115730.0], [0.4252, 121652.0]], "timestamp": "2025-12-11T11:48:28.836184+00:00"}, {"symbol": "ADAUSDT", "bids": [[0.4232, 44587.0], [0.4231, 83645.0], [0.423, 222734.0], [0.4229, 263462.0], [0.4228, 182831.0], [0.4227, 245468.0], [0.4226, 215290.0], [0.4225, 125853.0], [0.4224, 251851.0], [0.4223, 90211.0], [0.4222, 214989.0], [0.4221, 153550.0], [0.422, 314250.0], [0.4219, 280683.0], [0.4218, 218103.0], [0.4217, 221302.0], [0.4216, 175369.0], [0.4215, 198383.0], [0.4214, 168235.0], [0.4213, 92875.0]], "asks": [[0.4233, 142918.0], [0.4234, 234470.0], [0.4235, 195824.0], [0.4236, 141275.0], [0.4237, 171892.0], [0.4238, 182326.0], [0.4239, 156108.0], [0.424, 101511.0], [0.4241, 101647.0], [0.4242, 106812.0], [0.4243, 150491.0], [0.4244, 82841.0], [0.4245, 219348.0], [0.4246, 133420.0], [0.4247, 123888.0], [0.4248, 124902.0], [0.4249, 167569.0], [0.425, 196885.0], [0.4251, 92190.0], [0.4252, 132418.0]], "timestamp": "2025-12-11T11:49:25.906606+00:00"}, {"symbol": "ADAUSDT", "bids": [[0.4229, 174493.0], [0.4228, 163826.0], [0.4227, 245740.0], [0.4226, 204700.0], [0.4225, 161043.0], [0.4224, 274246.0], [0.4223, 142997.0], [0.4222, 218182.0], [0.4221, 172515.0], [0.422, 405741.0], [0.4219, 205302.0], [0.4218, 195811.0], [0.4217, 201104.0], [0.4216, 144865.0], [0.4215, 195466.0], [0.4214, 213276.0], [0.4213, 218670.0], [0.4212, 145324.0], [0.4211, 213346.0], [0.421, 266129.0]], "asks": [[0.423, 155404.0], [0.4231, 182689.0], [0.4232, 194347.0], [0.4233, 163751.0], [0.4234, 182638.0], [0.4235, 191447.0], [0.4236, 208621.0], [0.4237, 130531.0], [0.4238, 172301.0], [0.4239, 149362.0], [0.424, 128863.0], [0.4241, 106662.0], [0.4242, 102352.0], [0.4243, 151009.0], [0.4244, 216036.0], [0.4245, 180990.0], [0.4246, 141910.0], [0.4247, 115799.0], [0.4248, 123611.0], [0.4249, 134296.0]], "timestamp": "2025-12-11T11:50:22.648261+00:00"}, {"symbol": "ADAUSDT", "bids": [[0.4226, 95980.0], [0.4225, 93890.0], [0.4224, 234534.0], [0.4223, 196748.0], [0.4222, 158901.0], [0.4221, 169607.0], [0.422, 412327.0], [0.4219, 175896.0], [0.4218, 243122.0], [0.4217, 109030.0], [0.4216, 151479.0], [0.4215, 210411.0], [0.4214, 245980.0], [0.4213, 83405.0], [0.4212, 152695.0], [0.4211, 127737.0], [0.421, 295348.0], [0.4209, 237812.0], [0.4208, 318452.0], [0.4207, 105900.0]], "asks": [[0.4227, 38957.0], [0.4228, 241582.0], [0.4229, 257710.0], [0.423, 171691.0], [0.4231, 208097.0], [0.4232, 168040.0], [0.4233, 263772.0], [0.4234, 172444.0], [0.4235, 237327.0], [0.4236, 114447.0], [0.4237, 118353.0], [0.4238, 122363.0], [0.4239, 284280.0], [0.424, 174027.0], [0.4241, 109129.0], [0.4242, 66821.0], [0.4243, 128330.0], [0.4244, 105164.0], [0.4245, 158721.0], [0.4246, 115861.0]], "timestamp": "2025-12-11T11:51:20.617783+00:00"}, {"symbol": "ADAUSDT", "bids": [[0.4231, 70978.0], [0.423, 119224.0], [0.4229, 202382.0], [0.4228, 249348.0], [0.4227, 192809.0], [0.4226, 302260.0], [0.4225, 192222.0], [0.4224, 300992.0], [0.4223, 142469.0], [0.4222, 191049.0], [0.4221, 122983.0], [0.422, 356324.0], [0.4219, 168379.0], [0.4218, 144731.0], [0.4217, 210577.0], [0.4216, 150569.0], [0.4215, 187881.0], [0.4214, 149805.0], [0.4213, 185144.0], [0.4212, 132816.0]], "asks": [[0.4232, 65595.0], [0.4233, 227835.0], [0.4234, 247050.0], [0.4235, 213544.0], [0.4236, 155818.0], [0.4237, 222852.0], [0.4238, 246119.0], [0.4239, 188230.0], [0.424, 102428.0], [0.4241, 127535.0], [0.4242, 126738.0], [0.4243, 131913.0], [0.4244, 230019.0], [0.4245, 195604.0], [0.4246, 83509.0], [0.4247, 110924.0], [0.4248, 228305.0], [0.4249, 119606.0], [0.425, 119150.0], [0.4251, 73768.0]], "timestamp": "2025-12-11T11:52:17.338340+00:00"}, {"symbol": "ADAUSDT", "bids": [[0.4227, 29405.0], [0.4226, 114328.0], [0.4225, 197988.0], [0.4224, 168078.0], [0.4223, 168916.0], [0.4222, 196016.0], [0.4221, 224449.0], [0.422, 395943.0], [0.4219, 146477.0], [0.4218, 176096.0], [0.4217, 304029.0], [0.4216, 215279.0], [0.4215, 172955.0], [0.4214, 167860.0], [0.4213, 210154.0], [0.4212, 135765.0], [0.4211, 116367.0], [0.421, 240278.0], [0.4209, 191144.0], [0.4208, 208831.0]], "asks": [[0.4228, 106560.0], [0.4229, 196243.0], [0.423, 232362.0], [0.4231, 335165.0], [0.4232, 195719.0], [0.4233, 219347.0], [0.4234, 200206.0], [0.4235, 299870.0], [0.4236, 137840.0], [0.4237, 207419.0], [0.4238, 136293.0], [0.4239, 177065.0], [0.424, 105354.0], [0.4241, 120448.0], [0.4242, 125636.0], [0.4243, 121702.0], [0.4244, 219061.0], [0.4245, 191615.0], [0.4246, 84535.0], [0.4247, 113537.0]], "timestamp": "2025-12-11T11:53:13.866307+00:00"}, {"symbol": "ADAUSDT", "bids": [[0.4228, 95563.0], [0.4227, 206536.0], [0.4226, 206575.0], [0.4225, 120242.0], [0.4224, 288389.0], [0.4223, 146963.0], [0.4222, 194774.0], [0.4221, 246992.0], [0.422, 305394.0], [0.4219, 203658.0], [0.4218, 158819.0], [0.4217, 195688.0], [0.4216, 147007.0], [0.4215, 231730.0], [0.4214, 160121.0], [0.4213, 93526.0], [0.4212, 146247.0], [0.4211, 105510.0], [0.421, 210224.0], [0.4209, 227774.0]], "asks": [[0.4229, 86496.0], [0.423, 177248.0], [0.4231, 268144.0], [0.4232, 131936.0], [0.4233, 224866.0], [0.4234, 210252.0], [0.4235, 267612.0], [0.4236, 218962.0], [0.4237, 139714.0], [0.4238, 139200.0], [0.4239, 260084.0], [0.424, 113857.0], [0.4241, 222759.0], [0.4242, 117020.0], [0.4243, 101614.0], [0.4244, 102658.0], [0.4245, 177089.0], [0.4246, 89418.0], [0.4247, 129118.0], [0.4248, 272026.0]], "timestamp": "2025-12-11T11:54:10.156725+00:00"}, {"symbol": "ADAUSDT", "bids": [[0.4227, 164578.0], [0.4226, 128778.0], [0.4225, 151176.0], [0.4224, 238905.0], [0.4223, 272782.0], [0.4222, 197080.0], [0.4221, 185371.0], [0.422, 339209.0], [0.4219, 242880.0], [0.4218, 155667.0], [0.4217, 159861.0], [0.4216, 147691.0], [0.4215, 106111.0], [0.4214, 168307.0], [0.4213, 210488.0], [0.4212, 135765.0], [0.4211, 109325.0], [0.421, 209644.0], [0.4209, 220677.0], [0.4208, 236335.0]], "asks": [[0.4228, 40946.0], [0.4229, 183995.0], [0.423, 263939.0], [0.4231, 192840.0], [0.4232, 148573.0], [0.4233, 211832.0], [0.4234, 292319.0], [0.4235, 261400.0], [0.4236, 149608.0], [0.4237, 140478.0], [0.4238, 135827.0], [0.4239, 189868.0], [0.424, 113951.0], [0.4241, 222773.0], [0.4242, 117062.0], [0.4243, 99150.0], [0.4244, 116958.0], [0.4245, 205979.0], [0.4246, 89418.0], [0.4247, 113637.0]], "timestamp": "2025-12-11T11:55:06.859588+00:00"}, {"symbol": "ADAUSDT", "bids": [[0.4217, 57283.0], [0.4216, 121461.0], [0.4215, 177260.0], [0.4214, 162245.0], [0.4213, 108096.0], [0.4212, 209507.0], [0.4211, 141722.0], [0.421, 199359.0], [0.4209, 179025.0], [0.4208, 112986.0], [0.4207, 150906.0], [0.4206, 159938.0], [0.4205, 351472.0], [0.4204, 164521.0], [0.4203, 230287.0], [0.4202, 160024.0], [0.4201, 519210.0], [0.42, 1513014.0], [0.4199, 140593.0], [0.4198, 230650.0]], "asks": [[0.4218, 107600.0], [0.4219, 213452.0], [0.422, 290062.0], [0.4221, 278014.0], [0.4222, 126753.0], [0.4223, 164860.0], [0.4224, 164526.0], [0.4225, 246865.0], [0.4226, 113127.0], [0.4227, 139127.0], [0.4228, 188403.0], [0.4229, 120178.0], [0.423, 104755.0], [0.4231, 97518.0], [0.4232, 168135.0], [0.4233, 232861.0], [0.4234, 102797.0], [0.4235, 131239.0], [0.4236, 133948.0], [0.4237, 111481.0]], "timestamp": "2025-12-11T11:56:02.995175+00:00"}, {"symbol": "ADAUSDT", "bids": [[0.4216, 117569.0], [0.4215, 143565.0], [0.4214, 188982.0], [0.4213, 149629.0], [0.4212, 250612.0], [0.4211, 127109.0], [0.421, 201378.0], [0.4209, 212735.0], [0.4208, 205801.0], [0.4207, 125579.0], [0.4206, 107296.0], [0.4205, 150364.0], [0.4204, 129025.0], [0.4203, 335494.0], [0.4202, 138872.0], [0.4201, 324534.0], [0.42, 1502686.0], [0.4199, 139027.0], [0.4198, 252680.0], [0.4197, 304753.0]], "asks": [[0.4217, 40756.0], [0.4218, 112489.0], [0.4219, 220160.0], [0.422, 157680.0], [0.4221, 208766.0], [0.4222, 144748.0], [0.4223, 156554.0], [0.4224, 295903.0], [0.4225, 135655.0], [0.4226, 97600.0], [0.4227, 103836.0], [0.4228, 94353.0], [0.4229, 138865.0], [0.423, 218431.0], [0.4231, 98760.0], [0.4232, 149973.0], [0.4233, 117311.0], [0.4234, 130379.0], [0.4235, 128541.0], [0.4236, 138186.0]], "timestamp": "2025-12-11T11:56:58.148267+00:00"}, {"symbol": "ADAUSDT", "bids": [[0.4216, 3734.0], [0.4215, 118967.0], [0.4214, 204748.0], [0.4213, 168016.0], [0.4212, 156328.0], [0.4211, 131022.0], [0.421, 294442.0], [0.4209, 219104.0], [0.4208, 174398.0], [0.4207, 137295.0], [0.4206, 116784.0], [0.4205, 167730.0], [0.4204, 101070.0], [0.4203, 178316.0], [0.4202, 230770.0], [0.4201, 346820.0], [0.42, 1598346.0], [0.4199, 168351.0], [0.4198, 238449.0], [0.4197, 200829.0]], "asks": [[0.4217, 127014.0], [0.4218, 174338.0], [0.4219, 202851.0], [0.422, 149826.0], [0.4221, 214270.0], [0.4222, 130658.0], [0.4223, 158514.0], [0.4224, 290120.0], [0.4225, 129434.0], [0.4226, 76664.0], [0.4227, 102482.0], [0.4228, 85332.0], [0.4229, 152392.0], [0.423, 225217.0], [0.4231, 98760.0], [0.4232, 152752.0], [0.4233, 151140.0], [0.4234, 93949.0], [0.4235, 121119.0], [0.4236, 114321.0]], "timestamp": "2025-12-11T11:57:56.274565+00:00"}, {"symbol": "ADAUSDT", "bids": [[0.4214, 122905.0], [0.4213, 102380.0], [0.4212, 185849.0], [0.4211, 145653.0], [0.421, 277190.0], [0.4209, 178682.0], [0.4208, 192799.0], [0.4207, 197654.0], [0.4206, 124593.0], [0.4205, 175080.0], [0.4204, 152385.0], [0.4203, 197102.0], [0.4202, 213224.0], [0.4201, 355994.0], [0.42, 1558662.0], [0.4199, 255771.0], [0.4198, 162923.0], [0.4197, 207963.0], [0.4196, 286749.0], [0.4195, 253072.0]], "asks": [[0.4215, 32946.0], [0.4216, 114797.0], [0.4217, 238549.0], [0.4218, 181198.0], [0.4219, 171965.0], [0.422, 151362.0], [0.4221, 199322.0], [0.4222, 150777.0], [0.4223, 212248.0], [0.4224, 143452.0], [0.4225, 107412.0], [0.4226, 69380.0], [0.4227, 92058.0], [0.4228, 85054.0], [0.4229, 158620.0], [0.423, 253533.0], [0.4231, 123366.0], [0.4232, 150717.0], [0.4233, 137380.0], [0.4234, 130778.0]], "timestamp": "2025-12-11T11:58:55.170766+00:00"}, {"symbol": "ADAUSDT", "bids": [[0.4202, 98091.0], [0.4201, 105311.0], [0.42, 126155.0], [0.4199, 143949.0], [0.4198, 152469.0], [0.4197, 147792.0], [0.4196, 254368.0], [0.4195, 160555.0], [0.4194, 136470.0], [0.4193, 121571.0], [0.4192, 279136.0], [0.4191, 84802.0], [0.419, 186575.0], [0.4189, 359530.0], [0.4188, 171099.0], [0.4187, 111384.0], [0.4186, 113636.0], [0.4185, 263260.0], [0.4184, 125316.0], [0.4183, 83046.0]], "asks": [[0.4203, 33113.0], [0.4204, 75533.0], [0.4205, 150508.0], [0.4206, 266595.0], [0.4207, 107640.0], [0.4208, 163272.0], [0.4209, 110367.0], [0.421, 103136.0], [0.4211, 266290.0], [0.4212, 127312.0], [0.4213, 134214.0], [0.4214, 73697.0], [0.4215, 155149.0], [0.4216, 88215.0], [0.4217, 152903.0], [0.4218, 184256.0], [0.4219, 126005.0], [0.422, 83188.0], [0.4221, 109415.0], [0.4222, 154448.0]], "timestamp": "2025-12-11T11:59:50.648987+00:00"}, {"symbol": "ADAUSDT", "bids": [[0.4179, 66067.0], [0.4178, 100417.0], [0.4177, 102741.0], [0.4176, 128984.0], [0.4175, 130353.0], [0.4174, 135948.0], [0.4173, 179391.0], [0.4172, 179175.0], [0.4171, 105542.0], [0.417, 131380.0], [0.4169, 181888.0], [0.4168, 157872.0], [0.4167, 248866.0], [0.4166, 180925.0], [0.4165, 215728.0], [0.4164, 411877.0], [0.4163, 243345.0], [0.4162, 251220.0], [0.4161, 355355.0], [0.416, 195651.0]], "asks": [[0.418, 45971.0], [0.4181, 126372.0], [0.4182, 262842.0], [0.4183, 173728.0], [0.4184, 181388.0], [0.4185, 216866.0], [0.4186, 209708.0], [0.4187, 135864.0], [0.4188, 266383.0], [0.4189, 212104.0], [0.419, 129173.0], [0.4191, 148417.0], [0.4192, 111783.0], [0.4193, 110355.0], [0.4194, 233681.0], [0.4195, 88562.0], [0.4196, 104855.0], [0.4197, 81237.0], [0.4198, 136862.0], [0.4199, 122407.0]], "timestamp": "2025-12-11T12:00:48.455225+00:00"}, {"symbol": "ADAUSDT", "bids": [[0.4198, 112230.0], [0.4197, 145516.0], [0.4196, 201024.0], [0.4195, 175559.0], [0.4194, 167597.0], [0.4193, 111129.0], [0.4192, 217749.0], [0.4191, 154732.0], [0.419, 213503.0], [0.4189, 93494.0], [0.4188, 181619.0], [0.4187, 142210.0], [0.4186, 130414.0], [0.4185, 102547.0], [0.4184, 253200.0], [0.4183, 203537.0], [0.4182, 143289.0], [0.4181, 147591.0], [0.418, 144240.0], [0.4179, 121362.0]], "asks": [[0.4199, 75598.0], [0.42, 123270.0], [0.4201, 153874.0], [0.4202, 209143.0], [0.4203, 81058.0], [0.4204, 147687.0], [0.4205, 131962.0], [0.4206, 264918.0], [0.4207, 231180.0], [0.4208, 108874.0], [0.4209, 68433.0], [0.421, 121867.0], [0.4211, 232473.0], [0.4212, 96056.0], [0.4213, 144138.0], [0.4214, 75705.0], [0.4215, 123512.0], [0.4216, 154180.0], [0.4217, 134808.0], [0.4218, 86919.0]], "timestamp": "2025-12-11T12:01:45.230887+00:00"}, {"symbol": "ADAUSDT", "bids": [[0.4181, 115679.0], [0.418, 115549.0], [0.4179, 123979.0], [0.4178, 184934.0], [0.4177, 163657.0], [0.4176, 140082.0], [0.4175, 154233.0], [0.4174, 207031.0], [0.4173, 144174.0], [0.4172, 174057.0], [0.4171, 112967.0], [0.417, 193180.0], [0.4169, 90085.0], [0.4168, 136661.0], [0.4167, 193661.0], [0.4166, 126145.0], [0.4165, 101943.0], [0.4164, 146902.0], [0.4163, 126206.0], [0.4162, 76485.0]], "asks": [[0.4182, 88768.0], [0.4183, 83901.0], [0.4184, 230835.0], [0.4185, 175473.0], [0.4186, 118604.0], [0.4187, 194946.0], [0.4188, 115803.0], [0.4189, 129267.0], [0.419, 156038.0], [0.4191, 89049.0], [0.4192, 127205.0], [0.4193, 331022.0], [0.4194, 100439.0], [0.4195, 104354.0], [0.4196, 213438.0], [0.4197, 139595.0], [0.4198, 135518.0], [0.4199, 116110.0], [0.42, 106977.0], [0.4201, 187988.0]], "timestamp": "2025-12-11T12:02:42.077117+00:00"}, {"symbol": "ADAUSDT", "bids": [[0.4167, 28328.0], [0.4166, 164164.0], [0.4165, 88966.0], [0.4164, 132016.0], [0.4163, 185719.0], [0.4162, 112464.0], [0.4161, 124719.0], [0.416, 142151.0], [0.4159, 209827.0], [0.4158, 124327.0], [0.4157, 170099.0], [0.4156, 159229.0], [0.4155, 123295.0], [0.4154, 103070.0], [0.4153, 123616.0], [0.4152, 275437.0], [0.4151, 244378.0], [0.415, 978390.0], [0.4149, 308957.0], [0.4148, 181804.0]], "asks": [[0.4168, 92959.0], [0.4169, 158698.0], [0.417, 188983.0], [0.4171, 190534.0], [0.4172, 164954.0], [0.4173, 107768.0], [0.4174, 132893.0], [0.4175, 187165.0], [0.4176, 215600.0], [0.4177, 112574.0], [0.4178, 158522.0], [0.4179, 221854.0], [0.418, 143191.0], [0.4181, 86902.0], [0.4182, 137452.0], [0.4183, 120217.0], [0.4184, 144402.0], [0.4185, 93407.0], [0.4186, 101029.0], [0.4187, 108156.0]], "timestamp": "2025-12-11T12:03:39.532410+00:00"}, {"symbol": "ADAUSDT", "bids": [[0.4164, 101866.0], [0.4163, 132943.0], [0.4162, 83775.0], [0.4161, 92599.0], [0.416, 129385.0], [0.4159, 169987.0], [0.4158, 114998.0], [0.4157, 142405.0], [0.4156, 170452.0], [0.4155, 299636.0], [0.4154, 99218.0], [0.4153, 137450.0], [0.4152, 239264.0], [0.4151, 247835.0], [0.415, 913016.0], [0.4149, 218408.0], [0.4148, 310394.0], [0.4147, 132618.0], [0.4146, 152864.0], [0.4145, 106941.0]], "asks": [[0.4165, 100948.0], [0.4166, 113562.0], [0.4167, 188489.0], [0.4168, 244480.0], [0.4169, 211518.0], [0.417, 201586.0], [0.4171, 297419.0], [0.4172, 216156.0], [0.4173, 147185.0], [0.4174, 203942.0], [0.4175, 94704.0], [0.4176, 174295.0], [0.4177, 228496.0], [0.4178, 137294.0], [0.4179, 81666.0], [0.418, 155326.0], [0.4181, 153822.0], [0.4182, 97788.0], [0.4183, 136479.0], [0.4184, 122755.0]], "timestamp": "2025-12-11T12:04:37.257987+00:00"}, {"symbol": "ADAUSDT", "bids": [[0.4157, 100085.0], [0.4156, 66374.0], [0.4155, 156897.0], [0.4154, 245008.0], [0.4153, 108391.0], [0.4152, 146973.0], [0.4151, 143649.0], [0.415, 495198.0], [0.4149, 109714.0], [0.4148, 211107.0], [0.4147, 92283.0], [0.4146, 196440.0], [0.4145, 83388.0], [0.4144, 91684.0], [0.4143, 175678.0], [0.4142, 243175.0], [0.4141, 143900.0], [0.414, 146967.0], [0.4139, 131903.0], [0.4138, 249073.0]], "asks": [[0.4158, 90935.0], [0.4159, 92209.0], [0.416, 126370.0], [0.4161, 199243.0], [0.4162, 238211.0], [0.4163, 120733.0], [0.4164, 88495.0], [0.4165, 174205.0], [0.4166, 149784.0], [0.4167, 113681.0], [0.4168, 65993.0], [0.4169, 127955.0], [0.417, 86814.0], [0.4171, 144056.0], [0.4172, 218477.0], [0.4173, 132253.0], [0.4174, 110903.0], [0.4175, 100722.0], [0.4176, 126184.0], [0.4177, 91130.0]], "timestamp": "2025-12-11T12:05:34.287805+00:00"}, {"symbol": "ADAUSDT", "bids": [[0.4164, 26974.0], [0.4163, 73748.0], [0.4162, 156220.0], [0.4161, 212716.0], [0.416, 149290.0], [0.4159, 156607.0], [0.4158, 140672.0], [0.4157, 194298.0], [0.4156, 147312.0], [0.4155, 222663.0], [0.4154, 154998.0], [0.4153, 101233.0], [0.4152, 174772.0], [0.4151, 303120.0], [0.415, 448574.0], [0.4149, 147025.0], [0.4148, 185932.0], [0.4147, 123170.0], [0.4146, 221611.0], [0.4145, 153424.0]], "asks": [[0.4165, 110335.0], [0.4166, 91479.0], [0.4167, 142160.0], [0.4168, 257845.0], [0.4169, 223169.0], [0.417, 156526.0], [0.4171, 151188.0], [0.4172, 193878.0], [0.4173, 104834.0], [0.4174, 145846.0], [0.4175, 172837.0], [0.4176, 313682.0], [0.4177, 122921.0], [0.4178, 124907.0], [0.4179, 115701.0], [0.418, 140192.0], [0.4181, 96274.0], [0.4182, 99716.0], [0.4183, 154768.0], [0.4184, 156054.0]], "timestamp": "2025-12-11T12:06:29.626616+00:00"}, {"symbol": "ADAUSDT", "bids": [[0.4145, 121611.0], [0.4144, 101633.0], [0.4143, 135887.0], [0.4142, 150633.0], [0.4141, 156813.0], [0.414, 202242.0], [0.4139, 216210.0], [0.4138, 230628.0], [0.4137, 243765.0], [0.4136, 163337.0], [0.4135, 297718.0], [0.4134, 217821.0], [0.4133, 186263.0], [0.4132, 119943.0], [0.4131, 190107.0], [0.413, 226215.0], [0.4129, 206031.0], [0.4128, 125451.0], [0.4127, 156344.0], [0.4126, 159592.0]], "asks": [[0.4146, 31892.0], [0.4147, 128407.0], [0.4148, 179180.0], [0.4149, 219168.0], [0.415, 190918.0], [0.4151, 180164.0], [0.4152, 161508.0], [0.4153, 189428.0], [0.4154, 184541.0], [0.4155, 90094.0], [0.4156, 161776.0], [0.4157, 112413.0], [0.4158, 162004.0], [0.4159, 180603.0], [0.416, 149434.0], [0.4161, 118122.0], [0.4162, 131723.0], [0.4163, 164355.0], [0.4164, 104901.0], [0.4165, 101303.0]], "timestamp": "2025-12-11T12:07:25.056742+00:00"}, {"symbol": "ADAUSDT", "bids": [[0.4144, 132830.0], [0.4143, 125204.0], [0.4142, 124741.0], [0.4141, 187854.0], [0.414, 175591.0], [0.4139, 208174.0], [0.4138, 257562.0], [0.4137, 160127.0], [0.4136, 266229.0], [0.4135, 353323.0], [0.4134, 229813.0], [0.4133, 205061.0], [0.4132, 114577.0], [0.4131, 202136.0], [0.413, 347318.0], [0.4129, 214257.0], [0.4128, 179805.0], [0.4127, 260173.0], [0.4126, 136009.0], [0.4125, 292429.0]], "asks": [[0.4145, 27283.0], [0.4146, 89971.0], [0.4147, 155075.0], [0.4148, 246479.0], [0.4149, 119638.0], [0.415, 240561.0], [0.4151, 158719.0], [0.4152, 108184.0], [0.4153, 159366.0], [0.4154, 198829.0], [0.4155, 63422.0], [0.4156, 88247.0], [0.4157, 93688.0], [0.4158, 118506.0], [0.4159, 158469.0], [0.416, 121393.0], [0.4161, 150963.0], [0.4162, 153602.0], [0.4163, 296970.0], [0.4164, 77615.0]], "timestamp": "2025-12-11T12:08:20.175793+00:00"}, {"symbol": "ADAUSDT", "bids": [[0.4149, 127083.0], [0.4148, 110499.0], [0.4147, 82915.0], [0.4146, 190858.0], [0.4145, 164343.0], [0.4144, 172973.0], [0.4143, 166919.0], [0.4142, 245342.0], [0.4141, 175624.0], [0.414, 250212.0], [0.4139, 299760.0], [0.4138, 166913.0], [0.4137, 162944.0], [0.4136, 220296.0], [0.4135, 432573.0], [0.4134, 284038.0], [0.4133, 334420.0], [0.4132, 122655.0], [0.4131, 177640.0], [0.413, 171578.0]], "asks": [[0.415, 80312.0], [0.4151, 158706.0], [0.4152, 183220.0], [0.4153, 149300.0], [0.4154, 196418.0], [0.4155, 130088.0], [0.4156, 256766.0], [0.4157, 117170.0], [0.4158, 134229.0], [0.4159, 111473.0], [0.416, 136110.0], [0.4161, 249830.0], [0.4162, 132685.0], [0.4163, 124184.0], [0.4164, 122034.0], [0.4165, 94097.0], [0.4166, 138115.0], [0.4167, 170515.0], [0.4168, 128463.0], [0.4169, 141989.0]], "timestamp": "2025-12-11T12:09:15.950615+00:00"}, {"symbol": "ADAUSDT", "bids": [[0.4148, 129106.0], [0.4147, 121187.0], [0.4146, 105880.0], [0.4145, 205477.0], [0.4144, 144716.0], [0.4143, 101168.0], [0.4142, 174739.0], [0.4141, 256537.0], [0.414, 219515.0], [0.4139, 247474.0], [0.4138, 161060.0], [0.4137, 174580.0], [0.4136, 153244.0], [0.4135, 153891.0], [0.4134, 240967.0], [0.4133, 239795.0], [0.4132, 223537.0], [0.4131, 185510.0], [0.413, 187756.0], [0.4129, 210056.0]], "asks": [[0.4149, 51514.0], [0.415, 169468.0], [0.4151, 284078.0], [0.4152, 136620.0], [0.4153, 178799.0], [0.4154, 209504.0], [0.4155, 174323.0], [0.4156, 186236.0], [0.4157, 124940.0], [0.4158, 156689.0], [0.4159, 138160.0], [0.416, 139171.0], [0.4161, 159117.0], [0.4162, 243891.0], [0.4163, 105939.0], [0.4164, 107187.0], [0.4165, 95391.0], [0.4166, 134753.0], [0.4167, 83546.0], [0.4168, 222472.0]], "timestamp": "2025-12-11T12:10:10.743483+00:00"}, {"symbol": "ADAUSDT", "bids": [[0.4149, 75921.0], [0.4148, 96668.0], [0.4147, 129986.0], [0.4146, 135424.0], [0.4145, 128199.0], [0.4144, 107396.0], [0.4143, 141062.0], [0.4142, 227593.0], [0.4141, 201417.0], [0.414, 177962.0], [0.4139, 187063.0], [0.4138, 139027.0], [0.4137, 174951.0], [0.4136, 183727.0], [0.4135, 296073.0], [0.4134, 231411.0], [0.4133, 195621.0], [0.4132, 153685.0], [0.4131, 200509.0], [0.413, 259544.0]], "asks": [[0.415, 85542.0], [0.4151, 127513.0], [0.4152, 109881.0], [0.4153, 147437.0], [0.4154, 145524.0], [0.4155, 194364.0], [0.4156, 140706.0], [0.4157, 177947.0], [0.4158, 214023.0], [0.4159, 187549.0], [0.416, 162765.0], [0.4161, 123565.0], [0.4162, 248741.0], [0.4163, 96048.0], [0.4164, 108287.0], [0.4165, 107009.0], [0.4166, 120909.0], [0.4167, 131080.0], [0.4168, 179269.0], [0.4169, 179567.0]], "timestamp": "2025-12-11T12:11:05.197497+00:00"}, {"symbol": "ADAUSDT", "bids": [[0.4158, 90261.0], [0.4157, 80958.0], [0.4156, 145991.0], [0.4155, 260933.0], [0.4154, 256996.0], [0.4153, 194067.0], [0.4152, 225017.0], [0.4151, 200106.0], [0.415, 363698.0], [0.4149, 223871.0], [0.4148, 168118.0], [0.4147, 137981.0], [0.4146, 161863.0], [0.4145, 111477.0], [0.4144, 181394.0], [0.4143, 161729.0], [0.4142, 236831.0], [0.4141, 186351.0], [0.414, 173759.0], [0.4139, 195682.0]], "asks": [[0.4159, 78773.0], [0.416, 161235.0], [0.4161, 158245.0], [0.4162, 159089.0], [0.4163, 146314.0], [0.4164, 252925.0], [0.4165, 141835.0], [0.4166, 94455.0], [0.4167, 105369.0], [0.4168, 111235.0], [0.4169, 97627.0], [0.417, 104704.0], [0.4171, 147489.0], [0.4172, 300602.0], [0.4173, 159835.0], [0.4174, 204860.0], [0.4175, 296914.0], [0.4176, 151453.0], [0.4177, 167039.0], [0.4178, 166384.0]], "timestamp": "2025-12-11T12:12:01.177417+00:00"}, {"symbol": "ADAUSDT", "bids": [[0.416, 79040.0], [0.4159, 196866.0], [0.4158, 125005.0], [0.4157, 210099.0], [0.4156, 175141.0], [0.4155, 143020.0], [0.4154, 200610.0], [0.4153, 300707.0], [0.4152, 167866.0], [0.4151, 121481.0], [0.415, 212209.0], [0.4149, 154345.0], [0.4148, 158402.0], [0.4147, 161345.0], [0.4146, 231400.0], [0.4145, 125799.0], [0.4144, 136205.0], [0.4143, 117544.0], [0.4142, 152868.0], [0.4141, 182647.0]], "asks": [[0.4161, 34792.0], [0.4162, 170870.0], [0.4163, 156950.0], [0.4164, 155447.0], [0.4165, 146496.0], [0.4166, 136663.0], [0.4167, 166842.0], [0.4168, 171122.0], [0.4169, 77479.0], [0.417, 102990.0], [0.4171, 101768.0], [0.4172, 109110.0], [0.4173, 139189.0], [0.4174, 298504.0], [0.4175, 162240.0], [0.4176, 198913.0], [0.4177, 183928.0], [0.4178, 148391.0], [0.4179, 117892.0], [0.418, 113915.0]], "timestamp": "2025-12-11T12:12:56.335799+00:00"}, {"symbol": "ADAUSDT", "bids": [[0.4159, 177233.0], [0.4158, 52514.0], [0.4157, 98348.0], [0.4156, 200509.0], [0.4155, 118509.0], [0.4154, 132940.0], [0.4153, 189127.0], [0.4152, 300172.0], [0.4151, 133565.0], [0.415, 169178.0], [0.4149, 239924.0], [0.4148, 142796.0], [0.4147, 132544.0], [0.4146, 168655.0], [0.4145, 171626.0], [0.4144, 226257.0], [0.4143, 87324.0], [0.4142, 183800.0], [0.4141, 238103.0], [0.414, 406095.0]], "asks": [[0.416, 44274.0], [0.4161, 146190.0], [0.4162, 231311.0], [0.4163, 231842.0], [0.4164, 127880.0], [0.4165, 234622.0], [0.4166, 168091.0], [0.4167, 177088.0], [0.4168, 228493.0], [0.4169, 174491.0], [0.417, 124161.0], [0.4171, 104238.0], [0.4172, 231161.0], [0.4173, 116125.0], [0.4174, 127601.0], [0.4175, 85585.0], [0.4176, 142679.0], [0.4177, 142171.0], [0.4178, 143288.0], [0.4179, 88966.0]], "timestamp": "2025-12-11T12:13:51.611691+00:00"}, {"symbol": "ADAUSDT", "bids": [[0.4156, 98263.0], [0.4155, 131975.0], [0.4154, 133954.0], [0.4153, 156300.0], [0.4152, 148228.0], [0.4151, 143534.0], [0.415, 182657.0], [0.4149, 310105.0], [0.4148, 134141.0], [0.4147, 127104.0], [0.4146, 144807.0], [0.4145, 132146.0], [0.4144, 185125.0], [0.4143, 229269.0], [0.4142, 161635.0], [0.4141, 179575.0], [0.414, 212978.0], [0.4139, 252281.0], [0.4138, 219933.0], [0.4137, 204149.0]], "asks": [[0.4157, 23334.0], [0.4158, 147984.0], [0.4159, 159616.0], [0.416, 257271.0], [0.4161, 123024.0], [0.4162, 201088.0], [0.4163, 194550.0], [0.4164, 117772.0], [0.4165, 110205.0], [0.4166, 114313.0], [0.4167, 109030.0], [0.4168, 112946.0], [0.4169, 288011.0], [0.417, 101358.0], [0.4171, 134217.0], [0.4172, 103950.0], [0.4173, 139424.0], [0.4174, 106230.0], [0.4175, 151055.0], [0.4176, 185543.0]], "timestamp": "2025-12-11T12:14:46.915843+00:00"}, {"symbol": "ADAUSDT", "bids": [[0.4166, 70762.0], [0.4165, 122543.0], [0.4164, 129697.0], [0.4163, 211727.0], [0.4162, 168630.0], [0.4161, 130882.0], [0.416, 152135.0], [0.4159, 197523.0], [0.4158, 284440.0], [0.4157, 212134.0], [0.4156, 143999.0], [0.4155, 121090.0], [0.4154, 129015.0], [0.4153, 237996.0], [0.4152, 148805.0], [0.4151, 139522.0], [0.415, 94124.0], [0.4149, 154036.0], [0.4148, 187070.0], [0.4147, 135052.0]], "asks": [[0.4167, 125269.0], [0.4168, 112722.0], [0.4169, 168614.0], [0.417, 219257.0], [0.4171, 148866.0], [0.4172, 103889.0], [0.4173, 118423.0], [0.4174, 176618.0], [0.4175, 172469.0], [0.4176, 102014.0], [0.4177, 93759.0], [0.4178, 131566.0], [0.4179, 234435.0], [0.418, 118942.0], [0.4181, 93320.0], [0.4182, 123497.0], [0.4183, 113542.0], [0.4184, 114109.0], [0.4185, 132892.0], [0.4186, 162279.0]], "timestamp": "2025-12-11T12:15:41.346427+00:00"}, {"symbol": "ADAUSDT", "bids": [[0.416, 106263.0], [0.4159, 88472.0], [0.4158, 164108.0], [0.4157, 205706.0], [0.4156, 168493.0], [0.4155, 186697.0], [0.4154, 138125.0], [0.4153, 236359.0], [0.4152, 159068.0], [0.4151, 130159.0], [0.415, 152599.0], [0.4149, 197198.0], [0.4148, 301279.0], [0.4147, 119861.0], [0.4146, 235549.0], [0.4145, 102570.0], [0.4144, 270139.0], [0.4143, 176908.0], [0.4142, 181567.0], [0.4141, 262072.0]], "asks": [[0.4161, 46773.0], [0.4162, 165184.0], [0.4163, 171859.0], [0.4164, 165768.0], [0.4165, 155785.0], [0.4166, 126336.0], [0.4167, 178452.0], [0.4168, 228046.0], [0.4169, 149749.0], [0.417, 165842.0], [0.4171, 118371.0], [0.4172, 112281.0], [0.4173, 216472.0], [0.4174, 107695.0], [0.4175, 116129.0], [0.4176, 180757.0], [0.4177, 89234.0], [0.4178, 153472.0], [0.4179, 149222.0], [0.418, 92693.0]], "timestamp": "2025-12-11T12:16:36.654502+00:00"}, {"symbol": "ADAUSDT", "bids": [[0.4159, 169963.0], [0.4158, 78808.0], [0.4157, 232578.0], [0.4156, 139972.0], [0.4155, 116452.0], [0.4154, 146902.0], [0.4153, 245101.0], [0.4152, 258014.0], [0.4151, 130623.0], [0.415, 159030.0], [0.4149, 206362.0], [0.4148, 326037.0], [0.4147, 153115.0], [0.4146, 226463.0], [0.4145, 116468.0], [0.4144, 290088.0], [0.4143, 127123.0], [0.4142, 241552.0], [0.4141, 291601.0], [0.414, 622529.0]], "asks": [[0.416, 11919.0], [0.4161, 82782.0], [0.4162, 198284.0], [0.4163, 134432.0], [0.4164, 156061.0], [0.4165, 139684.0], [0.4166, 212609.0], [0.4167, 167834.0], [0.4168, 156591.0], [0.4169, 147267.0], [0.417, 106035.0], [0.4171, 96265.0], [0.4172, 125983.0], [0.4173, 135624.0], [0.4174, 154026.0], [0.4175, 245955.0], [0.4176, 166702.0], [0.4177, 89294.0], [0.4178, 197915.0], [0.4179, 130130.0]], "timestamp": "2025-12-11T12:17:33.081505+00:00"}, {"symbol": "ADAUSDT", "bids": [[0.4155, 65621.0], [0.4154, 92387.0], [0.4153, 102265.0], [0.4152, 195846.0], [0.4151, 126080.0], [0.415, 167224.0], [0.4149, 194765.0], [0.4148, 343147.0], [0.4147, 234736.0], [0.4146, 250464.0], [0.4145, 147162.0], [0.4144, 168656.0], [0.4143, 325996.0], [0.4142, 178148.0], [0.4141, 215604.0], [0.414, 343069.0], [0.4139, 158289.0], [0.4138, 122105.0], [0.4137, 177228.0], [0.4136, 207797.0]], "asks": [[0.4156, 72380.0], [0.4157, 173976.0], [0.4158, 223334.0], [0.4159, 150757.0], [0.416, 161249.0], [0.4161, 282553.0], [0.4162, 95491.0], [0.4163, 95903.0], [0.4164, 110940.0], [0.4165, 81054.0], [0.4166, 134205.0], [0.4167, 102247.0], [0.4168, 81276.0], [0.4169, 304909.0], [0.417, 133190.0], [0.4171, 90178.0], [0.4172, 145198.0], [0.4173, 135713.0], [0.4174, 93882.0], [0.4175, 176506.0]], "timestamp": "2025-12-11T12:18:27.924740+00:00"}, {"symbol": "ADAUSDT", "bids": [[0.4146, 31465.0], [0.4145, 62422.0], [0.4144, 163873.0], [0.4143, 136472.0], [0.4142, 175986.0], [0.4141, 224609.0], [0.414, 274595.0], [0.4139, 339562.0], [0.4138, 165444.0], [0.4137, 183358.0], [0.4136, 261169.0], [0.4135, 193828.0], [0.4134, 222495.0], [0.4133, 151631.0], [0.4132, 260770.0], [0.4131, 132236.0], [0.413, 230305.0], [0.4129, 370801.0], [0.4128, 278738.0], [0.4127, 316885.0]], "asks": [[0.4147, 88311.0], [0.4148, 148693.0], [0.4149, 150657.0], [0.415, 223148.0], [0.4151, 133876.0], [0.4152, 189054.0], [0.4153, 197050.0], [0.4154, 173079.0], [0.4155, 109029.0], [0.4156, 99371.0], [0.4157, 118051.0], [0.4158, 71634.0], [0.4159, 153968.0], [0.416, 104271.0], [0.4161, 73628.0], [0.4162, 61357.0], [0.4163, 110464.0], [0.4164, 120913.0], [0.4165, 105181.0], [0.4166, 128340.0]], "timestamp": "2025-12-11T12:19:22.648783+00:00"}, {"symbol": "ADAUSDT", "bids": [[0.4149, 95297.0], [0.4148, 186800.0], [0.4147, 243363.0], [0.4146, 230443.0], [0.4145, 232242.0], [0.4144, 154627.0], [0.4143, 151344.0], [0.4142, 303962.0], [0.4141, 189720.0], [0.414, 254045.0], [0.4139, 197185.0], [0.4138, 142680.0], [0.4137, 168252.0], [0.4136, 173132.0], [0.4135, 166931.0], [0.4134, 205969.0], [0.4133, 272007.0], [0.4132, 202503.0], [0.4131, 198063.0], [0.413, 215650.0]], "asks": [[0.415, 78239.0], [0.4151, 114926.0], [0.4152, 196904.0], [0.4153, 171196.0], [0.4154, 197625.0], [0.4155, 112636.0], [0.4156, 226189.0], [0.4157, 87120.0], [0.4158, 41051.0], [0.4159, 152700.0], [0.416, 90473.0], [0.4161, 96828.0], [0.4162, 92203.0], [0.4163, 92539.0], [0.4164, 128364.0], [0.4165, 139004.0], [0.4166, 121622.0], [0.4167, 155937.0], [0.4168, 118403.0], [0.4169, 193563.0]], "timestamp": "2025-12-11T12:20:18.009610+00:00"}, {"symbol": "ADAUSDT", "bids": [[0.4155, 153209.0], [0.4154, 185591.0], [0.4153, 224141.0], [0.4152, 242248.0], [0.4151, 150045.0], [0.415, 285119.0], [0.4149, 217910.0], [0.4148, 332043.0], [0.4147, 160170.0], [0.4146, 160352.0], [0.4145, 195986.0], [0.4144, 194346.0], [0.4143, 97699.0], [0.4142, 174469.0], [0.4141, 152778.0], [0.414, 233954.0], [0.4139, 138465.0], [0.4138, 285350.0], [0.4137, 236585.0], [0.4136, 182607.0]], "asks": [[0.4156, 68868.0], [0.4157, 123661.0], [0.4158, 199118.0], [0.4159, 158750.0], [0.416, 112930.0], [0.4161, 93416.0], [0.4162, 158787.0], [0.4163, 103415.0], [0.4164, 82670.0], [0.4165, 189748.0], [0.4166, 88561.0], [0.4167, 215990.0], [0.4168, 89662.0], [0.4169, 80565.0], [0.417, 106997.0], [0.4171, 133796.0], [0.4172, 171392.0], [0.4173, 227422.0], [0.4174, 111605.0], [0.4175, 159212.0]], "timestamp": "2025-12-11T12:21:15.012081+00:00"}, {"symbol": "ADAUSDT", "bids": [[0.416, 30825.0], [0.4159, 63415.0], [0.4158, 138115.0], [0.4157, 247601.0], [0.4156, 217054.0], [0.4155, 185159.0], [0.4154, 263987.0], [0.4153, 332895.0], [0.4152, 212442.0], [0.4151, 178429.0], [0.415, 219034.0], [0.4149, 219613.0], [0.4148, 181408.0], [0.4147, 179019.0], [0.4146, 313772.0], [0.4145, 165211.0], [0.4144, 137561.0], [0.4143, 84035.0], [0.4142, 307324.0], [0.4141, 151787.0]], "asks": [[0.4161, 159607.0], [0.4162, 162806.0], [0.4163, 213583.0], [0.4164, 209274.0], [0.4165, 148127.0], [0.4166, 148266.0], [0.4167, 142075.0], [0.4168, 263015.0], [0.4169, 83969.0], [0.417, 91705.0], [0.4171, 100488.0], [0.4172, 102871.0], [0.4173, 301342.0], [0.4174, 129795.0], [0.4175, 59039.0], [0.4176, 81289.0], [0.4177, 119297.0], [0.4178, 144163.0], [0.4179, 180158.0], [0.418, 203166.0]], "timestamp": "2025-12-11T12:22:10.475847+00:00"}, {"symbol": "ADAUSDT", "bids": [[0.4157, 17751.0], [0.4156, 86938.0], [0.4155, 195002.0], [0.4154, 172541.0], [0.4153, 163451.0], [0.4152, 203410.0], [0.4151, 140760.0], [0.415, 212624.0], [0.4149, 204651.0], [0.4148, 176155.0], [0.4147, 260824.0], [0.4146, 140980.0], [0.4145, 151323.0], [0.4144, 202292.0], [0.4143, 286187.0], [0.4142, 320959.0], [0.4141, 189161.0], [0.414, 254333.0], [0.4139, 197906.0], [0.4138, 224708.0]], "asks": [[0.4158, 112170.0], [0.4159, 169116.0], [0.416, 264323.0], [0.4161, 168085.0], [0.4162, 156462.0], [0.4163, 232058.0], [0.4164, 224123.0], [0.4165, 224570.0], [0.4166, 193874.0], [0.4167, 116082.0], [0.4168, 189119.0], [0.4169, 98833.0], [0.417, 187875.0], [0.4171, 94622.0], [0.4172, 112203.0], [0.4173, 157871.0], [0.4174, 91239.0], [0.4175, 77188.0], [0.4176, 148687.0], [0.4177, 88933.0]], "timestamp": "2025-12-11T12:23:05.926608+00:00"}, {"symbol": "ADAUSDT", "bids": [[0.4157, 97769.0], [0.4156, 173883.0], [0.4155, 243689.0], [0.4154, 199729.0], [0.4153, 187909.0], [0.4152, 147315.0], [0.4151, 138756.0], [0.415, 313745.0], [0.4149, 230248.0], [0.4148, 140319.0], [0.4147, 139674.0], [0.4146, 166699.0], [0.4145, 160257.0], [0.4144, 283438.0], [0.4143, 153561.0], [0.4142, 403633.0], [0.4141, 166826.0], [0.414, 235146.0], [0.4139, 152334.0], [0.4138, 177984.0]], "asks": [[0.4158, 19787.0], [0.4159, 76969.0], [0.416, 202706.0], [0.4161, 149587.0], [0.4162, 199661.0], [0.4163, 281431.0], [0.4164, 154733.0], [0.4165, 210468.0], [0.4166, 192728.0], [0.4167, 100804.0], [0.4168, 130082.0], [0.4169, 97918.0], [0.417, 245442.0], [0.4171, 94637.0], [0.4172, 114463.0], [0.4173, 171983.0], [0.4174, 115219.0], [0.4175, 90697.0], [0.4176, 134602.0], [0.4177, 125993.0]], "timestamp": "2025-12-11T12:24:00.832769+00:00"}, {"symbol": "ADAUSDT", "bids": [[0.4164, 68223.0], [0.4163, 1330596.0], [0.4162, 266010.0], [0.4161, 160975.0], [0.416, 159869.0], [0.4159, 216034.0], [0.4158, 225618.0], [0.4157, 275386.0], [0.4156, 211869.0], [0.4155, 138430.0], [0.4154, 183309.0], [0.4153, 100933.0], [0.4152, 133594.0], [0.4151, 144913.0], [0.415, 201518.0], [0.4149, 112525.0], [0.4148, 264048.0], [0.4147, 292944.0], [0.4146, 243241.0], [0.4145, 248578.0]], "asks": [[0.4165, 150655.0], [0.4166, 167178.0], [0.4167, 141214.0], [0.4168, 183571.0], [0.4169, 159903.0], [0.417, 101283.0], [0.4171, 192693.0], [0.4172, 133178.0], [0.4173, 118164.0], [0.4174, 213272.0], [0.4175, 113636.0], [0.4176, 167295.0], [0.4177, 109002.0], [0.4178, 144882.0], [0.4179, 186245.0], [0.418, 140758.0], [0.4181, 83346.0], [0.4182, 227454.0], [0.4183, 87055.0], [0.4184, 63815.0]], "timestamp": "2025-12-11T12:24:55.897685+00:00"}, {"symbol": "ADAUSDT", "bids": [[0.4171, 178718.0], [0.417, 165290.0], [0.4169, 167136.0], [0.4168, 578089.0], [0.4167, 1725565.0], [0.4166, 230200.0], [0.4165, 179827.0], [0.4164, 346782.0], [0.4163, 1363518.0], [0.4162, 197873.0], [0.4161, 196691.0], [0.416, 162460.0], [0.4159, 128975.0], [0.4158, 181446.0], [0.4157, 226262.0], [0.4156, 140372.0], [0.4155, 104860.0], [0.4154, 112877.0], [0.4153, 122197.0], [0.4152, 177848.0]], "asks": [[0.4172, 40343.0], [0.4173, 54927.0], [0.4174, 214602.0], [0.4175, 139380.0], [0.4176, 125933.0], [0.4177, 164262.0], [0.4178, 186571.0], [0.4179, 145163.0], [0.418, 90361.0], [0.4181, 70268.0], [0.4182, 284997.0], [0.4183, 119573.0], [0.4184, 110287.0], [0.4185, 131190.0], [0.4186, 93257.0], [0.4187, 203734.0], [0.4188, 126918.0], [0.4189, 195181.0], [0.419, 100385.0], [0.4191, 114934.0]], "timestamp": "2025-12-11T12:25:53.168518+00:00"}, {"symbol": "ADAUSDT", "bids": [[0.418, 236454.0], [0.4179, 142123.0], [0.4178, 259573.0], [0.4177, 184663.0], [0.4176, 127205.0], [0.4175, 183265.0], [0.4174, 248836.0], [0.4173, 269344.0], [0.4172, 189040.0], [0.4171, 192681.0], [0.417, 354186.0], [0.4169, 164180.0], [0.4168, 376440.0], [0.4167, 1687936.0], [0.4166, 181714.0], [0.4165, 197074.0], [0.4164, 325689.0], [0.4163, 1325178.0], [0.4162, 115023.0], [0.4161, 79938.0]], "asks": [[0.4181, 18380.0], [0.4182, 118598.0], [0.4183, 128889.0], [0.4184, 116230.0], [0.4185, 112662.0], [0.4186, 59314.0], [0.4187, 228974.0], [0.4188, 72930.0], [0.4189, 116952.0], [0.419, 255637.0], [0.4191, 90328.0], [0.4192, 105514.0], [0.4193, 179624.0], [0.4194, 141254.0], [0.4195, 77430.0], [0.4196, 149385.0], [0.4197, 142221.0], [0.4198, 317547.0], [0.4199, 251304.0], [0.42, 104795.0]], "timestamp": "2025-12-11T12:26:50.041886+00:00"}, {"symbol": "ADAUSDT", "bids": [[0.4176, 96156.0], [0.4175, 169456.0], [0.4174, 215304.0], [0.4173, 252667.0], [0.4172, 134736.0], [0.4171, 135513.0], [0.417, 269970.0], [0.4169, 264089.0], [0.4168, 368678.0], [0.4167, 1723928.0], [0.4166, 142342.0], [0.4165, 121955.0], [0.4164, 343860.0], [0.4163, 1351431.0], [0.4162, 153450.0], [0.4161, 137802.0], [0.416, 319878.0], [0.4159, 129260.0], [0.4158, 120947.0], [0.4157, 142999.0]], "asks": [[0.4177, 161904.0], [0.4178, 139179.0], [0.4179, 207278.0], [0.418, 162192.0], [0.4181, 198925.0], [0.4182, 68950.0], [0.4183, 187223.0], [0.4184, 75569.0], [0.4185, 101693.0], [0.4186, 140855.0], [0.4187, 223689.0], [0.4188, 80234.0], [0.4189, 121215.0], [0.419, 164657.0], [0.4191, 105943.0], [0.4192, 120279.0], [0.4193, 160228.0], [0.4194, 238363.0], [0.4195, 86125.0], [0.4196, 104689.0]], "timestamp": "2025-12-11T12:27:45.125859+00:00"}, {"symbol": "ADAUSDT", "bids": [[0.4175, 153068.0], [0.4174, 156834.0], [0.4173, 237989.0], [0.4172, 147570.0], [0.4171, 136136.0], [0.417, 213335.0], [0.4169, 197832.0], [0.4168, 463641.0], [0.4167, 1726277.0], [0.4166, 150774.0], [0.4165, 126650.0], [0.4164, 348379.0], [0.4163, 1349653.0], [0.4162, 172271.0], [0.4161, 151627.0], [0.416, 306969.0], [0.4159, 137699.0], [0.4158, 271459.0], [0.4157, 185092.0], [0.4156, 239113.0]], "asks": [[0.4176, 88994.0], [0.4177, 169609.0], [0.4178, 169342.0], [0.4179, 132107.0], [0.418, 133516.0], [0.4181, 215081.0], [0.4182, 172927.0], [0.4183, 134347.0], [0.4184, 79536.0], [0.4185, 133510.0], [0.4186, 192690.0], [0.4187, 258957.0], [0.4188, 80559.0], [0.4189, 143585.0], [0.419, 103548.0], [0.4191, 108621.0], [0.4192, 100871.0], [0.4193, 105723.0], [0.4194, 79517.0], [0.4195, 99883.0]], "timestamp": "2025-12-11T12:28:39.112916+00:00"}, {"symbol": "ADAUSDT", "bids": [[0.418, 136255.0], [0.4179, 302362.0], [0.4178, 275982.0], [0.4177, 163201.0], [0.4176, 194051.0], [0.4175, 163226.0], [0.4174, 228480.0], [0.4173, 153879.0], [0.4172, 122701.0], [0.4171, 165739.0], [0.417, 430898.0], [0.4169, 141393.0], [0.4168, 378907.0], [0.4167, 1677992.0], [0.4166, 127492.0], [0.4165, 122825.0], [0.4164, 454101.0], [0.4163, 1335734.0], [0.4162, 113229.0], [0.4161, 111054.0]], "asks": [[0.4181, 77960.0], [0.4182, 99465.0], [0.4183, 133574.0], [0.4184, 126876.0], [0.4185, 174109.0], [0.4186, 147442.0], [0.4187, 186378.0], [0.4188, 68875.0], [0.4189, 147910.0], [0.419, 210465.0], [0.4191, 156333.0], [0.4192, 107780.0], [0.4193, 181249.0], [0.4194, 80016.0], [0.4195, 66288.0], [0.4196, 148564.0], [0.4197, 120248.0], [0.4198, 237555.0], [0.4199, 150328.0], [0.42, 163991.0]], "timestamp": "2025-12-11T12:29:33.896419+00:00"}, {"symbol": "ADAUSDT", "bids": [[0.4177, 42100.0], [0.4176, 113179.0], [0.4175, 194485.0], [0.4174, 154826.0], [0.4173, 162466.0], [0.4172, 188834.0], [0.4171, 220304.0], [0.417, 180593.0], [0.4169, 119237.0], [0.4168, 390191.0], [0.4167, 1687073.0], [0.4166, 165502.0], [0.4165, 127074.0], [0.4164, 360893.0], [0.4163, 1353652.0], [0.4162, 295071.0], [0.4161, 152959.0], [0.416, 239019.0], [0.4159, 120319.0], [0.4158, 189363.0]], "asks": [[0.4178, 90224.0], [0.4179, 104259.0], [0.418, 125395.0], [0.4181, 174552.0], [0.4182, 126778.0], [0.4183, 139639.0], [0.4184, 171182.0], [0.4185, 117947.0], [0.4186, 132719.0], [0.4187, 223084.0], [0.4188, 122773.0], [0.4189, 144433.0], [0.419, 76046.0], [0.4191, 200336.0], [0.4192, 198082.0], [0.4193, 153110.0], [0.4194, 79756.0], [0.4195, 87442.0], [0.4196, 144423.0], [0.4197, 101548.0]], "timestamp": "2025-12-11T12:30:28.501956+00:00"}, {"symbol": "ADAUSDT", "bids": [[0.4171, 13909.0], [0.417, 132797.0], [0.4169, 105660.0], [0.4168, 232813.0], [0.4167, 1642162.0], [0.4166, 173280.0], [0.4165, 102142.0], [0.4164, 208077.0], [0.4163, 1326926.0], [0.4162, 197593.0], [0.4161, 174092.0], [0.416, 149011.0], [0.4159, 229138.0], [0.4158, 147234.0], [0.4157, 220180.0], [0.4156, 137316.0], [0.4155, 190928.0], [0.4154, 151906.0], [0.4153, 171689.0], [0.4152, 99886.0]], "asks": [[0.4172, 102617.0], [0.4173, 146802.0], [0.4174, 177420.0], [0.4175, 135264.0], [0.4176, 128790.0], [0.4177, 227337.0], [0.4178, 241268.0], [0.4179, 115542.0], [0.418, 73716.0], [0.4181, 212492.0], [0.4182, 61417.0], [0.4183, 101994.0], [0.4184, 86471.0], [0.4185, 210785.0], [0.4186, 124776.0], [0.4187, 155993.0], [0.4188, 109183.0], [0.4189, 135158.0], [0.419, 59722.0], [0.4191, 212559.0]], "timestamp": "2025-12-11T12:31:23.427123+00:00"}, {"symbol": "ADAUSDT", "bids": [[0.4174, 180702.0], [0.4173, 148040.0], [0.4172, 263033.0], [0.4171, 271273.0], [0.417, 212466.0], [0.4169, 179963.0], [0.4168, 422055.0], [0.4167, 1699399.0], [0.4166, 253969.0], [0.4165, 147506.0], [0.4164, 329004.0], [0.4163, 1323919.0], [0.4162, 194314.0], [0.4161, 125200.0], [0.416, 247820.0], [0.4159, 329662.0], [0.4158, 119474.0], [0.4157, 76949.0], [0.4156, 222784.0], [0.4155, 193067.0]], "asks": [[0.4175, 84267.0], [0.4176, 109555.0], [0.4177, 158661.0], [0.4178, 227160.0], [0.4179, 183074.0], [0.418, 74401.0], [0.4181, 204345.0], [0.4182, 60927.0], [0.4183, 96270.0], [0.4184, 97400.0], [0.4185, 116516.0], [0.4186, 217265.0], [0.4187, 180949.0], [0.4188, 126361.0], [0.4189, 126635.0], [0.419, 125223.0], [0.4191, 155584.0], [0.4192, 84168.0], [0.4193, 205084.0], [0.4194, 84667.0]], "timestamp": "2025-12-11T12:32:17.314548+00:00"}, {"symbol": "ADAUSDT", "bids": [[0.4179, 102136.0], [0.4178, 188011.0], [0.4177, 258734.0], [0.4176, 218693.0], [0.4175, 152046.0], [0.4174, 206347.0], [0.4173, 232670.0], [0.4172, 257329.0], [0.4171, 193175.0], [0.417, 293750.0], [0.4169, 172159.0], [0.4168, 365473.0], [0.4167, 1720996.0], [0.4166, 268390.0], [0.4165, 184754.0], [0.4164, 289812.0], [0.4163, 1333022.0], [0.4162, 218475.0], [0.4161, 154355.0], [0.416, 270558.0]], "asks": [[0.418, 29524.0], [0.4181, 116170.0], [0.4182, 147982.0], [0.4183, 147209.0], [0.4184, 86468.0], [0.4185, 133280.0], [0.4186, 205831.0], [0.4187, 226144.0], [0.4188, 78222.0], [0.4189, 152721.0], [0.419, 98268.0], [0.4191, 177751.0], [0.4192, 169692.0], [0.4193, 180304.0], [0.4194, 118285.0], [0.4195, 150960.0], [0.4196, 139038.0], [0.4197, 157972.0], [0.4198, 221759.0], [0.4199, 61001.0]], "timestamp": "2025-12-11T12:33:12.505109+00:00"}, {"symbol": "ADAUSDT", "bids": [[0.4175, 118786.0], [0.4174, 125190.0], [0.4173, 170995.0], [0.4172, 164021.0], [0.4171, 158326.0], [0.417, 244225.0], [0.4169, 112301.0], [0.4168, 522070.0], [0.4167, 1688962.0], [0.4166, 152151.0], [0.4165, 149818.0], [0.4164, 507655.0], [0.4163, 1408963.0], [0.4162, 361790.0], [0.4161, 134929.0], [0.416, 243198.0], [0.4159, 245839.0], [0.4158, 159142.0], [0.4157, 192704.0], [0.4156, 249591.0]], "asks": [[0.4176, 33532.0], [0.4177, 188732.0], [0.4178, 211403.0], [0.4179, 283318.0], [0.418, 190588.0], [0.4181, 218390.0], [0.4182, 183203.0], [0.4183, 269311.0], [0.4184, 170451.0], [0.4185, 152399.0], [0.4186, 96837.0], [0.4187, 100549.0], [0.4188, 87683.0], [0.4189, 132919.0], [0.419, 133700.0], [0.4191, 126642.0], [0.4192, 79649.0], [0.4193, 141194.0], [0.4194, 103976.0], [0.4195, 183632.0]], "timestamp": "2025-12-11T12:34:08.141943+00:00"}, {"symbol": "ADAUSDT", "bids": [[0.417, 49489.0], [0.4169, 101836.0], [0.4168, 426553.0], [0.4167, 1696149.0], [0.4166, 171706.0], [0.4165, 214024.0], [0.4164, 310147.0], [0.4163, 1366435.0], [0.4162, 142615.0], [0.4161, 179321.0], [0.416, 308166.0], [0.4159, 251041.0], [0.4158, 251378.0], [0.4157, 299382.0], [0.4156, 164063.0], [0.4155, 229858.0], [0.4154, 320466.0], [0.4153, 198775.0], [0.4152, 163052.0], [0.4151, 244595.0]], "asks": [[0.4171, 121717.0], [0.4172, 151140.0], [0.4173, 205144.0], [0.4174, 190568.0], [0.4175, 177144.0], [0.4176, 157985.0], [0.4177, 267649.0], [0.4178, 186863.0], [0.4179, 315787.0], [0.418, 164589.0], [0.4181, 156508.0], [0.4182, 115409.0], [0.4183, 122882.0], [0.4184, 159022.0], [0.4185, 219098.0], [0.4186, 80530.0], [0.4187, 197774.0], [0.4188, 110967.0], [0.4189, 150696.0], [0.419, 177984.0]], "timestamp": "2025-12-11T12:35:02.132289+00:00"}, {"symbol": "ADAUSDT", "bids": [[0.4171, 37821.0], [0.417, 138492.0], [0.4169, 120261.0], [0.4168, 467345.0], [0.4167, 1690159.0], [0.4166, 176286.0], [0.4165, 133122.0], [0.4164, 403638.0], [0.4163, 1351953.0], [0.4162, 184660.0], [0.4161, 174915.0], [0.416, 201797.0], [0.4159, 188878.0], [0.4158, 330689.0], [0.4157, 277705.0], [0.4156, 188493.0], [0.4155, 231438.0], [0.4154, 288201.0], [0.4153, 186007.0], [0.4152, 178282.0]], "asks": [[0.4172, 87456.0], [0.4173, 118320.0], [0.4174, 192120.0], [0.4175, 189489.0], [0.4176, 139319.0], [0.4177, 299454.0], [0.4178, 138403.0], [0.4179, 196051.0], [0.418, 119965.0], [0.4181, 115713.0], [0.4182, 99642.0], [0.4183, 100802.0], [0.4184, 171411.0], [0.4185, 233462.0], [0.4186, 83163.0], [0.4187, 214605.0], [0.4188, 100301.0], [0.4189, 148204.0], [0.419, 79488.0], [0.4191, 243618.0]], "timestamp": "2025-12-11T12:35:57.104800+00:00"}, {"symbol": "ADAUSDT", "bids": [[0.4172, 36305.0], [0.4171, 176726.0], [0.417, 276966.0], [0.4169, 139309.0], [0.4168, 417879.0], [0.4167, 1685309.0], [0.4166, 172593.0], [0.4165, 109405.0], [0.4164, 414149.0], [0.4163, 1368946.0], [0.4162, 197737.0], [0.4161, 248520.0], [0.416, 187125.0], [0.4159, 129756.0], [0.4158, 322197.0], [0.4157, 192801.0], [0.4156, 186491.0], [0.4155, 244127.0], [0.4154, 253439.0], [0.4153, 166267.0]], "asks": [[0.4173, 95980.0], [0.4174, 140835.0], [0.4175, 201017.0], [0.4176, 129998.0], [0.4177, 153934.0], [0.4178, 220705.0], [0.4179, 268258.0], [0.418, 123577.0], [0.4181, 103987.0], [0.4182, 99517.0], [0.4183, 146919.0], [0.4184, 205181.0], [0.4185, 213525.0], [0.4186, 90257.0], [0.4187, 167004.0], [0.4188, 103010.0], [0.4189, 148074.0], [0.419, 103309.0], [0.4191, 178551.0], [0.4192, 206448.0]], "timestamp": "2025-12-11T12:36:51.757625+00:00"}, {"symbol": "ADAUSDT", "bids": [[0.417, 96089.0], [0.4169, 139123.0], [0.4168, 477322.0], [0.4167, 1722782.0], [0.4166, 156193.0], [0.4165, 124159.0], [0.4164, 405560.0], [0.4163, 1334887.0], [0.4162, 145359.0], [0.4161, 201254.0], [0.416, 215245.0], [0.4159, 218729.0], [0.4158, 297883.0], [0.4157, 216916.0], [0.4156, 172228.0], [0.4155, 258265.0], [0.4154, 277510.0], [0.4153, 180540.0], [0.4152, 176504.0], [0.4151, 214928.0]], "asks": [[0.4171, 73687.0], [0.4172, 164116.0], [0.4173, 193061.0], [0.4174, 202220.0], [0.4175, 158599.0], [0.4176, 221238.0], [0.4177, 153728.0], [0.4178, 131543.0], [0.4179, 271287.0], [0.418, 133179.0], [0.4181, 122667.0], [0.4182, 92168.0], [0.4183, 108618.0], [0.4184, 197634.0], [0.4185, 245892.0], [0.4186, 84910.0], [0.4187, 167004.0], [0.4188, 100924.0], [0.4189, 176553.0], [0.419, 78407.0]], "timestamp": "2025-12-11T12:37:47.068216+00:00"}, {"symbol": "ADAUSDT", "bids": [[0.4168, 47750.0], [0.4167, 1673009.0], [0.4166, 215403.0], [0.4165, 122618.0], [0.4164, 386046.0], [0.4163, 1328131.0], [0.4162, 119442.0], [0.4161, 179199.0], [0.416, 232531.0], [0.4159, 202176.0], [0.4158, 222915.0], [0.4157, 163937.0], [0.4156, 352305.0], [0.4155, 225996.0], [0.4154, 186392.0], [0.4153, 355843.0], [0.4152, 180614.0], [0.4151, 245049.0], [0.415, 238889.0], [0.4149, 577523.0]], "asks": [[0.4169, 108915.0], [0.417, 129395.0], [0.4171, 168015.0], [0.4172, 214659.0], [0.4173, 149197.0], [0.4174, 324261.0], [0.4175, 220376.0], [0.4176, 237524.0], [0.4177, 184359.0], [0.4178, 174880.0], [0.4179, 204957.0], [0.418, 200559.0], [0.4181, 139779.0], [0.4182, 264418.0], [0.4183, 112255.0], [0.4184, 178397.0], [0.4185, 123048.0], [0.4186, 84880.0], [0.4187, 163990.0], [0.4188, 74078.0]], "timestamp": "2025-12-11T12:38:40.779174+00:00"}, {"symbol": "ADAUSDT", "bids": [[0.4171, 109204.0], [0.417, 213817.0], [0.4169, 225275.0], [0.4168, 500171.0], [0.4167, 1704489.0], [0.4166, 191193.0], [0.4165, 178880.0], [0.4164, 321470.0], [0.4163, 1329434.0], [0.4162, 133326.0], [0.4161, 194070.0], [0.416, 229669.0], [0.4159, 302333.0], [0.4158, 249524.0], [0.4157, 198142.0], [0.4156, 121748.0], [0.4155, 167095.0], [0.4154, 139863.0], [0.4153, 241310.0], [0.4152, 140466.0]], "asks": [[0.4172, 100074.0], [0.4173, 108273.0], [0.4174, 190925.0], [0.4175, 216561.0], [0.4176, 179555.0], [0.4177, 261361.0], [0.4178, 198621.0], [0.4179, 256691.0], [0.418, 221212.0], [0.4181, 184105.0], [0.4182, 146947.0], [0.4183, 148382.0], [0.4184, 189796.0], [0.4185, 296211.0], [0.4186, 102106.0], [0.4187, 167004.0], [0.4188, 60119.0], [0.4189, 166739.0], [0.419, 65146.0], [0.4191, 159520.0]], "timestamp": "2025-12-11T12:39:35.699979+00:00"}