[{"id": "546051029", "price": 0.4251, "amount": 73.0, "side": "sell", "timestamp": 1765496522974}, {"id": "546051030", "price": 0.4251, "amount": 114.0, "side": "sell", "timestamp": 1765496523602}, {"id": "546051031", "price": 0.4252, "amount": 22.0, "side": "buy", "timestamp": 1765496524698}, {"id": "546051032", "price": 0.4252, "amount": 19.0, "side": "buy", "timestamp": 1765496525449}, {"id": "546051033", "price": 0.4252, "amount": 3128.0, "side": "buy", "timestamp": 1765496525600}, {"id": "546051034", "price": 0.4252, "amount": 14.0, "side": "buy", "timestamp": 1765496525965}, {"id": "546051035", "price": 0.4252, "amount": 13.0, "side": "buy", "timestamp": 1765496526158}, {"id": "546051036", "price": 0.4252, "amount": 20.0, "side": "buy", "timestamp": 1765496526697}, {"id": "546051037", "price": 0.4252, "amount": 5.0, "side": "buy", "timestamp": 1765496526825}, {"id": "546051038", "price": 0.4252, "amount": 12.0, "side": "buy", "timestamp": 1765496527211}, {"id": "546051039", "price": 0.4252, "amount": 1175.0, "side": "buy", "timestamp": 1765496527795}, {"id": "546051040", "price": 0.4252, "amount": 26.0, "side": "buy", "timestamp": 1765496528881}, {"id": "546051041", "price": 0.4252, "amount": 13.0, "side": "buy", "timestamp": 1765496529720}, {"id": "546051042", "price": 0.4252, "amount": 39.0, "side": "buy", "timestamp": 1765496530094}, {"id": "546051043", "price": 0.4252, "amount": 4300.0, "side": "buy", "timestamp": 1765496530778}, {"id": "546051044", "price": 0.4251, "amount": 9200.0, "side": "sell", "timestamp": 1765496530999}, {"id": "546051045", "price": 0.4252, "amount": 17.0, "side": "buy", "timestamp": 1765496531660}, {"id": "546051046", "price": 0.4252, "amount": 473.0, "side": "buy", "timestamp": 1765496532421}, {"id": "546051047", "price": 0.4251, "amount": 150.0, "side": "sell", "timestamp": 1765496532669}, {"id": "546051048", "price": 0.4252, "amount": 15.0, "side": "buy", "timestamp": 1765496534132}, {"id": "546051049", "price": 0.4251, "amount": 9420.0, "side": "sell", "timestamp": 1765496534526}, {"id": "546051050", "price": 0.4252, "amount": 10.0, "side": "buy", "timestamp": 1765496534726}, {"id": "546051051", "price": 0.4252, "amount": 15.0, "side": "buy", "timestamp": 1765496537760}, {"id": "546051052", "price": 0.4252, "amount": 12.0, "side": "buy", "timestamp": 1765496538745}, {"id": "546051053", "price": 0.4251, "amount": 200.0, "side": "sell", "timestamp": 1765496539196}, {"id": "546051054", "price": 0.4252, "amount": 794.0, "side": "buy", "timestamp": 1765496539486}, {"id": "546051055", "price": 0.4252, "amount": 3734.0, "side": "buy", "timestamp": 1765496539952}, {"id": "546051056", "price": 0.4251, "amount": 470.0, "side": "sell", "timestamp": 1765496540065}, {"id": "546051057", "price": 0.4252, "amount": 12726.0, "side": "buy", "timestamp": 1765496541001}, {"id": "546051058", "price": 0.4252, "amount": 71.0, "side": "sell", "timestamp": 1765496541518}, {"id": "546051059", "price": 0.4253, "amount": 31.0, "side": "buy", "timestamp": 1765496543291}, {"id": "546051060", "price": 0.4253, "amount": 702.0, "side": "buy", "timestamp": 1765496543574}, {"id": "546051061", "price": 0.4253, "amount": 1303.0, "side": "buy", "timestamp": 1765496543792}, {"id": "546051062", "price": 0.4253, "amount": 938.0, "side": "buy", "timestamp": 1765496543996}, {"id": "546051063", "price": 0.4253, "amount": 153957.0, "side": "buy", "timestamp": 1765496544275}, {"id": "546051064", "price": 0.4254, "amount": 33122.0, "side": "buy", "timestamp": 1765496544288}, {"id": "546051065", "price": 0.4254, "amount": 31370.0, "side": "buy", "timestamp": 1765496545539}, {"id": "546051066", "price": 0.4255, "amount": 13149.0, "side": "buy", "timestamp": 1765496545539}, {"id": "546051067", "price": 0.4255, "amount": 71.0, "side": "buy", "timestamp": 1765496545656}, {"id": "546051068", "price": 0.4254, "amount": 14107.0, "side": "sell", "timestamp": 1765496546047}, {"id": "546051069", "price": 0.4255, "amount": 10.0, "side": "buy", "timestamp": 1765496546321}, {"id": "546051070", "price": 0.4255, "amount": 24149.0, "side": "buy", "timestamp": 1765496546961}, {"id": "546051071", "price": 0.4255, "amount": 1672.0, "side": "buy", "timestamp": 1765496547978}, {"id": "546051072", "price": 0.4255, "amount": 5167.0, "side": "buy", "timestamp": 1765496548119}, {"id": "546051073", "price": 0.4256, "amount": 12886.0, "side": "buy", "timestamp": 1765496548153}, {"id": "546051074", "price": 0.4256, "amount": 523.0, "side": "buy", "timestamp": 1765496550033}, {"id": "546051075", "price": 0.4256, "amount": 258.0, "side": "buy", "timestamp": 1765496550301}, {"id": "546051076", "price": 0.4255, "amount": 20000.0, "side": "sell", "timestamp": 1765496551256}, {"id": "546051077", "price": 0.4256, "amount": 16056.0, "side": "buy", "timestamp": 1765496551715}, {"id": "546051078", "price": 0.4256, "amount": 22.0, "side": "buy", "timestamp": 1765496553768}, {"id": "546051114", "price": 0.4257, "amount": 92.0, "side": "buy", "timestamp": 1765496575102}, {"id": "546051115", "price": 0.4257, "amount": 1503.0, "side": "buy", "timestamp": 1765496575432}, {"id": "546051116", "price": 0.4257, "amount": 1576.0, "side": "buy", "timestamp": 1765496575635}, {"id": "546051117", "price": 0.4257, "amount": 147.0, "side": "buy", "timestamp": 1765496575854}, {"id": "546051118", "price": 0.4257, "amount": 485.0, "side": "buy", "timestamp": 1765496576075}, {"id": "546051119", "price": 0.4256, "amount": 151.0, "side": "sell", "timestamp": 1765496577465}, {"id": "546051120", "price": 0.4256, "amount": 59.0, "side": "sell", "timestamp": 1765496578247}, {"id": "546051121", "price": 0.4257, "amount": 18.0, "side": "buy", "timestamp": 1765496578403}, {"id": "546051122", "price": 0.4257, "amount": 44.0, "side": "buy", "timestamp": 1765496579317}, {"id": "546051123", "price": 0.4257, "amount": 42178.0, "side": "buy", "timestamp": 1765496579818}, {"id": "546051124", "price": 0.4258, "amount": 29359.0, "side": "buy", "timestamp": 1765496579818}, {"id": "546051125", "price": 0.4258, "amount": 708.0, "side": "buy", "timestamp": 1765496579948}, {"id": "546051126", "price": 0.4258, "amount": 219.0, "side": "buy", "timestamp": 1765496580159}, {"id": "546051127", "price": 0.4258, "amount": 366.0, "side": "buy", "timestamp": 1765496581334}, {"id": "546051128", "price": 0.4258, "amount": 114.0, "side": "buy", "timestamp": 1765496582133}, {"id": "546051129", "price": 0.4257, "amount": 14.0, "side": "sell", "timestamp": 1765496582574}, {"id": "546051130", "price": 0.4258, "amount": 12.0, "side": "buy", "timestamp": 1765496582961}, {"id": "546051131", "price": 0.4257, "amount": 59.0, "side": "sell", "timestamp": 1765496583466}, {"id": "546051132", "price": 0.4258, "amount": 85.0, "side": "buy", "timestamp": 1765496583802}, {"id": "546051133", "price": 0.4257, "amount": 13317.0, "side": "sell", "timestamp": 1765496584228}, {"id": "546051134", "price": 0.4256, "amount": 100.0, "side": "sell", "timestamp": 1765496584380}, {"id": "546051135", "price": 0.4256, "amount": 62.0, "side": "sell", "timestamp": 1765496584489}, {"id": "546051136", "price": 0.4257, "amount": 1410.0, "side": "buy", "timestamp": 1765496586517}, {"id": "546051137", "price": 0.4257, "amount": 26.0, "side": "buy", "timestamp": 1765496587324}, {"id": "546051138", "price": 0.4257, "amount": 18.0, "side": "buy", "timestamp": 1765496587719}, {"id": "546051139", "price": 0.4256, "amount": 39072.0, "side": "sell", "timestamp": 1765496588328}, {"id": "546051140", "price": 0.4256, "amount": 25.0, "side": "buy", "timestamp": 1765496589544}, {"id": "546051141", "price": 0.4255, "amount": 51.0, "side": "sell", "timestamp": 1765496590390}, {"id": "546051142", "price": 0.4256, "amount": 234.0, "side": "buy", "timestamp": 1765496590538}, {"id": "546051143", "price": 0.4255, "amount": 28.0, "side": "sell", "timestamp": 1765496591725}, {"id": "546051144", "price": 0.4256, "amount": 16.0, "side": "buy", "timestamp": 1765496592275}, {"id": "546051145", "price": 0.4255, "amount": 70.0, "side": "sell", "timestamp": 1765496592808}, {"id": "546051146", "price": 0.4255, "amount": 722.0, "side": "sell", "timestamp": 1765496593518}, {"id": "546051147", "price": 0.4255, "amount": 21.0, "side": "sell", "timestamp": 1765496594678}, {"id": "546051148", "price": 0.4256, "amount": 20.0, "side": "buy", "timestamp": 1765496596517}, {"id": "546051149", "price": 0.4255, "amount": 37.0, "side": "sell", "timestamp": 1765496598062}, {"id": "546051150", "price": 0.4256, "amount": 563.0, "side": "buy", "timestamp": 1765496598377}, {"id": "546051151", "price": 0.4255, "amount": 63176.0, "side": "sell", "timestamp": 1765496598719}, {"id": "546051152", "price": 0.4254, "amount": 4289.0, "side": "sell", "timestamp": 1765496598842}, {"id": "546051153", "price": 0.4253, "amount": 1427.0, "side": "sell", "timestamp": 1765496598888}, {"id": "546051154", "price": 0.4253, "amount": 188.0, "side": "sell", "timestamp": 1765496599918}, {"id": "546051155", "price": 0.4254, "amount": 22.0, "side": "buy", "timestamp": 1765496601441}, {"id": "546051156", "price": 0.4254, "amount": 376.0, "side": "buy", "timestamp": 1765496602420}, {"id": "546051157", "price": 0.4253, "amount": 50566.0, "side": "sell", "timestamp": 1765496603100}, {"id": "546051158", "price": 0.4252, "amount": 1955.0, "side": "sell", "timestamp": 1765496603291}, {"id": "546051159", "price": 0.4253, "amount": 20.0, "side": "buy", "timestamp": 1765496603557}, {"id": "546051160", "price": 0.4253, "amount": 18.0, "side": "buy", "timestamp": 1765496603819}, {"id": "546051161", "price": 0.4252, "amount": 70.0, "side": "sell", "timestamp": 1765496605865}, {"id": "546051162", "price": 0.4253, "amount": 39.0, "side": "buy", "timestamp": 1765496606608}, {"id": "546051163", "price": 0.4253, "amount": 2371.0, "side": "buy", "timestamp": 1765496606973}, {"id": "546051194", "price": 0.4253, "amount": 28.0, "side": "sell", "timestamp": 1765496627718}, {"id": "546051195", "price": 0.4254, "amount": 17.0, "side": "buy", "timestamp": 1765496629362}, {"id": "546051196", "price": 0.4253, "amount": 252.0, "side": "sell", "timestamp": 1765496629934}, {"id": "546051197", "price": 0.4254, "amount": 116.0, "side": "buy", "timestamp": 1765496630352}, {"id": "546051198", "price": 0.4253, "amount": 9129.0, "side": "sell", "timestamp": 1765496630355}, {"id": "546051199", "price": 0.4253, "amount": 15.0, "side": "buy", "timestamp": 1765496630672}, {"id": "546051200", "price": 0.4252, "amount": 17.0, "side": "sell", "timestamp": 1765496630861}, {"id": "546051201", "price": 0.4252, "amount": 13842.0, "side": "sell", "timestamp": 1765496631477}, {"id": "546051202", "price": 0.4252, "amount": 131.0, "side": "sell", "timestamp": 1765496631786}, {"id": "546051203", "price": 0.4253, "amount": 38.0, "side": "buy", "timestamp": 1765496632240}, {"id": "546051204", "price": 0.4252, "amount": 55.0, "side": "sell", "timestamp": 1765496633116}, {"id": "546051205", "price": 0.4252, "amount": 1584.0, "side": "sell", "timestamp": 1765496633271}, {"id": "546051206", "price": 0.4253, "amount": 505.0, "side": "buy", "timestamp": 1765496633928}, {"id": "546051207", "price": 0.4253, "amount": 6.0, "side": "buy", "timestamp": 1765496634057}, {"id": "546051208", "price": 0.4252, "amount": 19.0, "side": "sell", "timestamp": 1765496635193}, {"id": "546051209", "price": 0.4253, "amount": 513.0, "side": "buy", "timestamp": 1765496635320}, {"id": "546051210", "price": 0.4253, "amount": 9.0, "side": "buy", "timestamp": 1765496637527}, {"id": "546051211", "price": 0.4252, "amount": 243.0, "side": "sell", "timestamp": 1765496638445}, {"id": "546051212", "price": 0.4253, "amount": 3.0, "side": "buy", "timestamp": 1765496638876}, {"id": "546051213", "price": 0.4252, "amount": 174.0, "side": "sell", "timestamp": 1765496639033}, {"id": "546051214", "price": 0.4252, "amount": 1208.0, "side": "sell", "timestamp": 1765496639719}, {"id": "546051215", "price": 0.4252, "amount": 73.0, "side": "sell", "timestamp": 1765496639834}, {"id": "546051216", "price": 0.4252, "amount": 15706.0, "side": "sell", "timestamp": 1765496640737}, {"id": "546051217", "price": 0.4252, "amount": 283.0, "side": "sell", "timestamp": 1765496642782}, {"id": "546051218", "price": 0.4252, "amount": 1881.0, "side": "sell", "timestamp": 1765496643384}, {"id": "546051219", "price": 0.4252, "amount": 90.0, "side": "sell", "timestamp": 1765496643682}, {"id": "546051220", "price": 0.4252, "amount": 378.0, "side": "sell", "timestamp": 1765496644014}, {"id": "546051221", "price": 0.4253, "amount": 14882.0, "side": "buy", "timestamp": 1765496644077}, {"id": "546051222", "price": 0.4253, "amount": 117.0, "side": "buy", "timestamp": 1765496644207}, {"id": "546051223", "price": 0.4252, "amount": 1190.0, "side": "sell", "timestamp": 1765496645249}, {"id": "546051224", "price": 0.4252, "amount": 34.0, "side": "sell", "timestamp": 1765496645566}, {"id": "546051225", "price": 0.4253, "amount": 10.0, "side": "buy", "timestamp": 1765496646738}, {"id": "546051226", "price": 0.4253, "amount": 47.0, "side": "buy", "timestamp": 1765496647006}, {"id": "546051227", "price": 0.4253, "amount": 235.0, "side": "buy", "timestamp": 1765496647244}, {"id": "546051228", "price": 0.4253, "amount": 13.0, "side": "buy", "timestamp": 1765496647982}, {"id": "546051229", "price": 0.4252, "amount": 111.0, "side": "sell", "timestamp": 1765496648700}, {"id": "546051230", "price": 0.4253, "amount": 21.0, "side": "buy", "timestamp": 1765496649197}, {"id": "546051231", "price": 0.4253, "amount": 9.0, "side": "buy", "timestamp": 1765496649422}, {"id": "546051232", "price": 0.4252, "amount": 1.0, "side": "sell", "timestamp": 1765496649422}, {"id": "546051233", "price": 0.4252, "amount": 17710.0, "side": "sell", "timestamp": 1765496649707}, {"id": "546051234", "price": 0.4252, "amount": 13.0, "side": "buy", "timestamp": 1765496650205}, {"id": "546051235", "price": 0.4252, "amount": 4589.0, "side": "buy", "timestamp": 1765496651149}, {"id": "546051236", "price": 0.4251, "amount": 15.0, "side": "sell", "timestamp": 1765496652125}, {"id": "546051237", "price": 0.4252, "amount": 23.0, "side": "buy", "timestamp": 1765496652688}, {"id": "546051238", "price": 0.4252, "amount": 12010.0, "side": "buy", "timestamp": 1765496653367}, {"id": "546051239", "price": 0.4253, "amount": 178.0, "side": "buy", "timestamp": 1765496653675}, {"id": "546051240", "price": 0.4253, "amount": 13.0, "side": "buy", "timestamp": 1765496655390}, {"id": "546051241", "price": 0.4252, "amount": 1062.0, "side": "sell", "timestamp": 1765496656180}, {"id": "546051242", "price": 0.4253, "amount": 39.0, "side": "buy", "timestamp": 1765496657856}, {"id": "546051243", "price": 0.4253, "amount": 154.0, "side": "buy", "timestamp": 1765496658187}, {"id": "546051278", "price": 0.4252, "amount": 23.0, "side": "sell", "timestamp": 1765496686551}, {"id": "546051279", "price": 0.4253, "amount": 70.0, "side": "buy", "timestamp": 1765496686741}, {"id": "546051280", "price": 0.4252, "amount": 71.0, "side": "sell", "timestamp": 1765496687755}, {"id": "546051281", "price": 0.4253, "amount": 9.0, "side": "buy", "timestamp": 1765496688492}, {"id": "546051282", "price": 0.4252, "amount": 1030.0, "side": "sell", "timestamp": 1765496691824}, {"id": "546051283", "price": 0.4253, "amount": 30765.0, "side": "buy", "timestamp": 1765496692956}, {"id": "546051284", "price": 0.4254, "amount": 70.0, "side": "buy", "timestamp": 1765496693755}, {"id": "546051285", "price": 0.4254, "amount": 31.0, "side": "buy", "timestamp": 1765496694828}, {"id": "546051286", "price": 0.4254, "amount": 116.0, "side": "buy", "timestamp": 1765496695131}, {"id": "546051287", "price": 0.4254, "amount": 10.0, "side": "buy", "timestamp": 1765496695685}, {"id": "546051288", "price": 0.4253, "amount": 1000.0, "side": "sell", "timestamp": 1765496696575}, {"id": "546051289", "price": 0.4254, "amount": 15.0, "side": "buy", "timestamp": 1765496696577}, {"id": "546051290", "price": 0.4253, "amount": 188.0, "side": "sell", "timestamp": 1765496697055}, {"id": "546051291", "price": 0.4254, "amount": 20859.0, "side": "buy", "timestamp": 1765496698390}, {"id": "546051292", "price": 0.4254, "amount": 9.0, "side": "buy", "timestamp": 1765496698699}, {"id": "546051293", "price": 0.4253, "amount": 23.0, "side": "sell", "timestamp": 1765496699532}, {"id": "546051294", "price": 0.4253, "amount": 68.0, "side": "sell", "timestamp": 1765496699718}, {"id": "546051295", "price": 0.4254, "amount": 1469.0, "side": "buy", "timestamp": 1765496700054}, {"id": "546051296", "price": 0.4253, "amount": 317.0, "side": "sell", "timestamp": 1765496700364}, {"id": "546051297", "price": 0.4253, "amount": 525.0, "side": "sell", "timestamp": 1765496700694}, {"id": "546051298", "price": 0.4254, "amount": 537.0, "side": "buy", "timestamp": 1765496700727}, {"id": "546051299", "price": 0.4253, "amount": 4736.0, "side": "sell", "timestamp": 1765496701383}, {"id": "546051300", "price": 0.4253, "amount": 13863.0, "side": "sell", "timestamp": 1765496702663}, {"id": "546051301", "price": 0.4254, "amount": 490.0, "side": "buy", "timestamp": 1765496703529}, {"id": "546051302", "price": 0.4253, "amount": 98.0, "side": "sell", "timestamp": 1765496703547}, {"id": "546051303", "price": 0.4254, "amount": 563.0, "side": "buy", "timestamp": 1765496704027}, {"id": "546051304", "price": 0.4254, "amount": 40.0, "side": "buy", "timestamp": 1765496704168}, {"id": "546051305", "price": 0.4253, "amount": 16.0, "side": "sell", "timestamp": 1765496704196}, {"id": "546051306", "price": 0.4254, "amount": 200.0, "side": "buy", "timestamp": 1765496704281}, {"id": "546051307", "price": 0.4254, "amount": 13.0, "side": "buy", "timestamp": 1765496704706}, {"id": "546051308", "price": 0.4253, "amount": 30.0, "side": "sell", "timestamp": 1765496705210}, {"id": "546051309", "price": 0.4253, "amount": 16.0, "side": "sell", "timestamp": 1765496705465}, {"id": "546051310", "price": 0.4254, "amount": 940.0, "side": "buy", "timestamp": 1765496705980}, {"id": "546051311", "price": 0.4254, "amount": 1410.0, "side": "buy", "timestamp": 1765496706154}, {"id": "546051312", "price": 0.4254, "amount": 1410.0, "side": "buy", "timestamp": 1765496706321}, {"id": "546051313", "price": 0.4254, "amount": 1410.0, "side": "buy", "timestamp": 1765496706492}, {"id": "546051314", "price": 0.4254, "amount": 940.0, "side": "buy", "timestamp": 1765496706673}, {"id": "546051315", "price": 0.4254, "amount": 1410.0, "side": "buy", "timestamp": 1765496706847}, {"id": "546051316", "price": 0.4254, "amount": 940.0, "side": "buy", "timestamp": 1765496707062}, {"id": "546051317", "price": 0.4254, "amount": 1410.0, "side": "buy", "timestamp": 1765496707549}, {"id": "546051318", "price": 0.4253, "amount": 35.0, "side": "sell", "timestamp": 1765496707898}, {"id": "546051319", "price": 0.4254, "amount": 20.0, "side": "buy", "timestamp": 1765496708578}, {"id": "546051320", "price": 0.4253, "amount": 563.0, "side": "sell", "timestamp": 1765496708697}, {"id": "546051321", "price": 0.4254, "amount": 400.0, "side": "buy", "timestamp": 1765496709624}, {"id": "546051322", "price": 0.4254, "amount": 116.0, "side": "buy", "timestamp": 1765496709855}, {"id": "546051323", "price": 0.4254, "amount": 14.0, "side": "buy", "timestamp": 1765496709959}, {"id": "546051324", "price": 0.4254, "amount": 22.0, "side": "buy", "timestamp": 1765496710951}, {"id": "546051325", "price": 0.4253, "amount": 1100.0, "side": "sell", "timestamp": 1765496711302}, {"id": "546051326", "price": 0.4253, "amount": 62.0, "side": "sell", "timestamp": 1765496711764}, {"id": "546051327", "price": 0.4254, "amount": 20574.0, "side": "buy", "timestamp": 1765496712036}, {"id": "546051361", "price": 0.4255, "amount": 5.0, "side": "buy", "timestamp": 1765496735162}, {"id": "546051362", "price": 0.4255, "amount": 3.0, "side": "buy", "timestamp": 1765496735651}, {"id": "546051363", "price": 0.4254, "amount": 28.0, "side": "sell", "timestamp": 1765496735726}, {"id": "546051364", "price": 0.4255, "amount": 5774.0, "side": "buy", "timestamp": 1765496735822}, {"id": "546051365", "price": 0.4255, "amount": 153.0, "side": "sell", "timestamp": 1765496736171}, {"id": "546051366", "price": 0.4256, "amount": 34391.0, "side": "buy", "timestamp": 1765496737951}, {"id": "546051367", "price": 0.4256, "amount": 116.0, "side": "buy", "timestamp": 1765496738274}, {"id": "546051368", "price": 0.4256, "amount": 11.0, "side": "buy", "timestamp": 1765496739476}, {"id": "546051369", "price": 0.4256, "amount": 10.0, "side": "buy", "timestamp": 1765496740506}, {"id": "546051370", "price": 0.4256, "amount": 129.0, "side": "buy", "timestamp": 1765496741215}, {"id": "546051371", "price": 0.4256, "amount": 6.0, "side": "buy", "timestamp": 1765496742470}, {"id": "546051372", "price": 0.4256, "amount": 3509.0, "side": "buy", "timestamp": 1765496744410}, {"id": "546051373", "price": 0.4257, "amount": 341.0, "side": "buy", "timestamp": 1765496745180}, {"id": "546051374", "price": 0.4257, "amount": 20336.0, "side": "buy", "timestamp": 1765496745303}, {"id": "546051375", "price": 0.4258, "amount": 15.0, "side": "buy", "timestamp": 1765496745498}, {"id": "546051376", "price": 0.4257, "amount": 23.0, "side": "sell", "timestamp": 1765496746886}, {"id": "546051377", "price": 0.4258, "amount": 26.0, "side": "buy", "timestamp": 1765496747188}, {"id": "546051378", "price": 0.4258, "amount": 38.0, "side": "buy", "timestamp": 1765496747298}, {"id": "546051379", "price": 0.4258, "amount": 8336.0, "side": "buy", "timestamp": 1765496747624}, {"id": "546051380", "price": 0.4259, "amount": 70.0, "side": "buy", "timestamp": 1765496747814}, {"id": "546051381", "price": 0.4259, "amount": 14.0, "side": "buy", "timestamp": 1765496752149}, {"id": "546051382", "price": 0.4259, "amount": 23.0, "side": "buy", "timestamp": 1765496753262}, {"id": "546051383", "price": 0.4258, "amount": 63.0, "side": "sell", "timestamp": 1765496753675}, {"id": "546051384", "price": 0.4258, "amount": 230.0, "side": "sell", "timestamp": 1765496754656}, {"id": "546051385", "price": 0.4258, "amount": 1035.0, "side": "sell", "timestamp": 1765496755583}, {"id": "546051386", "price": 0.4259, "amount": 4.0, "side": "buy", "timestamp": 1765496755693}, {"id": "546051387", "price": 0.4258, "amount": 105.0, "side": "sell", "timestamp": 1765496755860}, {"id": "546051388", "price": 0.4259, "amount": 115.0, "side": "buy", "timestamp": 1765496756026}, {"id": "546051389", "price": 0.4258, "amount": 70.0, "side": "sell", "timestamp": 1765496756062}, {"id": "546051390", "price": 0.4259, "amount": 455.0, "side": "buy", "timestamp": 1765496756310}, {"id": "546051391", "price": 0.4258, "amount": 4651.0, "side": "sell", "timestamp": 1765496756528}, {"id": "546051392", "price": 0.4259, "amount": 2348.0, "side": "buy", "timestamp": 1765496757410}, {"id": "546051393", "price": 0.4259, "amount": 44.0, "side": "buy", "timestamp": 1765496757869}, {"id": "546051394", "price": 0.4258, "amount": 23607.0, "side": "sell", "timestamp": 1765496758153}, {"id": "546051395", "price": 0.4258, "amount": 9.0, "side": "buy", "timestamp": 1765496758258}, {"id": "546051396", "price": 0.4257, "amount": 24.0, "side": "sell", "timestamp": 1765496759003}, {"id": "546051397", "price": 0.4257, "amount": 123.0, "side": "sell", "timestamp": 1765496759143}, {"id": "546051398", "price": 0.4258, "amount": 352.0, "side": "buy", "timestamp": 1765496760180}, {"id": "546051399", "price": 0.4258, "amount": 3.0, "side": "buy", "timestamp": 1765496760503}, {"id": "546051400", "price": 0.4257, "amount": 58.0, "side": "sell", "timestamp": 1765496760552}, {"id": "546051401", "price": 0.4258, "amount": 109.0, "side": "buy", "timestamp": 1765496760645}, {"id": "546051402", "price": 0.4257, "amount": 23.0, "side": "sell", "timestamp": 1765496761557}, {"id": "546051403", "price": 0.4257, "amount": 54.0, "side": "sell", "timestamp": 1765496762339}, {"id": "546051404", "price": 0.4258, "amount": 587.0, "side": "buy", "timestamp": 1765496762814}, {"id": "546051405", "price": 0.4257, "amount": 6553.0, "side": "sell", "timestamp": 1765496763352}, {"id": "546051406", "price": 0.4256, "amount": 53.0, "side": "sell", "timestamp": 1765496763590}, {"id": "546051407", "price": 0.4257, "amount": 214.0, "side": "buy", "timestamp": 1765496764466}, {"id": "546051408", "price": 0.4258, "amount": 37.0, "side": "buy", "timestamp": 1765496765023}, {"id": "546051409", "price": 0.4257, "amount": 47.0, "side": "sell", "timestamp": 1765496765343}, {"id": "546051410", "price": 0.4257, "amount": 746.0, "side": "sell", "timestamp": 1765496765791}, {"id": "546051460", "price": 0.425, "amount": 72526.0, "side": "sell", "timestamp": 1765496791473}, {"id": "546051461", "price": 0.4249, "amount": 1299.0, "side": "sell", "timestamp": 1765496791506}, {"id": "546051462", "price": 0.425, "amount": 4326.0, "side": "buy", "timestamp": 1765496792628}, {"id": "546051463", "price": 0.4249, "amount": 14190.0, "side": "sell", "timestamp": 1765496792981}, {"id": "546051464", "price": 0.425, "amount": 18.0, "side": "buy", "timestamp": 1765496794226}, {"id": "546051465", "price": 0.425, "amount": 15.0, "side": "buy", "timestamp": 1765496796367}, {"id": "546051466", "price": 0.4249, "amount": 1600.0, "side": "sell", "timestamp": 1765496796397}, {"id": "546051467", "price": 0.4249, "amount": 81.0, "side": "sell", "timestamp": 1765496796664}, {"id": "546051468", "price": 0.425, "amount": 13.0, "side": "buy", "timestamp": 1765496796680}, {"id": "546051469", "price": 0.425, "amount": 14.0, "side": "buy", "timestamp": 1765496797065}, {"id": "546051470", "price": 0.425, "amount": 15.0, "side": "buy", "timestamp": 1765496797762}, {"id": "546051471", "price": 0.425, "amount": 1514.0, "side": "buy", "timestamp": 1765496797919}, {"id": "546051472", "price": 0.4249, "amount": 1176.0, "side": "sell", "timestamp": 1765496798061}, {"id": "546051473", "price": 0.425, "amount": 19.0, "side": "buy", "timestamp": 1765496798114}, {"id": "546051474", "price": 0.4249, "amount": 558.0, "side": "sell", "timestamp": 1765496798145}, {"id": "546051475", "price": 0.425, "amount": 8959.0, "side": "buy", "timestamp": 1765496798227}, {"id": "546051476", "price": 0.425, "amount": 925.0, "side": "sell", "timestamp": 1765496798339}, {"id": "546051477", "price": 0.425, "amount": 36.0, "side": "sell", "timestamp": 1765496800419}, {"id": "546051478", "price": 0.4249, "amount": 25.0, "side": "sell", "timestamp": 1765496803068}, {"id": "546051479", "price": 0.425, "amount": 26.0, "side": "buy", "timestamp": 1765496803241}, {"id": "546051480", "price": 0.4249, "amount": 136.0, "side": "sell", "timestamp": 1765496803384}, {"id": "546051481", "price": 0.425, "amount": 49.0, "side": "buy", "timestamp": 1765496803593}, {"id": "546051482", "price": 0.425, "amount": 84.0, "side": "buy", "timestamp": 1765496805243}, {"id": "546051483", "price": 0.425, "amount": 117.0, "side": "buy", "timestamp": 1765496805562}, {"id": "546051484", "price": 0.4249, "amount": 611.0, "side": "sell", "timestamp": 1765496805904}, {"id": "546051485", "price": 0.425, "amount": 89.0, "side": "buy", "timestamp": 1765496805976}, {"id": "546051486", "price": 0.425, "amount": 5.0, "side": "buy", "timestamp": 1765496806152}, {"id": "546051487", "price": 0.425, "amount": 14.0, "side": "buy", "timestamp": 1765496806372}, {"id": "546051488", "price": 0.425, "amount": 14.0, "side": "buy", "timestamp": 1765496807076}, {"id": "546051489", "price": 0.425, "amount": 43.0, "side": "buy", "timestamp": 1765496807717}, {"id": "546051490", "price": 0.425, "amount": 14.0, "side": "buy", "timestamp": 1765496807929}, {"id": "546051491", "price": 0.4249, "amount": 68.0, "side": "sell", "timestamp": 1765496809311}, {"id": "546051492", "price": 0.425, "amount": 38.0, "side": "buy", "timestamp": 1765496811250}, {"id": "546051493", "price": 0.4249, "amount": 3811.0, "side": "sell", "timestamp": 1765496811520}, {"id": "546051494", "price": 0.425, "amount": 151.0, "side": "buy", "timestamp": 1765496812950}, {"id": "546051495", "price": 0.425, "amount": 41242.0, "side": "buy", "timestamp": 1765496813151}, {"id": "546051496", "price": 0.425, "amount": 172.0, "side": "buy", "timestamp": 1765496814003}, {"id": "546051497", "price": 0.425, "amount": 20.0, "side": "buy", "timestamp": 1765496814764}, {"id": "546051498", "price": 0.425, "amount": 871.0, "side": "buy", "timestamp": 1765496814959}, {"id": "546051499", "price": 0.4249, "amount": 2711.0, "side": "sell", "timestamp": 1765496815264}, {"id": "546051500", "price": 0.425, "amount": 11.0, "side": "buy", "timestamp": 1765496816379}, {"id": "546051501", "price": 0.425, "amount": 14.0, "side": "buy", "timestamp": 1765496817075}, {"id": "546051502", "price": 0.4249, "amount": 76.0, "side": "sell", "timestamp": 1765496817257}, {"id": "546051503", "price": 0.425, "amount": 15.0, "side": "buy", "timestamp": 1765496817777}, {"id": "546051504", "price": 0.4249, "amount": 21194.0, "side": "sell", "timestamp": 1765496817866}, {"id": "546051505", "price": 0.4249, "amount": 14.0, "side": "buy", "timestamp": 1765496818097}, {"id": "546051506", "price": 0.4249, "amount": 204.0, "side": "buy", "timestamp": 1765496818336}, {"id": "546051507", "price": 0.4248, "amount": 32.0, "side": "sell", "timestamp": 1765496818624}, {"id": "546051508", "price": 0.4249, "amount": 857.0, "side": "buy", "timestamp": 1765496818940}, {"id": "546051509", "price": 0.4249, "amount": 87.0, "side": "buy", "timestamp": 1765496819099}, {"id": "546051549", "price": 0.4249, "amount": 1272.0, "side": "sell", "timestamp": 1765496842541}, {"id": "546051550", "price": 0.4249, "amount": 28.0, "side": "sell", "timestamp": 1765496843726}, {"id": "546051551", "price": 0.425, "amount": 21038.0, "side": "buy", "timestamp": 1765496843761}, {"id": "546051552", "price": 0.4249, "amount": 1272.0, "side": "sell", "timestamp": 1765496843831}, {"id": "546051553", "price": 0.425, "amount": 115.0, "side": "buy", "timestamp": 1765496844163}, {"id": "546051554", "price": 0.425, "amount": 5.0, "side": "buy", "timestamp": 1765496844359}, {"id": "546051555", "price": 0.4249, "amount": 866.0, "side": "sell", "timestamp": 1765496844375}, {"id": "546051556", "price": 0.4249, "amount": 13.0, "side": "sell", "timestamp": 1765496846673}, {"id": "546051557", "price": 0.4249, "amount": 71.0, "side": "sell", "timestamp": 1765496847034}, {"id": "546051558", "price": 0.425, "amount": 14.0, "side": "buy", "timestamp": 1765496847073}, {"id": "546051559", "price": 0.425, "amount": 27.0, "side": "buy", "timestamp": 1765496847708}, {"id": "546051560", "price": 0.4249, "amount": 103.0, "side": "sell", "timestamp": 1765496847925}, {"id": "546051561", "price": 0.425, "amount": 14.0, "side": "buy", "timestamp": 1765496847931}, {"id": "546051562", "price": 0.425, "amount": 19.0, "side": "buy", "timestamp": 1765496849399}, {"id": "546051563", "price": 0.425, "amount": 548.0, "side": "buy", "timestamp": 1765496850231}, {"id": "546051564", "price": 0.4249, "amount": 370.0, "side": "sell", "timestamp": 1765496851462}, {"id": "546051565", "price": 0.425, "amount": 417.0, "side": "buy", "timestamp": 1765496851588}, {"id": "546051566", "price": 0.425, "amount": 20736.0, "side": "buy", "timestamp": 1765496852657}, {"id": "546051567", "price": 0.425, "amount": 1066.0, "side": "sell", "timestamp": 1765496852699}, {"id": "546051568", "price": 0.425, "amount": 636.0, "side": "sell", "timestamp": 1765496853272}, {"id": "546051569", "price": 0.425, "amount": 234.0, "side": "sell", "timestamp": 1765496854838}, {"id": "546051570", "price": 0.4251, "amount": 6.0, "side": "buy", "timestamp": 1765496855747}, {"id": "546051571", "price": 0.425, "amount": 23346.0, "side": "sell", "timestamp": 1765496855843}, {"id": "546051572", "price": 0.425, "amount": 8631.0, "side": "sell", "timestamp": 1765496855997}, {"id": "546051573", "price": 0.425, "amount": 1783.0, "side": "buy", "timestamp": 1765496856003}, {"id": "546051574", "price": 0.4249, "amount": 983.0, "side": "sell", "timestamp": 1765496856040}, {"id": "546051575", "price": 0.425, "amount": 14.0, "side": "buy", "timestamp": 1765496857059}, {"id": "546051576", "price": 0.425, "amount": 24.0, "side": "buy", "timestamp": 1765496857759}, {"id": "546051577", "price": 0.425, "amount": 14.0, "side": "buy", "timestamp": 1765496857917}, {"id": "546051578", "price": 0.4249, "amount": 141.0, "side": "sell", "timestamp": 1765496858549}, {"id": "546051579", "price": 0.425, "amount": 15.0, "side": "buy", "timestamp": 1765496859893}, {"id": "546051580", "price": 0.4249, "amount": 636.0, "side": "sell", "timestamp": 1765496860073}, {"id": "546051581", "price": 0.425, "amount": 10.0, "side": "buy", "timestamp": 1765496860550}, {"id": "546051582", "price": 0.425, "amount": 7.0, "side": "buy", "timestamp": 1765496863058}, {"id": "546051583", "price": 0.4249, "amount": 176.0, "side": "sell", "timestamp": 1765496864009}, {"id": "546051584", "price": 0.425, "amount": 176.0, "side": "buy", "timestamp": 1765496864306}, {"id": "546051585", "price": 0.425, "amount": 26.0, "side": "buy", "timestamp": 1765496866362}, {"id": "546051586", "price": 0.425, "amount": 10.0, "side": "buy", "timestamp": 1765496866779}, {"id": "546051587", "price": 0.425, "amount": 24.0, "side": "buy", "timestamp": 1765496867067}, {"id": "546051588", "price": 0.425, "amount": 10.0, "side": "buy", "timestamp": 1765496867247}, {"id": "546051589", "price": 0.4249, "amount": 24.0, "side": "sell", "timestamp": 1765496867394}, {"id": "546051590", "price": 0.425, "amount": 14.0, "side": "buy", "timestamp": 1765496867926}, {"id": "546051591", "price": 0.425, "amount": 242.0, "side": "buy", "timestamp": 1765496869464}, {"id": "546051592", "price": 0.425, "amount": 248.0, "side": "buy", "timestamp": 1765496869792}, {"id": "546051593", "price": 0.4249, "amount": 636.0, "side": "sell", "timestamp": 1765496870108}, {"id": "546051594", "price": 0.4249, "amount": 35693.0, "side": "sell", "timestamp": 1765496870342}, {"id": "546051595", "price": 0.4248, "amount": 4707.0, "side": "sell", "timestamp": 1765496870692}, {"id": "546051596", "price": 0.4248, "amount": 4642.0, "side": "buy", "timestamp": 1765496870820}, {"id": "546051597", "price": 0.4247, "amount": 9091.0, "side": "sell", "timestamp": 1765496871328}, {"id": "546051598", "price": 0.4248, "amount": 23.0, "side": "buy", "timestamp": 1765496871395}, {"id": "546051613", "price": 0.4248, "amount": 651.0, "side": "buy", "timestamp": 1765496880717}, {"id": "546051614", "price": 0.4247, "amount": 167.0, "side": "sell", "timestamp": 1765496882074}, {"id": "546051615", "price": 0.4247, "amount": 14.0, "side": "sell", "timestamp": 1765496883127}, {"id": "546051616", "price": 0.4247, "amount": 96.0, "side": "sell", "timestamp": 1765496883370}, {"id": "546051617", "price": 0.4248, "amount": 25.0, "side": "buy", "timestamp": 1765496885293}, {"id": "546051618", "price": 0.4247, "amount": 134.0, "side": "sell", "timestamp": 1765496885347}, {"id": "546051619", "price": 0.4248, "amount": 9.0, "side": "buy", "timestamp": 1765496886194}, {"id": "546051620", "price": 0.4248, "amount": 14.0, "side": "buy", "timestamp": 1765496887919}, {"id": "546051621", "price": 0.4247, "amount": 58.0, "side": "sell", "timestamp": 1765496888212}, {"id": "546051622", "price": 0.4248, "amount": 235.0, "side": "buy", "timestamp": 1765496888230}, {"id": "546051623", "price": 0.4248, "amount": 47.0, "side": "buy", "timestamp": 1765496889595}, {"id": "546051624", "price": 0.4248, "amount": 32.0, "side": "buy", "timestamp": 1765496889729}, {"id": "546051625", "price": 0.4247, "amount": 31633.0, "side": "sell", "timestamp": 1765496890494}, {"id": "546051626", "price": 0.4248, "amount": 11.0, "side": "buy", "timestamp": 1765496892195}, {"id": "546051627", "price": 0.4247, "amount": 326.0, "side": "sell", "timestamp": 1765496892721}, {"id": "546051628", "price": 0.4248, "amount": 11.0, "side": "buy", "timestamp": 1765496892852}, {"id": "546051629", "price": 0.4248, "amount": 7.0, "side": "buy", "timestamp": 1765496893367}, {"id": "546051630", "price": 0.4248, "amount": 1106.0, "side": "buy", "timestamp": 1765496893499}, {"id": "546051631", "price": 0.4248, "amount": 1059.0, "side": "buy", "timestamp": 1765496894656}, {"id": "546051632", "price": 0.4247, "amount": 24.0, "side": "sell", "timestamp": 1765496894853}, {"id": "546051633", "price": 0.4247, "amount": 24.0, "side": "sell", "timestamp": 1765496895210}, {"id": "546051634", "price": 0.4247, "amount": 362.0, "side": "sell", "timestamp": 1765496895502}, {"id": "546051635", "price": 0.4248, "amount": 1165.0, "side": "buy", "timestamp": 1765496895842}, {"id": "546051636", "price": 0.4247, "amount": 24.0, "side": "sell", "timestamp": 1765496896494}, {"id": "546051637", "price": 0.4247, "amount": 13218.0, "side": "sell", "timestamp": 1765496896832}, {"id": "546051638", "price": 0.4248, "amount": 707.0, "side": "buy", "timestamp": 1765496897059}, {"id": "546051639", "price": 0.4247, "amount": 23.0, "side": "sell", "timestamp": 1765496897267}, {"id": "546051640", "price": 0.4248, "amount": 14.0, "side": "buy", "timestamp": 1765496897918}, {"id": "546051641", "price": 0.4247, "amount": 24.0, "side": "sell", "timestamp": 1765496900166}, {"id": "546051642", "price": 0.4248, "amount": 18.0, "side": "buy", "timestamp": 1765496900281}, {"id": "546051643", "price": 0.4247, "amount": 883.0, "side": "sell", "timestamp": 1765496900983}, {"id": "546051644", "price": 0.4248, "amount": 68.0, "side": "buy", "timestamp": 1765496901301}, {"id": "546051645", "price": 0.4247, "amount": 14.0, "side": "sell", "timestamp": 1765496903858}, {"id": "546051646", "price": 0.4248, "amount": 10.0, "side": "buy", "timestamp": 1765496905431}, {"id": "546051647", "price": 0.4248, "amount": 70.0, "side": "buy", "timestamp": 1765496907473}, {"id": "546051648", "price": 0.4248, "amount": 19.0, "side": "buy", "timestamp": 1765496907923}, {"id": "546051649", "price": 0.4248, "amount": 6.0, "side": "buy", "timestamp": 1765496908566}, {"id": "546051650", "price": 0.4248, "amount": 104.0, "side": "buy", "timestamp": 1765496909218}, {"id": "546051651", "price": 0.4247, "amount": 24.0, "side": "sell", "timestamp": 1765496909620}, {"id": "546051652", "price": 0.4247, "amount": 356.0, "side": "sell", "timestamp": 1765496909908}, {"id": "546051653", "price": 0.4247, "amount": 324.0, "side": "sell", "timestamp": 1765496910194}, {"id": "546051654", "price": 0.4248, "amount": 4856.0, "side": "buy", "timestamp": 1765496910446}, {"id": "546051655", "price": 0.4248, "amount": 2.0, "side": "buy", "timestamp": 1765496910837}, {"id": "546051656", "price": 0.4248, "amount": 96.0, "side": "buy", "timestamp": 1765496914948}, {"id": "546051657", "price": 0.4248, "amount": 65.0, "side": "buy", "timestamp": 1765496915726}, {"id": "546051658", "price": 0.4248, "amount": 3825.0, "side": "buy", "timestamp": 1765496916747}, {"id": "546051659", "price": 0.4248, "amount": 97.0, "side": "buy", "timestamp": 1765496917393}, {"id": "546051660", "price": 0.4248, "amount": 11.0, "side": "buy", "timestamp": 1765496918471}, {"id": "546051661", "price": 0.4248, "amount": 114.0, "side": "buy", "timestamp": 1765496919951}, {"id": "546051662", "price": 0.4247, "amount": 417.0, "side": "sell", "timestamp": 1765496923504}, {"id": "546051717", "price": 0.4249, "amount": 2.0, "side": "buy", "timestamp": 1765496952230}, {"id": "546051718", "price": 0.4248, "amount": 91.0, "side": "sell", "timestamp": 1765496952683}, {"id": "546051719", "price": 0.4248, "amount": 9.0, "side": "sell", "timestamp": 1765496954141}, {"id": "546051720", "price": 0.4248, "amount": 18.0, "side": "sell", "timestamp": 1765496954846}, {"id": "546051721", "price": 0.4248, "amount": 32.0, "side": "sell", "timestamp": 1765496955211}, {"id": "546051722", "price": 0.4248, "amount": 23.0, "side": "sell", "timestamp": 1765496955955}, {"id": "546051723", "price": 0.4248, "amount": 10.0, "side": "sell", "timestamp": 1765496956235}, {"id": "546051724", "price": 0.4248, "amount": 8.0, "side": "sell", "timestamp": 1765496957428}, {"id": "546051725", "price": 0.4249, "amount": 2.0, "side": "buy", "timestamp": 1765496958340}, {"id": "546051726", "price": 0.4248, "amount": 74.0, "side": "sell", "timestamp": 1765496958432}, {"id": "546051727", "price": 0.4248, "amount": 340.0, "side": "sell", "timestamp": 1765496958569}, {"id": "546051728", "price": 0.4248, "amount": 14.0, "side": "sell", "timestamp": 1765496959561}, {"id": "546051729", "price": 0.4248, "amount": 22343.0, "side": "sell", "timestamp": 1765496960465}, {"id": "546051730", "price": 0.4247, "amount": 7.0, "side": "sell", "timestamp": 1765496960675}, {"id": "546051731", "price": 0.4248, "amount": 18.0, "side": "buy", "timestamp": 1765496960900}, {"id": "546051732", "price": 0.4247, "amount": 79.0, "side": "sell", "timestamp": 1765496961729}, {"id": "546051733", "price": 0.4247, "amount": 13.0, "side": "sell", "timestamp": 1765496961943}, {"id": "546051734", "price": 0.4248, "amount": 9.0, "side": "buy", "timestamp": 1765496962692}, {"id": "546051735", "price": 0.4247, "amount": 15.0, "side": "sell", "timestamp": 1765496963273}, {"id": "546051736", "price": 0.4247, "amount": 19729.0, "side": "sell", "timestamp": 1765496963517}, {"id": "546051737", "price": 0.4248, "amount": 2543.0, "side": "buy", "timestamp": 1765496964228}, {"id": "546051738", "price": 0.4247, "amount": 9.0, "side": "sell", "timestamp": 1765496964555}, {"id": "546051739", "price": 0.4248, "amount": 470.0, "side": "buy", "timestamp": 1765496964964}, {"id": "546051740", "price": 0.4247, "amount": 16.0, "side": "sell", "timestamp": 1765496965679}, {"id": "546051741", "price": 0.4248, "amount": 9.0, "side": "buy", "timestamp": 1765496965984}, {"id": "546051742", "price": 0.4247, "amount": 17.0, "side": "sell", "timestamp": 1765496966783}, {"id": "546051743", "price": 0.4248, "amount": 71.0, "side": "buy", "timestamp": 1765496967520}, {"id": "546051744", "price": 0.4247, "amount": 15.0, "side": "sell", "timestamp": 1765496967764}, {"id": "546051745", "price": 0.4248, "amount": 51.0, "side": "buy", "timestamp": 1765496967906}, {"id": "546051746", "price": 0.4248, "amount": 129.0, "side": "buy", "timestamp": 1765496968049}, {"id": "546051747", "price": 0.4247, "amount": 13.0, "side": "sell", "timestamp": 1765496968811}, {"id": "546051748", "price": 0.4248, "amount": 13.0, "side": "buy", "timestamp": 1765496969196}, {"id": "546051749", "price": 0.4248, "amount": 11.0, "side": "buy", "timestamp": 1765496969315}, {"id": "546051750", "price": 0.4247, "amount": 256.0, "side": "sell", "timestamp": 1765496969790}, {"id": "546051751", "price": 0.4247, "amount": 12.0, "side": "sell", "timestamp": 1765496970101}, {"id": "546051752", "price": 0.4247, "amount": 8524.0, "side": "sell", "timestamp": 1765496970211}, {"id": "546051753", "price": 0.4247, "amount": 7.0, "side": "sell", "timestamp": 1765496971155}, {"id": "546051754", "price": 0.4248, "amount": 3.0, "side": "buy", "timestamp": 1765496971374}, {"id": "546051755", "price": 0.4247, "amount": 18.0, "side": "sell", "timestamp": 1765496972145}, {"id": "546051756", "price": 0.4248, "amount": 2292.0, "side": "buy", "timestamp": 1765496972146}, {"id": "546051757", "price": 0.4247, "amount": 7.0, "side": "sell", "timestamp": 1765496972338}, {"id": "546051758", "price": 0.4247, "amount": 9.0, "side": "sell", "timestamp": 1765496973261}, {"id": "546051759", "price": 0.4248, "amount": 8124.0, "side": "buy", "timestamp": 1765496973382}, {"id": "546051760", "price": 0.4249, "amount": 6474.0, "side": "buy", "timestamp": 1765496974122}, {"id": "546051761", "price": 0.4249, "amount": 19.0, "side": "sell", "timestamp": 1765496974464}, {"id": "546051762", "price": 0.4249, "amount": 21.0, "side": "sell", "timestamp": 1765496975377}, {"id": "546051763", "price": 0.425, "amount": 4.0, "side": "buy", "timestamp": 1765496976273}, {"id": "546051764", "price": 0.4249, "amount": 25.0, "side": "sell", "timestamp": 1765496976514}, {"id": "546051765", "price": 0.4249, "amount": 165.0, "side": "sell", "timestamp": 1765496977424}, {"id": "546051766", "price": 0.4249, "amount": 11.0, "side": "sell", "timestamp": 1765496977611}, {"id": "546051810", "price": 0.4248, "amount": 3.0, "side": "sell", "timestamp": 1765496999863}, {"id": "546051811", "price": 0.4248, "amount": 437.0, "side": "sell", "timestamp": 1765497000121}, {"id": "546051812", "price": 0.4249, "amount": 35592.0, "side": "buy", "timestamp": 1765497000605}, {"id": "546051813", "price": 0.4249, "amount": 7.0, "side": "sell", "timestamp": 1765497000644}, {"id": "546051814", "price": 0.4249, "amount": 2831.0, "side": "sell", "timestamp": 1765497000804}, {"id": "546051815", "price": 0.4249, "amount": 3.0, "side": "sell", "timestamp": 1765497002287}, {"id": "546051816", "price": 0.425, "amount": 11.0, "side": "buy", "timestamp": 1765497002421}, {"id": "546051817", "price": 0.425, "amount": 76.0, "side": "buy", "timestamp": 1765497002695}, {"id": "546051818", "price": 0.4249, "amount": 31.0, "side": "sell", "timestamp": 1765497002762}, {"id": "546051819", "price": 0.4249, "amount": 70.0, "side": "sell", "timestamp": 1765497003290}, {"id": "546051820", "price": 0.4249, "amount": 4.0, "side": "sell", "timestamp": 1765497004344}, {"id": "546051821", "price": 0.425, "amount": 477.0, "side": "buy", "timestamp": 1765497004717}, {"id": "546051822", "price": 0.4249, "amount": 8.0, "side": "sell", "timestamp": 1765497005439}, {"id": "546051823", "price": 0.425, "amount": 70.0, "side": "buy", "timestamp": 1765497005796}, {"id": "546051824", "price": 0.4249, "amount": 7.0, "side": "sell", "timestamp": 1765497006423}, {"id": "546051825", "price": 0.4249, "amount": 5.0, "side": "sell", "timestamp": 1765497007436}, {"id": "546051826", "price": 0.425, "amount": 12810.0, "side": "buy", "timestamp": 1765497008021}, {"id": "546051827", "price": 0.425, "amount": 2548.0, "side": "sell", "timestamp": 1765497008137}, {"id": "546051828", "price": 0.4251, "amount": 82.0, "side": "buy", "timestamp": 1765497008430}, {"id": "546051829", "price": 0.425, "amount": 7.0, "side": "sell", "timestamp": 1765497008706}, {"id": "546051830", "price": 0.4251, "amount": 12.0, "side": "buy", "timestamp": 1765497009806}, {"id": "546051831", "price": 0.425, "amount": 6.0, "side": "sell", "timestamp": 1765497009971}, {"id": "546051832", "price": 0.4251, "amount": 16.0, "side": "buy", "timestamp": 1765497009976}, {"id": "546051833", "price": 0.4251, "amount": 115.0, "side": "buy", "timestamp": 1765497010360}, {"id": "546051834", "price": 0.425, "amount": 4325.0, "side": "sell", "timestamp": 1765497010852}, {"id": "546051835", "price": 0.425, "amount": 5.0, "side": "sell", "timestamp": 1765497011168}, {"id": "546051836", "price": 0.4251, "amount": 38.0, "side": "buy", "timestamp": 1765497011591}, {"id": "546051837", "price": 0.4251, "amount": 8.0, "side": "buy", "timestamp": 1765497012848}, {"id": "546051838", "price": 0.4251, "amount": 5.0, "side": "buy", "timestamp": 1765497013937}, {"id": "546051839", "price": 0.425, "amount": 16.0, "side": "sell", "timestamp": 1765497014867}, {"id": "546051840", "price": 0.4251, "amount": 6.0, "side": "buy", "timestamp": 1765497015109}, {"id": "546051841", "price": 0.425, "amount": 24.0, "side": "sell", "timestamp": 1765497015210}, {"id": "546051842", "price": 0.4251, "amount": 25.0, "side": "buy", "timestamp": 1765497016638}, {"id": "546051843", "price": 0.425, "amount": 5395.0, "side": "sell", "timestamp": 1765497018167}, {"id": "546051844", "price": 0.4251, "amount": 7.0, "side": "buy", "timestamp": 1765497020541}, {"id": "546051845", "price": 0.425, "amount": 9125.0, "side": "sell", "timestamp": 1765497020543}, {"id": "546051846", "price": 0.425, "amount": 2482.0, "side": "buy", "timestamp": 1765497023627}, {"id": "546051847", "price": 0.425, "amount": 28.0, "side": "sell", "timestamp": 1765497023726}, {"id": "546051848", "price": 0.4251, "amount": 16.0, "side": "buy", "timestamp": 1765497023918}, {"id": "546051849", "price": 0.425, "amount": 75.0, "side": "sell", "timestamp": 1765497024743}, {"id": "546051850", "price": 0.4251, "amount": 190.0, "side": "buy", "timestamp": 1765497025757}, {"id": "546051851", "price": 0.4251, "amount": 6.0, "side": "buy", "timestamp": 1765497026626}, {"id": "546051852", "price": 0.425, "amount": 70.0, "side": "sell", "timestamp": 1765497027779}, {"id": "546051853", "price": 0.4251, "amount": 29.0, "side": "buy", "timestamp": 1765497028263}, {"id": "546051854", "price": 0.4251, "amount": 12.0, "side": "buy", "timestamp": 1765497028474}, {"id": "546051855", "price": 0.425, "amount": 300.0, "side": "sell", "timestamp": 1765497029363}, {"id": "546051856", "price": 0.4251, "amount": 16.0, "side": "buy", "timestamp": 1765497029985}, {"id": "546051857", "price": 0.425, "amount": 24.0, "side": "sell", "timestamp": 1765497030222}, {"id": "546051858", "price": 0.4251, "amount": 21656.0, "side": "buy", "timestamp": 1765497030435}, {"id": "546051859", "price": 0.4252, "amount": 70.0, "side": "buy", "timestamp": 1765497030542}, {"id": "546051882", "price": 0.4253, "amount": 18218.0, "side": "buy", "timestamp": 1765497052917}, {"id": "546051883", "price": 0.4254, "amount": 404.0, "side": "buy", "timestamp": 1765497052934}, {"id": "546051884", "price": 0.4254, "amount": 11.0, "side": "buy", "timestamp": 1765497054091}, {"id": "546051885", "price": 0.4253, "amount": 207.0, "side": "sell", "timestamp": 1765497054978}, {"id": "546051886", "price": 0.4253, "amount": 36.0, "side": "sell", "timestamp": 1765497055625}, {"id": "546051887", "price": 0.4254, "amount": 37.0, "side": "buy", "timestamp": 1765497055628}, {"id": "546051888", "price": 0.4253, "amount": 704.0, "side": "sell", "timestamp": 1765497055897}, {"id": "546051889", "price": 0.4253, "amount": 235.0, "side": "sell", "timestamp": 1765497057470}, {"id": "546051890", "price": 0.4254, "amount": 2582.0, "side": "buy", "timestamp": 1765497058004}, {"id": "546051891", "price": 0.4254, "amount": 28.0, "side": "buy", "timestamp": 1765497058490}, {"id": "546051892", "price": 0.4253, "amount": 21.0, "side": "sell", "timestamp": 1765497059278}, {"id": "546051893", "price": 0.4253, "amount": 28.0, "side": "sell", "timestamp": 1765497059720}, {"id": "546051894", "price": 0.4253, "amount": 149.0, "side": "sell", "timestamp": 1765497060271}, {"id": "546051895", "price": 0.4253, "amount": 7329.0, "side": "sell", "timestamp": 1765497061046}, {"id": "546051896", "price": 0.4253, "amount": 24.0, "side": "buy", "timestamp": 1765497061962}, {"id": "546051897", "price": 0.4252, "amount": 955.0, "side": "sell", "timestamp": 1765497061966}, {"id": "546051898", "price": 0.4253, "amount": 28.0, "side": "buy", "timestamp": 1765497062482}, {"id": "546051899", "price": 0.4252, "amount": 105.0, "side": "sell", "timestamp": 1765497062893}, {"id": "546051900", "price": 0.4253, "amount": 5454.0, "side": "buy", "timestamp": 1765497063270}, {"id": "546051901", "price": 0.4253, "amount": 2126.0, "side": "buy", "timestamp": 1765497063398}, {"id": "546051902", "price": 0.4252, "amount": 58.0, "side": "sell", "timestamp": 1765497063550}, {"id": "546051903", "price": 0.4253, "amount": 12.0, "side": "buy", "timestamp": 1765497064918}, {"id": "546051904", "price": 0.4253, "amount": 37.0, "side": "buy", "timestamp": 1765497065036}, {"id": "546051905", "price": 0.4253, "amount": 27.0, "side": "buy", "timestamp": 1765497065179}, {"id": "546051906", "price": 0.4253, "amount": 22.0, "side": "buy", "timestamp": 1765497065488}, {"id": "546051907", "price": 0.4253, "amount": 6.0, "side": "buy", "timestamp": 1765497065784}, {"id": "546051908", "price": 0.4253, "amount": 234.0, "side": "buy", "timestamp": 1765497066379}, {"id": "546051909", "price": 0.4252, "amount": 59.0, "side": "sell", "timestamp": 1765497066844}, {"id": "546051910", "price": 0.4253, "amount": 6.0, "side": "buy", "timestamp": 1765497067624}, {"id": "546051911", "price": 0.4253, "amount": 14.0, "side": "buy", "timestamp": 1765497069731}, {"id": "546051912", "price": 0.4253, "amount": 19.0, "side": "buy", "timestamp": 1765497069928}, {"id": "546051913", "price": 0.4253, "amount": 32.0, "side": "buy", "timestamp": 1765497072153}, {"id": "546051914", "price": 0.4252, "amount": 3023.0, "side": "sell", "timestamp": 1765497072794}, {"id": "546051915", "price": 0.4253, "amount": 1.0, "side": "buy", "timestamp": 1765497072911}, {"id": "546051916", "price": 0.4253, "amount": 4.0, "side": "buy", "timestamp": 1765497073875}, {"id": "546051917", "price": 0.4252, "amount": 107.0, "side": "sell", "timestamp": 1765497074020}, {"id": "546051918", "price": 0.4252, "amount": 118.0, "side": "sell", "timestamp": 1765497074351}, {"id": "546051919", "price": 0.4253, "amount": 60.0, "side": "buy", "timestamp": 1765497074966}, {"id": "546051920", "price": 0.4253, "amount": 8262.0, "side": "buy", "timestamp": 1765497075087}, {"id": "546051921", "price": 0.4253, "amount": 43825.0, "side": "buy", "timestamp": 1765497075373}, {"id": "546051922", "price": 0.4254, "amount": 15.0, "side": "buy", "timestamp": 1765497076232}, {"id": "546051923", "price": 0.4254, "amount": 19.0, "side": "buy", "timestamp": 1765497076894}, {"id": "546051924", "price": 0.4254, "amount": 67.0, "side": "buy", "timestamp": 1765497077189}, {"id": "546051925", "price": 0.4254, "amount": 1.0, "side": "buy", "timestamp": 1765497078337}, {"id": "546051926", "price": 0.4254, "amount": 1.0, "side": "buy", "timestamp": 1765497078932}, {"id": "546051927", "price": 0.4254, "amount": 74.0, "side": "buy", "timestamp": 1765497079062}, {"id": "546051928", "price": 0.4254, "amount": 19.0, "side": "buy", "timestamp": 1765497079212}, {"id": "546051929", "price": 0.4253, "amount": 14.0, "side": "sell", "timestamp": 1765497080060}, {"id": "546051930", "price": 0.4253, "amount": 188.0, "side": "sell", "timestamp": 1765497082619}, {"id": "546051931", "price": 0.4254, "amount": 81.0, "side": "buy", "timestamp": 1765497083798}, {"id": "546051980", "price": 0.4255, "amount": 247.0, "side": "sell", "timestamp": 1765497106755}, {"id": "546051981", "price": 0.4255, "amount": 1554.0, "side": "sell", "timestamp": 1765497106949}, {"id": "546051982", "price": 0.4255, "amount": 442.0, "side": "buy", "timestamp": 1765497107712}, {"id": "546051983", "price": 0.4254, "amount": 15.0, "side": "sell", "timestamp": 1765497108031}, {"id": "546051984", "price": 0.4255, "amount": 40661.0, "side": "buy", "timestamp": 1765497109155}, {"id": "546051985", "price": 0.4256, "amount": 11187.0, "side": "buy", "timestamp": 1765497109183}, {"id": "546051986", "price": 0.4257, "amount": 8424.0, "side": "buy", "timestamp": 1765497109228}, {"id": "546051987", "price": 0.4257, "amount": 20300.0, "side": "buy", "timestamp": 1765497109394}, {"id": "546051988", "price": 0.4258, "amount": 3.0, "side": "buy", "timestamp": 1765497109464}, {"id": "546051989", "price": 0.4257, "amount": 513.0, "side": "sell", "timestamp": 1765497109583}, {"id": "546051990", "price": 0.4258, "amount": 1566.0, "side": "buy", "timestamp": 1765497109812}, {"id": "546051991", "price": 0.4257, "amount": 483.0, "side": "sell", "timestamp": 1765497110065}, {"id": "546051992", "price": 0.4258, "amount": 95.0, "side": "buy", "timestamp": 1765497110242}, {"id": "546051993", "price": 0.4258, "amount": 70.0, "side": "buy", "timestamp": 1765497110463}, {"id": "546051994", "price": 0.4257, "amount": 1067.0, "side": "sell", "timestamp": 1765497111309}, {"id": "546051995", "price": 0.4257, "amount": 16196.0, "side": "sell", "timestamp": 1765497112415}, {"id": "546051996", "price": 0.4256, "amount": 11036.0, "side": "sell", "timestamp": 1765497112575}, {"id": "546051997", "price": 0.4255, "amount": 19.0, "side": "sell", "timestamp": 1765497113400}, {"id": "546051998", "price": 0.4256, "amount": 15.0, "side": "buy", "timestamp": 1765497113931}, {"id": "546051999", "price": 0.4256, "amount": 163.0, "side": "buy", "timestamp": 1765497114832}, {"id": "546052000", "price": 0.4256, "amount": 4.0, "side": "buy", "timestamp": 1765497115227}, {"id": "546052001", "price": 0.4255, "amount": 101.0, "side": "sell", "timestamp": 1765497115245}, {"id": "546052002", "price": 0.4256, "amount": 5.0, "side": "buy", "timestamp": 1765497117059}, {"id": "546052003", "price": 0.4256, "amount": 208.0, "side": "buy", "timestamp": 1765497120211}, {"id": "546052004", "price": 0.4256, "amount": 29.0, "side": "buy", "timestamp": 1765497120530}, {"id": "546052005", "price": 0.4256, "amount": 6.0, "side": "buy", "timestamp": 1765497122992}, {"id": "546052006", "price": 0.4255, "amount": 52.0, "side": "sell", "timestamp": 1765497123378}, {"id": "546052007", "price": 0.4255, "amount": 73.0, "side": "sell", "timestamp": 1765497124645}, {"id": "546052008", "price": 0.4256, "amount": 40.0, "side": "buy", "timestamp": 1765497125032}, {"id": "546052009", "price": 0.4256, "amount": 14.0, "side": "buy", "timestamp": 1765497125327}, {"id": "546052010", "price": 0.4256, "amount": 15.0, "side": "buy", "timestamp": 1765497125491}, {"id": "546052011", "price": 0.4255, "amount": 20.0, "side": "sell", "timestamp": 1765497125747}, {"id": "546052012", "price": 0.4256, "amount": 12.0, "side": "buy", "timestamp": 1765497125792}, {"id": "546052013", "price": 0.4256, "amount": 5329.0, "side": "buy", "timestamp": 1765497127806}, {"id": "546052014", "price": 0.4255, "amount": 15.0, "side": "sell", "timestamp": 1765497127854}, {"id": "546052015", "price": 0.4256, "amount": 18.0, "side": "buy", "timestamp": 1765497127974}, {"id": "546052016", "price": 0.4256, "amount": 22.0, "side": "buy", "timestamp": 1765497129745}, {"id": "546052017", "price": 0.4256, "amount": 16.0, "side": "buy", "timestamp": 1765497130053}, {"id": "546052018", "price": 0.4256, "amount": 11.0, "side": "buy", "timestamp": 1765497130638}, {"id": "546052019", "price": 0.4255, "amount": 27958.0, "side": "sell", "timestamp": 1765497131369}, {"id": "546052020", "price": 0.4254, "amount": 29.0, "side": "sell", "timestamp": 1765497131723}, {"id": "546052021", "price": 0.4254, "amount": 3435.0, "side": "sell", "timestamp": 1765497131992}, {"id": "546052022", "price": 0.4254, "amount": 5.0, "side": "buy", "timestamp": 1765497133531}, {"id": "546052023", "price": 0.4253, "amount": 11457.0, "side": "sell", "timestamp": 1765497133549}, {"id": "546052024", "price": 0.4253, "amount": 83.0, "side": "buy", "timestamp": 1765497133561}, {"id": "546052025", "price": 0.4252, "amount": 29.0, "side": "sell", "timestamp": 1765497134936}, {"id": "546052026", "price": 0.4253, "amount": 133.0, "side": "buy", "timestamp": 1765497135061}, {"id": "546052027", "price": 0.4253, "amount": 5.0, "side": "buy", "timestamp": 1765497135967}, {"id": "546052028", "price": 0.4253, "amount": 63.0, "side": "buy", "timestamp": 1765497136561}, {"id": "546052029", "price": 0.4253, "amount": 4.0, "side": "buy", "timestamp": 1765497136910}, {"id": "546052075", "price": 0.4249, "amount": 17.0, "side": "sell", "timestamp": 1765497170884}, {"id": "546052076", "price": 0.4249, "amount": 34156.0, "side": "sell", "timestamp": 1765497171004}, {"id": "546052077", "price": 0.4248, "amount": 1329.0, "side": "sell", "timestamp": 1765497171138}, {"id": "546052078", "price": 0.4248, "amount": 29.0, "side": "sell", "timestamp": 1765497171421}, {"id": "546052079", "price": 0.4248, "amount": 47.0, "side": "sell", "timestamp": 1765497172262}, {"id": "546052080", "price": 0.4249, "amount": 1.0, "side": "buy", "timestamp": 1765497172266}, {"id": "546052081", "price": 0.4248, "amount": 366.0, "side": "sell", "timestamp": 1765497172408}, {"id": "546052082", "price": 0.4248, "amount": 31.0, "side": "sell", "timestamp": 1765497172782}, {"id": "546052083", "price": 0.4249, "amount": 1.0, "side": "buy", "timestamp": 1765497173439}, {"id": "546052084", "price": 0.4248, "amount": 1091.0, "side": "sell", "timestamp": 1765497174176}, {"id": "546052085", "price": 0.4249, "amount": 1.0, "side": "buy", "timestamp": 1765497174612}, {"id": "546052086", "price": 0.4248, "amount": 19.0, "side": "sell", "timestamp": 1765497175484}, {"id": "546052087", "price": 0.4249, "amount": 1.0, "side": "buy", "timestamp": 1765497175634}, {"id": "546052088", "price": 0.4249, "amount": 3.0, "side": "buy", "timestamp": 1765497176758}, {"id": "546052089", "price": 0.4249, "amount": 3.0, "side": "buy", "timestamp": 1765497177944}, {"id": "546052090", "price": 0.4248, "amount": 350.0, "side": "sell", "timestamp": 1765497178644}, {"id": "546052091", "price": 0.4249, "amount": 4.0, "side": "buy", "timestamp": 1765497178990}, {"id": "546052092", "price": 0.4248, "amount": 174.0, "side": "sell", "timestamp": 1765497179374}, {"id": "546052093", "price": 0.4248, "amount": 953.0, "side": "sell", "timestamp": 1765497179511}, {"id": "546052094", "price": 0.4249, "amount": 61.0, "side": "buy", "timestamp": 1765497179979}, {"id": "546052095", "price": 0.4249, "amount": 9.0, "side": "buy", "timestamp": 1765497180201}, {"id": "546052096", "price": 0.4249, "amount": 12.0, "side": "buy", "timestamp": 1765497180685}, {"id": "546052097", "price": 0.4249, "amount": 3.0, "side": "buy", "timestamp": 1765497181476}, {"id": "546052098", "price": 0.4249, "amount": 11.0, "side": "buy", "timestamp": 1765497181917}, {"id": "546052099", "price": 0.4248, "amount": 23.0, "side": "sell", "timestamp": 1765497182534}, {"id": "546052100", "price": 0.4249, "amount": 14.0, "side": "buy", "timestamp": 1765497182716}, {"id": "546052101", "price": 0.4248, "amount": 9764.0, "side": "sell", "timestamp": 1765497182891}, {"id": "546052102", "price": 0.4249, "amount": 15.0, "side": "buy", "timestamp": 1765497183179}, {"id": "546052103", "price": 0.4248, "amount": 214.0, "side": "sell", "timestamp": 1765497183193}, {"id": "546052104", "price": 0.4248, "amount": 72.0, "side": "sell", "timestamp": 1765497183375}, {"id": "546052105", "price": 0.4249, "amount": 4.0, "side": "buy", "timestamp": 1765497183746}, {"id": "546052106", "price": 0.4249, "amount": 8.0, "side": "buy", "timestamp": 1765497183902}, {"id": "546052107", "price": 0.4249, "amount": 9.0, "side": "buy", "timestamp": 1765497184825}, {"id": "546052108", "price": 0.4249, "amount": 15.0, "side": "buy", "timestamp": 1765497185123}, {"id": "546052109", "price": 0.4249, "amount": 25.0, "side": "buy", "timestamp": 1765497185392}, {"id": "546052110", "price": 0.4248, "amount": 31.0, "side": "sell", "timestamp": 1765497185688}, {"id": "546052111", "price": 0.4249, "amount": 27.0, "side": "buy", "timestamp": 1765497186009}, {"id": "546052112", "price": 0.4248, "amount": 19.0, "side": "sell", "timestamp": 1765497186454}, {"id": "546052113", "price": 0.4248, "amount": 22.0, "side": "sell", "timestamp": 1765497187004}, {"id": "546052114", "price": 0.4248, "amount": 50.0, "side": "sell", "timestamp": 1765497187224}, {"id": "546052115", "price": 0.4249, "amount": 10.0, "side": "buy", "timestamp": 1765497187329}, {"id": "546052116", "price": 0.4248, "amount": 50.0, "side": "sell", "timestamp": 1765497187825}, {"id": "546052117", "price": 0.4249, "amount": 5.0, "side": "buy", "timestamp": 1765497188433}, {"id": "546052118", "price": 0.4248, "amount": 50.0, "side": "sell", "timestamp": 1765497188440}, {"id": "546052119", "price": 0.4248, "amount": 50.0, "side": "sell", "timestamp": 1765497189026}, {"id": "546052120", "price": 0.4249, "amount": 2.0, "side": "buy", "timestamp": 1765497189365}, {"id": "546052121", "price": 0.4249, "amount": 12.0, "side": "buy", "timestamp": 1765497189610}, {"id": "546052122", "price": 0.4248, "amount": 50.0, "side": "sell", "timestamp": 1765497189627}, {"id": "546052123", "price": 0.4249, "amount": 904.0, "side": "buy", "timestamp": 1765497189835}, {"id": "546052124", "price": 0.4249, "amount": 17.0, "side": "buy", "timestamp": 1765497189960}, {"id": "546052264", "price": 0.4247, "amount": 50.0, "side": "sell", "timestamp": 1765497230783}, {"id": "546052265", "price": 0.4248, "amount": 15.0, "side": "buy", "timestamp": 1765497230934}, {"id": "546052266", "price": 0.4247, "amount": 50.0, "side": "sell", "timestamp": 1765497231377}, {"id": "546052267", "price": 0.4248, "amount": 114.0, "side": "buy", "timestamp": 1765497231907}, {"id": "546052268", "price": 0.4247, "amount": 50.0, "side": "sell", "timestamp": 1765497231979}, {"id": "546052269", "price": 0.4248, "amount": 5.0, "side": "buy", "timestamp": 1765497232090}, {"id": "546052270", "price": 0.4247, "amount": 21.0, "side": "sell", "timestamp": 1765497232157}, {"id": "546052271", "price": 0.4248, "amount": 13.0, "side": "buy", "timestamp": 1765497232476}, {"id": "546052272", "price": 0.4247, "amount": 90.0, "side": "sell", "timestamp": 1765497232578}, {"id": "546052273", "price": 0.4248, "amount": 11.0, "side": "buy", "timestamp": 1765497232795}, {"id": "546052274", "price": 0.4248, "amount": 5.0, "side": "buy", "timestamp": 1765497233138}, {"id": "546052275", "price": 0.4247, "amount": 50.0, "side": "sell", "timestamp": 1765497233179}, {"id": "546052276", "price": 0.4248, "amount": 14868.0, "side": "buy", "timestamp": 1765497233579}, {"id": "546052277", "price": 0.4248, "amount": 25727.0, "side": "buy", "timestamp": 1765497233680}, {"id": "546052278", "price": 0.4248, "amount": 368.0, "side": "sell", "timestamp": 1765497233780}, {"id": "546052279", "price": 0.4248, "amount": 13076.0, "side": "sell", "timestamp": 1765497233997}, {"id": "546052280", "price": 0.4248, "amount": 50.0, "side": "sell", "timestamp": 1765497234380}, {"id": "546052281", "price": 0.4249, "amount": 2.0, "side": "buy", "timestamp": 1765497234570}, {"id": "546052282", "price": 0.4248, "amount": 50.0, "side": "sell", "timestamp": 1765497234986}, {"id": "546052283", "price": 0.4249, "amount": 2.0, "side": "buy", "timestamp": 1765497235535}, {"id": "546052284", "price": 0.4248, "amount": 50.0, "side": "sell", "timestamp": 1765497235591}, {"id": "546052285", "price": 0.4249, "amount": 3.0, "side": "buy", "timestamp": 1765497235926}, {"id": "546052286", "price": 0.4248, "amount": 50.0, "side": "sell", "timestamp": 1765497236187}, {"id": "546052287", "price": 0.4249, "amount": 3.0, "side": "buy", "timestamp": 1765497236721}, {"id": "546052288", "price": 0.4248, "amount": 50.0, "side": "sell", "timestamp": 1765497236795}, {"id": "546052289", "price": 0.4248, "amount": 50.0, "side": "sell", "timestamp": 1765497237693}, {"id": "546052290", "price": 0.4248, "amount": 48867.0, "side": "sell", "timestamp": 1765497237798}, {"id": "546052291", "price": 0.4248, "amount": 8.0, "side": "buy", "timestamp": 1765497237902}, {"id": "546052292", "price": 0.4247, "amount": 50.0, "side": "sell", "timestamp": 1765497238297}, {"id": "546052293", "price": 0.4248, "amount": 823.0, "side": "buy", "timestamp": 1765497238715}, {"id": "546052294", "price": 0.4247, "amount": 256.0, "side": "sell", "timestamp": 1765497238833}, {"id": "546052295", "price": 0.4248, "amount": 5.0, "side": "buy", "timestamp": 1765497238989}, {"id": "546052296", "price": 0.4247, "amount": 19.0, "side": "sell", "timestamp": 1765497239100}, {"id": "546052297", "price": 0.4248, "amount": 28.0, "side": "buy", "timestamp": 1765497239722}, {"id": "546052298", "price": 0.4247, "amount": 50.0, "side": "sell", "timestamp": 1765497239786}, {"id": "546052299", "price": 0.4248, "amount": 20.0, "side": "buy", "timestamp": 1765497239897}, {"id": "546052300", "price": 0.4248, "amount": 4.0, "side": "buy", "timestamp": 1765497240170}, {"id": "546052301", "price": 0.4247, "amount": 50.0, "side": "sell", "timestamp": 1765497240388}, {"id": "546052302", "price": 0.4248, "amount": 92.0, "side": "buy", "timestamp": 1765497240704}, {"id": "546052303", "price": 0.4247, "amount": 50.0, "side": "sell", "timestamp": 1765497240987}, {"id": "546052304", "price": 0.4248, "amount": 4.0, "side": "buy", "timestamp": 1765497241366}, {"id": "546052305", "price": 0.4247, "amount": 21672.0, "side": "sell", "timestamp": 1765497241382}, {"id": "546052306", "price": 0.4247, "amount": 50.0, "side": "sell", "timestamp": 1765497241593}, {"id": "546052307", "price": 0.4247, "amount": 275.0, "side": "sell", "timestamp": 1765497242199}, {"id": "546052308", "price": 0.4247, "amount": 3338.0, "side": "sell", "timestamp": 1765497242328}, {"id": "546052309", "price": 0.4246, "amount": 234.0, "side": "sell", "timestamp": 1765497242389}, {"id": "546052310", "price": 0.4247, "amount": 10.0, "side": "buy", "timestamp": 1765497242719}, {"id": "546052311", "price": 0.4246, "amount": 87.0, "side": "sell", "timestamp": 1765497243397}, {"id": "546052312", "price": 0.4247, "amount": 7.0, "side": "buy", "timestamp": 1765497243654}, {"id": "546052313", "price": 0.4246, "amount": 112.0, "side": "sell", "timestamp": 1765497243817}, {"id": "546052437", "price": 0.4245, "amount": 50.0, "side": "sell", "timestamp": 1765497279747}, {"id": "546052438", "price": 0.4246, "amount": 738.0, "side": "buy", "timestamp": 1765497279870}, {"id": "546052439", "price": 0.4246, "amount": 4.0, "side": "buy", "timestamp": 1765497280298}, {"id": "546052440", "price": 0.4245, "amount": 50.0, "side": "sell", "timestamp": 1765497280342}, {"id": "546052441", "price": 0.4245, "amount": 50.0, "side": "sell", "timestamp": 1765497280946}, {"id": "546052442", "price": 0.4245, "amount": 50.0, "side": "sell", "timestamp": 1765497281552}, {"id": "546052443", "price": 0.4245, "amount": 99.0, "side": "sell", "timestamp": 1765497282139}, {"id": "546052444", "price": 0.4245, "amount": 50.0, "side": "sell", "timestamp": 1765497282779}, {"id": "546052445", "price": 0.4246, "amount": 2449.0, "side": "buy", "timestamp": 1765497282949}, {"id": "546052446", "price": 0.4245, "amount": 50.0, "side": "sell", "timestamp": 1765497283345}, {"id": "546052447", "price": 0.4245, "amount": 50.0, "side": "sell", "timestamp": 1765497283941}, {"id": "546052448", "price": 0.4245, "amount": 50.0, "side": "sell", "timestamp": 1765497284542}, {"id": "546052449", "price": 0.4245, "amount": 117.0, "side": "sell", "timestamp": 1765497284843}, {"id": "546052450", "price": 0.4246, "amount": 113.0, "side": "buy", "timestamp": 1765497284857}, {"id": "546052451", "price": 0.4245, "amount": 50.0, "side": "sell", "timestamp": 1765497285151}, {"id": "546052452", "price": 0.4245, "amount": 960.0, "side": "sell", "timestamp": 1765497285632}, {"id": "546052453", "price": 0.4245, "amount": 50.0, "side": "sell", "timestamp": 1765497285744}, {"id": "546052454", "price": 0.4246, "amount": 3.0, "side": "buy", "timestamp": 1765497286273}, {"id": "546052455", "price": 0.4245, "amount": 50.0, "side": "sell", "timestamp": 1765497286345}, {"id": "546052456", "price": 0.4246, "amount": 26.0, "side": "buy", "timestamp": 1765497286511}, {"id": "546052457", "price": 0.4246, "amount": 3774.0, "side": "buy", "timestamp": 1765497286694}, {"id": "546052458", "price": 0.4246, "amount": 10424.0, "side": "sell", "timestamp": 1765497286931}, {"id": "546052459", "price": 0.4246, "amount": 21446.0, "side": "sell", "timestamp": 1765497287579}, {"id": "546052460", "price": 0.4246, "amount": 50.0, "side": "sell", "timestamp": 1765497288189}, {"id": "546052461", "price": 0.4246, "amount": 4000.0, "side": "sell", "timestamp": 1765497288342}, {"id": "546052462", "price": 0.4246, "amount": 50.0, "side": "sell", "timestamp": 1765497289092}, {"id": "546052463", "price": 0.4246, "amount": 50.0, "side": "sell", "timestamp": 1765497289659}, {"id": "546052464", "price": 0.4246, "amount": 50.0, "side": "sell", "timestamp": 1765497290251}, {"id": "546052465", "price": 0.4246, "amount": 50.0, "side": "sell", "timestamp": 1765497290855}, {"id": "546052466", "price": 0.4247, "amount": 14496.0, "side": "buy", "timestamp": 1765497291313}, {"id": "546052467", "price": 0.4247, "amount": 2464.0, "side": "sell", "timestamp": 1765497291469}, {"id": "546052468", "price": 0.4248, "amount": 844.0, "side": "buy", "timestamp": 1765497291518}, {"id": "546052469", "price": 0.4248, "amount": 1575.0, "side": "sell", "timestamp": 1765497291868}, {"id": "546052470", "price": 0.4248, "amount": 23.0, "side": "buy", "timestamp": 1765497292342}, {"id": "546052471", "price": 0.4247, "amount": 50.0, "side": "sell", "timestamp": 1765497292374}, {"id": "546052472", "price": 0.4247, "amount": 50.0, "side": "sell", "timestamp": 1765497292979}, {"id": "546052473", "price": 0.4248, "amount": 1873.0, "side": "buy", "timestamp": 1765497293032}, {"id": "546052474", "price": 0.4248, "amount": 114.0, "side": "buy", "timestamp": 1765497293500}, {"id": "546052475", "price": 0.4247, "amount": 50.0, "side": "sell", "timestamp": 1765497293554}, {"id": "546052476", "price": 0.4247, "amount": 50.0, "side": "sell", "timestamp": 1765497294201}, {"id": "546052477", "price": 0.4247, "amount": 50.0, "side": "sell", "timestamp": 1765497294788}, {"id": "546052478", "price": 0.4248, "amount": 308.0, "side": "buy", "timestamp": 1765497294857}, {"id": "546052479", "price": 0.4248, "amount": 12.0, "side": "buy", "timestamp": 1765497295251}, {"id": "546052480", "price": 0.4247, "amount": 9974.0, "side": "sell", "timestamp": 1765497295356}, {"id": "546052481", "price": 0.4248, "amount": 5.0, "side": "buy", "timestamp": 1765497295367}, {"id": "546052482", "price": 0.4248, "amount": 170.0, "side": "buy", "timestamp": 1765497295561}, {"id": "546052483", "price": 0.4248, "amount": 50.0, "side": "sell", "timestamp": 1765497295978}, {"id": "546052484", "price": 0.4248, "amount": 50.0, "side": "sell", "timestamp": 1765497296561}, {"id": "546052485", "price": 0.4249, "amount": 176.0, "side": "buy", "timestamp": 1765497296807}, {"id": "546052486", "price": 0.4248, "amount": 50.0, "side": "sell", "timestamp": 1765497297161}, {"id": "546052572", "price": 0.4251, "amount": 4095.0, "side": "buy", "timestamp": 1765497330200}, {"id": "546052573", "price": 0.425, "amount": 603.0, "side": "sell", "timestamp": 1765497330597}, {"id": "546052574", "price": 0.4251, "amount": 180.0, "side": "buy", "timestamp": 1765497330719}, {"id": "546052575", "price": 0.425, "amount": 50.0, "side": "sell", "timestamp": 1765497331478}, {"id": "546052576", "price": 0.425, "amount": 50.0, "side": "sell", "timestamp": 1765497332067}, {"id": "546052577", "price": 0.4251, "amount": 15.0, "side": "buy", "timestamp": 1765497332243}, {"id": "546052578", "price": 0.4251, "amount": 1586.0, "side": "buy", "timestamp": 1765497332376}, {"id": "546052579", "price": 0.425, "amount": 1770.0, "side": "sell", "timestamp": 1765497332680}, {"id": "546052580", "price": 0.4251, "amount": 163.0, "side": "buy", "timestamp": 1765497333220}, {"id": "546052581", "price": 0.425, "amount": 50.0, "side": "sell", "timestamp": 1765497333270}, {"id": "546052582", "price": 0.425, "amount": 3295.0, "side": "sell", "timestamp": 1765497333469}, {"id": "546052583", "price": 0.4249, "amount": 50.0, "side": "sell", "timestamp": 1765497333875}, {"id": "546052584", "price": 0.4249, "amount": 50.0, "side": "sell", "timestamp": 1765497334478}, {"id": "546052585", "price": 0.4249, "amount": 50.0, "side": "sell", "timestamp": 1765497335081}, {"id": "546052586", "price": 0.4249, "amount": 24.0, "side": "sell", "timestamp": 1765497335349}, {"id": "546052587", "price": 0.4249, "amount": 13.0, "side": "sell", "timestamp": 1765497335502}, {"id": "546052588", "price": 0.425, "amount": 159.0, "side": "buy", "timestamp": 1765497335623}, {"id": "546052589", "price": 0.4249, "amount": 50.0, "side": "sell", "timestamp": 1765497335689}, {"id": "546052590", "price": 0.4249, "amount": 11742.0, "side": "sell", "timestamp": 1765497336284}, {"id": "546052591", "price": 0.4248, "amount": 50.0, "side": "sell", "timestamp": 1765497336903}, {"id": "546052592", "price": 0.4249, "amount": 1413.0, "side": "buy", "timestamp": 1765497337485}, {"id": "546052593", "price": 0.4248, "amount": 50.0, "side": "sell", "timestamp": 1765497337790}, {"id": "546052594", "price": 0.4249, "amount": 17.0, "side": "buy", "timestamp": 1765497337985}, {"id": "546052595", "price": 0.4248, "amount": 50.0, "side": "sell", "timestamp": 1765497338392}, {"id": "546052596", "price": 0.4248, "amount": 50.0, "side": "sell", "timestamp": 1765497338993}, {"id": "546052597", "price": 0.4248, "amount": 50.0, "side": "sell", "timestamp": 1765497339596}, {"id": "546052598", "price": 0.4248, "amount": 50.0, "side": "sell", "timestamp": 1765497340194}, {"id": "546052599", "price": 0.4248, "amount": 50.0, "side": "sell", "timestamp": 1765497340795}, {"id": "546052600", "price": 0.4248, "amount": 50.0, "side": "sell", "timestamp": 1765497341403}, {"id": "546052601", "price": 0.4248, "amount": 50.0, "side": "sell", "timestamp": 1765497342296}, {"id": "546052602", "price": 0.4248, "amount": 50.0, "side": "sell", "timestamp": 1765497342897}, {"id": "546052603", "price": 0.4248, "amount": 50.0, "side": "sell", "timestamp": 1765497343498}, {"id": "546052604", "price": 0.4249, "amount": 12.0, "side": "buy", "timestamp": 1765497343502}, {"id": "546052605", "price": 0.4248, "amount": 24.0, "side": "sell", "timestamp": 1765497343591}, {"id": "546052606", "price": 0.4249, "amount": 86.0, "side": "buy", "timestamp": 1765497343690}, {"id": "546052607", "price": 0.4248, "amount": 29.0, "side": "sell", "timestamp": 1765497343982}, {"id": "546052608", "price": 0.4248, "amount": 50.0, "side": "sell", "timestamp": 1765497344098}, {"id": "546052609", "price": 0.4248, "amount": 50.0, "side": "sell", "timestamp": 1765497344699}, {"id": "546052610", "price": 0.4248, "amount": 50.0, "side": "sell", "timestamp": 1765497345300}, {"id": "546052611", "price": 0.4248, "amount": 50.0, "side": "sell", "timestamp": 1765497345900}, {"id": "546052612", "price": 0.4248, "amount": 50.0, "side": "sell", "timestamp": 1765497346501}, {"id": "546052613", "price": 0.4248, "amount": 50.0, "side": "sell", "timestamp": 1765497347102}, {"id": "546052614", "price": 0.4248, "amount": 78.0, "side": "sell", "timestamp": 1765497347702}, {"id": "546052615", "price": 0.4248, "amount": 115.0, "side": "sell", "timestamp": 1765497348093}, {"id": "546052616", "price": 0.4248, "amount": 50.0, "side": "sell", "timestamp": 1765497348304}, {"id": "546052617", "price": 0.4248, "amount": 50.0, "side": "sell", "timestamp": 1765497348904}, {"id": "546052618", "price": 0.4248, "amount": 50.0, "side": "sell", "timestamp": 1765497349505}, {"id": "546052619", "price": 0.4248, "amount": 50.0, "side": "sell", "timestamp": 1765497350105}, {"id": "546052620", "price": 0.4248, "amount": 50.0, "side": "sell", "timestamp": 1765497350705}, {"id": "546052621", "price": 0.4248, "amount": 21148.0, "side": "sell", "timestamp": 1765497351307}, {"id": "546052724", "price": 0.4247, "amount": 50.0, "side": "sell", "timestamp": 1765497387950}, {"id": "546052725", "price": 0.4247, "amount": 76.0, "side": "sell", "timestamp": 1765497388551}, {"id": "546052726", "price": 0.4247, "amount": 121.0, "side": "sell", "timestamp": 1765497389151}, {"id": "546052727", "price": 0.4247, "amount": 50.0, "side": "sell", "timestamp": 1765497389793}, {"id": "546052728", "price": 0.4247, "amount": 10650.0, "side": "sell", "timestamp": 1765497390296}, {"id": "546052729", "price": 0.4248, "amount": 504.0, "side": "buy", "timestamp": 1765497390490}, {"id": "546052730", "price": 0.4248, "amount": 98.0, "side": "buy", "timestamp": 1765497390684}, {"id": "546052731", "price": 0.4247, "amount": 50.0, "side": "sell", "timestamp": 1765497390964}, {"id": "546052732", "price": 0.4248, "amount": 54269.0, "side": "buy", "timestamp": 1765497390982}, {"id": "546052733", "price": 0.4249, "amount": 22759.0, "side": "buy", "timestamp": 1765497391013}, {"id": "546052734", "price": 0.425, "amount": 4264.0, "side": "buy", "timestamp": 1765497391051}, {"id": "546052735", "price": 0.4249, "amount": 234.0, "side": "sell", "timestamp": 1765497391185}, {"id": "546052736", "price": 0.4249, "amount": 50.0, "side": "sell", "timestamp": 1765497391555}, {"id": "546052737", "price": 0.4249, "amount": 50.0, "side": "sell", "timestamp": 1765497392459}, {"id": "546052738", "price": 0.4249, "amount": 50.0, "side": "sell", "timestamp": 1765497393065}, {"id": "546052739", "price": 0.4249, "amount": 50.0, "side": "sell", "timestamp": 1765497393657}, {"id": "546052740", "price": 0.425, "amount": 27.0, "side": "buy", "timestamp": 1765497393872}, {"id": "546052741", "price": 0.4249, "amount": 12818.0, "side": "sell", "timestamp": 1765497393966}, {"id": "546052742", "price": 0.4248, "amount": 801.0, "side": "sell", "timestamp": 1765497394035}, {"id": "546052743", "price": 0.4248, "amount": 50.0, "side": "sell", "timestamp": 1765497394262}, {"id": "546052744", "price": 0.4249, "amount": 29088.0, "side": "buy", "timestamp": 1765497394422}, {"id": "546052745", "price": 0.4249, "amount": 2352.0, "side": "sell", "timestamp": 1765497394636}, {"id": "546052746", "price": 0.4249, "amount": 50.0, "side": "sell", "timestamp": 1765497394858}, {"id": "546052747", "price": 0.425, "amount": 28.0, "side": "buy", "timestamp": 1765497395224}, {"id": "546052748", "price": 0.4249, "amount": 50.0, "side": "sell", "timestamp": 1765497395468}, {"id": "546052749", "price": 0.425, "amount": 19.0, "side": "buy", "timestamp": 1765497396008}, {"id": "546052750", "price": 0.4249, "amount": 50.0, "side": "sell", "timestamp": 1765497396069}, {"id": "546052751", "price": 0.4249, "amount": 50.0, "side": "sell", "timestamp": 1765497396660}, {"id": "546052752", "price": 0.4249, "amount": 50.0, "side": "sell", "timestamp": 1765497397270}, {"id": "546052753", "price": 0.4249, "amount": 50.0, "side": "sell", "timestamp": 1765497397905}, {"id": "546052754", "price": 0.4249, "amount": 50.0, "side": "sell", "timestamp": 1765497398462}, {"id": "546052755", "price": 0.4249, "amount": 12.0, "side": "sell", "timestamp": 1765497398592}, {"id": "546052756", "price": 0.4249, "amount": 50.0, "side": "sell", "timestamp": 1765497399063}, {"id": "546052757", "price": 0.425, "amount": 35.0, "side": "buy", "timestamp": 1765497399662}, {"id": "546052758", "price": 0.4249, "amount": 50.0, "side": "sell", "timestamp": 1765497399672}, {"id": "546052759", "price": 0.4249, "amount": 50.0, "side": "sell", "timestamp": 1765497400278}, {"id": "546052760", "price": 0.4249, "amount": 28.0, "side": "sell", "timestamp": 1765497400760}, {"id": "546052761", "price": 0.4249, "amount": 50.0, "side": "sell", "timestamp": 1765497400870}, {"id": "546052762", "price": 0.4249, "amount": 14.0, "side": "sell", "timestamp": 1765497401094}, {"id": "546052763", "price": 0.4249, "amount": 50.0, "side": "sell", "timestamp": 1765497401478}, {"id": "546052764", "price": 0.425, "amount": 24.0, "side": "buy", "timestamp": 1765497402061}, {"id": "546052765", "price": 0.4249, "amount": 50.0, "side": "sell", "timestamp": 1765497402068}, {"id": "546052766", "price": 0.4249, "amount": 50.0, "side": "sell", "timestamp": 1765497402678}, {"id": "546052767", "price": 0.425, "amount": 28.0, "side": "buy", "timestamp": 1765497403243}, {"id": "546052768", "price": 0.4249, "amount": 50.0, "side": "sell", "timestamp": 1765497403280}, {"id": "546052769", "price": 0.4249, "amount": 1176.0, "side": "sell", "timestamp": 1765497403652}, {"id": "546052770", "price": 0.4249, "amount": 50.0, "side": "sell", "timestamp": 1765497403871}, {"id": "546052771", "price": 0.4249, "amount": 27.0, "side": "sell", "timestamp": 1765497404018}, {"id": "546052772", "price": 0.425, "amount": 68.0, "side": "buy", "timestamp": 1765497404211}, {"id": "546052773", "price": 0.4249, "amount": 50.0, "side": "sell", "timestamp": 1765497404479}, {"id": "546052868", "price": 0.4249, "amount": 68.0, "side": "buy", "timestamp": 1765497439406}, {"id": "546052869", "price": 0.4248, "amount": 70.0, "side": "sell", "timestamp": 1765497439620}, {"id": "546052870", "price": 0.4248, "amount": 50.0, "side": "sell", "timestamp": 1765497440209}, {"id": "546052871", "price": 0.4248, "amount": 118.0, "side": "sell", "timestamp": 1765497440664}, {"id": "546052872", "price": 0.4248, "amount": 50.0, "side": "sell", "timestamp": 1765497440809}, {"id": "546052873", "price": 0.4248, "amount": 50.0, "side": "sell", "timestamp": 1765497441423}, {"id": "546052874", "price": 0.4249, "amount": 7306.0, "side": "buy", "timestamp": 1765497441570}, {"id": "546052875", "price": 0.4249, "amount": 50.0, "side": "sell", "timestamp": 1765497442025}, {"id": "546052876", "price": 0.4249, "amount": 78.0, "side": "sell", "timestamp": 1765497442459}, {"id": "546052877", "price": 0.4249, "amount": 50.0, "side": "sell", "timestamp": 1765497442620}, {"id": "546052878", "price": 0.4249, "amount": 50.0, "side": "sell", "timestamp": 1765497443222}, {"id": "546052879", "price": 0.4249, "amount": 50.0, "side": "sell", "timestamp": 1765497443830}, {"id": "546052880", "price": 0.4249, "amount": 3487.0, "side": "sell", "timestamp": 1765497444250}, {"id": "546052881", "price": 0.4249, "amount": 192.0, "side": "buy", "timestamp": 1765497444264}, {"id": "546052882", "price": 0.4248, "amount": 50.0, "side": "sell", "timestamp": 1765497444414}, {"id": "546052883", "price": 0.4248, "amount": 50.0, "side": "sell", "timestamp": 1765497445027}, {"id": "546052884", "price": 0.4248, "amount": 50.0, "side": "sell", "timestamp": 1765497445625}, {"id": "546052885", "price": 0.4248, "amount": 50.0, "side": "sell", "timestamp": 1765497446230}, {"id": "546052886", "price": 0.4248, "amount": 234.0, "side": "sell", "timestamp": 1765497446424}, {"id": "546052887", "price": 0.4248, "amount": 1177.0, "side": "sell", "timestamp": 1765497446621}, {"id": "546052888", "price": 0.4248, "amount": 50.0, "side": "sell", "timestamp": 1765497447127}, {"id": "546052889", "price": 0.4248, "amount": 18872.0, "side": "sell", "timestamp": 1765497447471}, {"id": "546052890", "price": 0.4248, "amount": 50.0, "side": "sell", "timestamp": 1765497447722}, {"id": "546052891", "price": 0.4248, "amount": 50.0, "side": "sell", "timestamp": 1765497448330}, {"id": "546052892", "price": 0.4248, "amount": 50.0, "side": "sell", "timestamp": 1765497448919}, {"id": "546052893", "price": 0.4248, "amount": 292.0, "side": "sell", "timestamp": 1765497449107}, {"id": "546052894", "price": 0.4248, "amount": 121.0, "side": "sell", "timestamp": 1765497449494}, {"id": "546052895", "price": 0.4248, "amount": 50.0, "side": "sell", "timestamp": 1765497450130}, {"id": "546052896", "price": 0.4248, "amount": 50.0, "side": "sell", "timestamp": 1765497450735}, {"id": "546052897", "price": 0.4248, "amount": 50.0, "side": "sell", "timestamp": 1765497451336}, {"id": "546052898", "price": 0.4248, "amount": 391.0, "side": "sell", "timestamp": 1765497451595}, {"id": "546052899", "price": 0.4248, "amount": 50.0, "side": "sell", "timestamp": 1765497451931}, {"id": "546052900", "price": 0.4248, "amount": 586.0, "side": "sell", "timestamp": 1765497452227}, {"id": "546052901", "price": 0.4248, "amount": 50.0, "side": "sell", "timestamp": 1765497452536}, {"id": "546052902", "price": 0.4248, "amount": 118.0, "side": "sell", "timestamp": 1765497452673}, {"id": "546052903", "price": 0.4248, "amount": 50.0, "side": "sell", "timestamp": 1765497453127}, {"id": "546052904", "price": 0.4248, "amount": 37.0, "side": "sell", "timestamp": 1765497453382}, {"id": "546052905", "price": 0.4248, "amount": 55056.0, "side": "sell", "timestamp": 1765497453614}, {"id": "546052906", "price": 0.4247, "amount": 2412.0, "side": "sell", "timestamp": 1765497453678}, {"id": "546052907", "price": 0.4246, "amount": 50.0, "side": "sell", "timestamp": 1765497454029}, {"id": "546052908", "price": 0.4246, "amount": 3049.0, "side": "sell", "timestamp": 1765497454360}, {"id": "546052909", "price": 0.4246, "amount": 50.0, "side": "sell", "timestamp": 1765497454625}, {"id": "546052910", "price": 0.4246, "amount": 50.0, "side": "sell", "timestamp": 1765497455234}, {"id": "546052911", "price": 0.4247, "amount": 28.0, "side": "buy", "timestamp": 1765497455725}, {"id": "546052912", "price": 0.4246, "amount": 50.0, "side": "sell", "timestamp": 1765497455839}, {"id": "546052913", "price": 0.4246, "amount": 12.0, "side": "sell", "timestamp": 1765497456063}, {"id": "546052914", "price": 0.4247, "amount": 5490.0, "side": "buy", "timestamp": 1765497456330}, {"id": "546052915", "price": 0.4247, "amount": 50.0, "side": "sell", "timestamp": 1765497456436}, {"id": "546052916", "price": 0.4247, "amount": 50.0, "side": "sell", "timestamp": 1765497457049}, {"id": "546052917", "price": 0.4247, "amount": 50.0, "side": "sell", "timestamp": 1765497457637}, {"id": "546052991", "price": 0.4248, "amount": 411.0, "side": "sell", "timestamp": 1765497490395}, {"id": "546052992", "price": 0.4248, "amount": 50.0, "side": "sell", "timestamp": 1765497490999}, {"id": "546052993", "price": 0.4249, "amount": 32756.0, "side": "buy", "timestamp": 1765497491214}, {"id": "546052994", "price": 0.4249, "amount": 50.0, "side": "sell", "timestamp": 1765497491593}, {"id": "546052995", "price": 0.4249, "amount": 28.0, "side": "sell", "timestamp": 1765497491725}, {"id": "546052996", "price": 0.4249, "amount": 50.0, "side": "sell", "timestamp": 1765497492184}, {"id": "546052997", "price": 0.425, "amount": 117.0, "side": "buy", "timestamp": 1765497492743}, {"id": "546052998", "price": 0.4249, "amount": 50.0, "side": "sell", "timestamp": 1765497492813}, {"id": "546052999", "price": 0.4249, "amount": 50.0, "side": "sell", "timestamp": 1765497493437}, {"id": "546053000", "price": 0.4249, "amount": 5924.0, "side": "sell", "timestamp": 1765497493910}, {"id": "546053001", "price": 0.4248, "amount": 50.0, "side": "sell", "timestamp": 1765497493987}, {"id": "546053002", "price": 0.4248, "amount": 50.0, "side": "sell", "timestamp": 1765497494587}, {"id": "546053003", "price": 0.4248, "amount": 7092.0, "side": "sell", "timestamp": 1765497494867}, {"id": "546053004", "price": 0.4248, "amount": 50.0, "side": "sell", "timestamp": 1765497495188}, {"id": "546053005", "price": 0.4248, "amount": 50.0, "side": "sell", "timestamp": 1765497495796}, {"id": "546053006", "price": 0.4248, "amount": 50.0, "side": "sell", "timestamp": 1765497496399}, {"id": "546053007", "price": 0.4248, "amount": 14673.0, "side": "sell", "timestamp": 1765497496918}, {"id": "546053008", "price": 0.4247, "amount": 50.0, "side": "sell", "timestamp": 1765497497001}, {"id": "546053009", "price": 0.4247, "amount": 50.0, "side": "sell", "timestamp": 1765497497589}, {"id": "546053010", "price": 0.4247, "amount": 95.0, "side": "sell", "timestamp": 1765497498005}, {"id": "546053011", "price": 0.4247, "amount": 50.0, "side": "sell", "timestamp": 1765497498197}, {"id": "546053012", "price": 0.4248, "amount": 75.0, "side": "buy", "timestamp": 1765497498657}, {"id": "546053013", "price": 0.4247, "amount": 50.0, "side": "sell", "timestamp": 1765497498802}, {"id": "546053014", "price": 0.4247, "amount": 50.0, "side": "sell", "timestamp": 1765497499420}, {"id": "546053015", "price": 0.4248, "amount": 154.0, "side": "buy", "timestamp": 1765497499451}, {"id": "546053016", "price": 0.4247, "amount": 50.0, "side": "sell", "timestamp": 1765497500008}, {"id": "546053017", "price": 0.4247, "amount": 32.0, "side": "sell", "timestamp": 1765497500143}, {"id": "546053018", "price": 0.4247, "amount": 43.0, "side": "sell", "timestamp": 1765497500463}, {"id": "546053019", "price": 0.4247, "amount": 50.0, "side": "sell", "timestamp": 1765497500606}, {"id": "546053020", "price": 0.4247, "amount": 50.0, "side": "sell", "timestamp": 1765497501493}, {"id": "546053021", "price": 0.4247, "amount": 50.0, "side": "sell", "timestamp": 1765497502094}, {"id": "546053022", "price": 0.4248, "amount": 2663.0, "side": "buy", "timestamp": 1765497502131}, {"id": "546053023", "price": 0.4248, "amount": 234.0, "side": "sell", "timestamp": 1765497502214}, {"id": "546053024", "price": 0.4248, "amount": 50.0, "side": "sell", "timestamp": 1765497502695}, {"id": "546053025", "price": 0.4248, "amount": 50.0, "side": "sell", "timestamp": 1765497503296}, {"id": "546053026", "price": 0.4248, "amount": 50.0, "side": "sell", "timestamp": 1765497503896}, {"id": "546053027", "price": 0.4248, "amount": 50.0, "side": "sell", "timestamp": 1765497504497}, {"id": "546053028", "price": 0.4248, "amount": 50.0, "side": "sell", "timestamp": 1765497505097}, {"id": "546053029", "price": 0.4248, "amount": 50.0, "side": "sell", "timestamp": 1765497505697}, {"id": "546053030", "price": 0.4248, "amount": 50.0, "side": "sell", "timestamp": 1765497506298}, {"id": "546053031", "price": 0.4248, "amount": 2042.0, "side": "sell", "timestamp": 1765497506550}, {"id": "546053032", "price": 0.4247, "amount": 50.0, "side": "sell", "timestamp": 1765497506899}, {"id": "546053033", "price": 0.4247, "amount": 50.0, "side": "sell", "timestamp": 1765497507499}, {"id": "546053034", "price": 0.4248, "amount": 5335.0, "side": "buy", "timestamp": 1765497507876}, {"id": "546053035", "price": 0.4248, "amount": 50.0, "side": "sell", "timestamp": 1765497508100}, {"id": "546053036", "price": 0.4248, "amount": 50.0, "side": "sell", "timestamp": 1765497508700}, {"id": "546053037", "price": 0.4248, "amount": 50.0, "side": "sell", "timestamp": 1765497509301}, {"id": "546053038", "price": 0.4248, "amount": 121.0, "side": "sell", "timestamp": 1765497509845}, {"id": "546053039", "price": 0.4248, "amount": 50.0, "side": "sell", "timestamp": 1765497510502}, {"id": "546053040", "price": 0.4248, "amount": 50.0, "side": "sell", "timestamp": 1765497511107}, {"id": "546053144", "price": 0.4251, "amount": 50.0, "side": "sell", "timestamp": 1765497549558}, {"id": "546053145", "price": 0.4251, "amount": 50.0, "side": "sell", "timestamp": 1765497550159}, {"id": "546053146", "price": 0.4251, "amount": 13.0, "side": "sell", "timestamp": 1765497550630}, {"id": "546053147", "price": 0.4251, "amount": 50.0, "side": "sell", "timestamp": 1765497550759}, {"id": "546053148", "price": 0.4251, "amount": 50.0, "side": "sell", "timestamp": 1765497551355}, {"id": "546053149", "price": 0.4251, "amount": 50.0, "side": "sell", "timestamp": 1765497551960}, {"id": "546053150", "price": 0.4252, "amount": 338.0, "side": "buy", "timestamp": 1765497552362}, {"id": "546053151", "price": 0.4251, "amount": 545.0, "side": "sell", "timestamp": 1765497552388}, {"id": "546053152", "price": 0.4251, "amount": 50.0, "side": "sell", "timestamp": 1765497552564}, {"id": "546053153", "price": 0.4251, "amount": 50.0, "side": "sell", "timestamp": 1765497553156}, {"id": "546053154", "price": 0.4252, "amount": 353.0, "side": "buy", "timestamp": 1765497553251}, {"id": "546053155", "price": 0.4251, "amount": 50.0, "side": "sell", "timestamp": 1765497553753}, {"id": "546053156", "price": 0.4251, "amount": 50.0, "side": "sell", "timestamp": 1765497554362}, {"id": "546053157", "price": 0.4251, "amount": 50.0, "side": "sell", "timestamp": 1765497554955}, {"id": "546053158", "price": 0.4252, "amount": 377.0, "side": "buy", "timestamp": 1765497555203}, {"id": "546053159", "price": 0.4251, "amount": 50.0, "side": "sell", "timestamp": 1765497555592}, {"id": "546053160", "price": 0.4252, "amount": 56.0, "side": "buy", "timestamp": 1765497555872}, {"id": "546053161", "price": 0.4252, "amount": 252.0, "side": "buy", "timestamp": 1765497555978}, {"id": "546053162", "price": 0.4252, "amount": 13364.0, "side": "buy", "timestamp": 1765497556153}, {"id": "546053163", "price": 0.4252, "amount": 50.0, "side": "sell", "timestamp": 1765497556166}, {"id": "546053164", "price": 0.4253, "amount": 471.0, "side": "buy", "timestamp": 1765497556713}, {"id": "546053165", "price": 0.4252, "amount": 50.0, "side": "sell", "timestamp": 1765497556765}, {"id": "546053166", "price": 0.4253, "amount": 20.0, "side": "buy", "timestamp": 1765497556876}, {"id": "546053167", "price": 0.4252, "amount": 2152.0, "side": "sell", "timestamp": 1765497556960}, {"id": "546053168", "price": 0.4253, "amount": 5819.0, "side": "buy", "timestamp": 1765497557159}, {"id": "546053169", "price": 0.4252, "amount": 50.0, "side": "sell", "timestamp": 1765497557361}, {"id": "546053170", "price": 0.4253, "amount": 102.0, "side": "buy", "timestamp": 1765497557414}, {"id": "546053171", "price": 0.4253, "amount": 534.0, "side": "buy", "timestamp": 1765497557568}, {"id": "546053172", "price": 0.4252, "amount": 28.0, "side": "sell", "timestamp": 1765497557813}, {"id": "546053173", "price": 0.4253, "amount": 14.0, "side": "buy", "timestamp": 1765497557898}, {"id": "546053174", "price": 0.4252, "amount": 50.0, "side": "sell", "timestamp": 1765497557967}, {"id": "546053175", "price": 0.4253, "amount": 302.0, "side": "buy", "timestamp": 1765497558434}, {"id": "546053176", "price": 0.4252, "amount": 50.0, "side": "sell", "timestamp": 1765497558571}, {"id": "546053177", "price": 0.4252, "amount": 50.0, "side": "sell", "timestamp": 1765497559161}, {"id": "546053178", "price": 0.4252, "amount": 1122.0, "side": "sell", "timestamp": 1765497559715}, {"id": "546053179", "price": 0.4253, "amount": 185.0, "side": "buy", "timestamp": 1765497559914}, {"id": "546053180", "price": 0.4253, "amount": 277.0, "side": "buy", "timestamp": 1765497560082}, {"id": "546053181", "price": 0.4252, "amount": 50.0, "side": "sell", "timestamp": 1765497560366}, {"id": "546053182", "price": 0.4253, "amount": 27.0, "side": "buy", "timestamp": 1765497560504}, {"id": "546053183", "price": 0.4252, "amount": 410.0, "side": "sell", "timestamp": 1765497560515}, {"id": "546053184", "price": 0.4252, "amount": 95.0, "side": "sell", "timestamp": 1765497560698}, {"id": "546053185", "price": 0.4252, "amount": 50.0, "side": "sell", "timestamp": 1765497560963}, {"id": "546053186", "price": 0.4252, "amount": 50.0, "side": "sell", "timestamp": 1765497561563}, {"id": "546053187", "price": 0.4252, "amount": 50.0, "side": "sell", "timestamp": 1765497562191}, {"id": "546053188", "price": 0.4252, "amount": 50.0, "side": "sell", "timestamp": 1765497562783}, {"id": "546053189", "price": 0.4252, "amount": 50.0, "side": "sell", "timestamp": 1765497563365}, {"id": "546053190", "price": 0.4252, "amount": 28.0, "side": "sell", "timestamp": 1765497563725}, {"id": "546053191", "price": 0.4252, "amount": 50.0, "side": "sell", "timestamp": 1765497563974}, {"id": "546053192", "price": 0.4253, "amount": 139.0, "side": "buy", "timestamp": 1765497564529}, {"id": "546053193", "price": 0.4252, "amount": 50.0, "side": "sell", "timestamp": 1765497564579}]