[{"symbol": "SOLUSDT", "bids": [[137.74, 2193.5], [137.73, 110.29], [137.72, 303.6], [137.71, 306.75], [137.7, 572.99], [137.69, 1247.77], [137.68, 851.39], [137.67, 746.06], [137.66, 984.97], [137.65, 849.86], [137.64, 1084.18], [137.63, 705.85], [137.62, 842.96], [137.61, 546.21], [137.6, 952.56], [137.59, 610.77], [137.58, 1092.57], [137.57, 682.81], [137.56, 1965.33], [137.55, 538.19]], "asks": [[137.75, 551.86], [137.76, 847.87], [137.77, 1129.1], [137.78, 882.98], [137.79, 481.69], [137.8, 1114.17], [137.81, 1280.13], [137.82, 824.17], [137.83, 776.53], [137.84, 772.16], [137.85, 698.44], [137.86, 892.64], [137.87, 984.69], [137.88, 945.05], [137.89, 873.15], [137.9, 2192.94], [137.91, 558.51], [137.92, 680.23], [137.93, 935.93], [137.94, 746.83]], "timestamp": "2025-12-12T08:49:24.175464+00:00"}, {"symbol": "SOLUSDT", "bids": [[137.83, 43.89], [137.82, 272.38], [137.81, 436.64], [137.8, 708.57], [137.79, 786.45], [137.78, 1075.58], [137.77, 670.07], [137.76, 803.49], [137.75, 1101.75], [137.74, 695.43], [137.73, 753.41], [137.72, 1157.01], [137.71, 792.21], [137.7, 1828.05], [137.69, 559.75], [137.68, 1071.23], [137.67, 839.45], [137.66, 753.96], [137.65, 709.43], [137.64, 552.87]], "asks": [[137.84, 1259.07], [137.85, 974.52], [137.86, 759.56], [137.87, 739.14], [137.88, 795.4], [137.89, 1564.39], [137.9, 1474.23], [137.91, 751.24], [137.92, 731.48], [137.93, 1059.66], [137.94, 1109.45], [137.95, 1029.34], [137.96, 898.96], [137.97, 608.4], [137.98, 524.67], [137.99, 857.78], [138.0, 2900.01], [138.01, 1091.29], [138.02, 959.28], [138.03, 987.0]], "timestamp": "2025-12-12T08:50:17.556126+00:00"}, {"symbol": "SOLUSDT", "bids": [[137.81, 132.34], [137.8, 51.12], [137.79, 620.65], [137.78, 543.1], [137.77, 545.96], [137.76, 1038.32], [137.75, 1294.79], [137.74, 1020.02], [137.73, 691.97], [137.72, 838.17], [137.71, 747.69], [137.7, 787.32], [137.69, 1010.16], [137.68, 1029.19], [137.67, 564.94], [137.66, 1017.95], [137.65, 2137.04], [137.64, 710.46], [137.63, 1302.25], [137.62, 3551.09]], "asks": [[137.82, 1035.46], [137.83, 477.81], [137.84, 686.55], [137.85, 1443.03], [137.86, 1550.78], [137.87, 1365.61], [137.88, 1267.21], [137.89, 524.54], [137.9, 1084.76], [137.91, 1249.6], [137.92, 479.2], [137.93, 520.4], [137.94, 1075.37], [137.95, 950.28], [137.96, 1021.62], [137.97, 1932.77], [137.98, 577.51], [137.99, 1367.93], [138.0, 1143.5], [138.01, 1056.75]], "timestamp": "2025-12-12T08:51:10.468222+00:00"}, {"symbol": "SOLUSDT", "bids": [[137.87, 540.04], [137.86, 447.34], [137.85, 385.32], [137.84, 562.81], [137.83, 589.59], [137.82, 755.52], [137.81, 1170.83], [137.8, 1101.08], [137.79, 685.21], [137.78, 711.98], [137.77, 712.48], [137.76, 932.04], [137.75, 1502.28], [137.74, 827.14], [137.73, 878.96], [137.72, 1011.41], [137.71, 2195.75], [137.7, 1037.14], [137.69, 699.05], [137.68, 1010.75]], "asks": [[137.88, 566.32], [137.89, 567.09], [137.9, 684.84], [137.91, 1010.66], [137.92, 731.37], [137.93, 1247.35], [137.94, 1126.46], [137.95, 1405.63], [137.96, 696.28], [137.97, 946.3], [137.98, 667.72], [137.99, 1471.05], [138.0, 1396.96], [138.01, 580.55], [138.02, 1012.76], [138.03, 2137.27], [138.04, 915.09], [138.05, 1759.59], [138.06, 879.41], [138.07, 887.45]], "timestamp": "2025-12-12T08:52:03.512768+00:00"}, {"symbol": "SOLUSDT", "bids": [[137.92, 482.48], [137.91, 365.41], [137.9, 418.5], [137.89, 831.92], [137.88, 917.72], [137.87, 1463.61], [137.86, 1020.49], [137.85, 858.56], [137.84, 975.96], [137.83, 1009.85], [137.82, 886.47], [137.81, 732.96], [137.8, 846.75], [137.79, 785.16], [137.78, 683.84], [137.77, 558.75], [137.76, 832.37], [137.75, 1388.98], [137.74, 890.78], [137.73, 793.18]], "asks": [[137.93, 919.6], [137.94, 309.22], [137.95, 700.49], [137.96, 815.16], [137.97, 1034.74], [137.98, 1164.47], [137.99, 1266.47], [138.0, 1586.1], [138.01, 803.64], [138.02, 917.09], [138.03, 663.69], [138.04, 1195.79], [138.05, 1618.65], [138.06, 867.59], [138.07, 1801.34], [138.08, 854.14], [138.09, 1294.23], [138.1, 2235.8], [138.11, 2114.41], [138.12, 608.06]], "timestamp": "2025-12-12T08:52:56.771603+00:00"}, {"symbol": "SOLUSDT", "bids": [[137.89, 571.74], [137.88, 493.59], [137.87, 522.86], [137.86, 488.07], [137.85, 618.49], [137.84, 1215.99], [137.83, 966.15], [137.82, 837.98], [137.81, 983.26], [137.8, 784.55], [137.79, 755.73], [137.78, 927.23], [137.77, 996.14], [137.76, 1024.81], [137.75, 1165.01], [137.74, 593.73], [137.73, 888.73], [137.72, 745.15], [137.71, 2348.37], [137.7, 626.12]], "asks": [[137.9, 300.86], [137.91, 285.79], [137.92, 911.06], [137.93, 870.54], [137.94, 1119.09], [137.95, 979.36], [137.96, 1456.84], [137.97, 1341.15], [137.98, 499.99], [137.99, 1101.95], [138.0, 1254.61], [138.01, 915.31], [138.02, 990.73], [138.03, 1109.68], [138.04, 2267.78], [138.05, 1889.32], [138.06, 2194.88], [138.07, 702.03], [138.08, 755.29], [138.09, 1312.41]], "timestamp": "2025-12-12T08:53:49.621490+00:00"}, {"symbol": "SOLUSDT", "bids": [[137.89, 238.48], [137.88, 343.18], [137.87, 560.9], [137.86, 757.74], [137.85, 687.86], [137.84, 827.12], [137.83, 743.79], [137.82, 1065.16], [137.81, 1039.06], [137.8, 1054.95], [137.79, 868.46], [137.78, 716.38], [137.77, 687.23], [137.76, 1141.41], [137.75, 2601.64], [137.74, 1024.8], [137.73, 615.43], [137.72, 515.36], [137.71, 607.52], [137.7, 866.26]], "asks": [[137.9, 1077.85], [137.91, 668.78], [137.92, 857.4], [137.93, 521.49], [137.94, 677.72], [137.95, 762.18], [137.96, 1652.54], [137.97, 1060.8], [137.98, 830.76], [137.99, 992.61], [138.0, 1457.14], [138.01, 1108.9], [138.02, 908.16], [138.03, 765.4], [138.04, 921.27], [138.05, 3106.51], [138.06, 753.53], [138.07, 494.52], [138.08, 923.26], [138.09, 1208.26]], "timestamp": "2025-12-12T08:54:43.054041+00:00"}, {"symbol": "SOLUSDT", "bids": [[137.87, 466.65], [137.86, 405.26], [137.85, 567.2], [137.84, 870.18], [137.83, 835.48], [137.82, 930.79], [137.81, 966.72], [137.8, 1555.48], [137.79, 991.99], [137.78, 817.35], [137.77, 662.17], [137.76, 977.85], [137.75, 1377.45], [137.74, 664.84], [137.73, 508.85], [137.72, 775.06], [137.71, 1149.64], [137.7, 1985.68], [137.69, 533.21], [137.68, 920.0]], "asks": [[137.88, 374.38], [137.89, 629.63], [137.9, 640.89], [137.91, 953.76], [137.92, 1034.0], [137.93, 735.64], [137.94, 1931.96], [137.95, 1262.39], [137.96, 1050.44], [137.97, 608.9], [137.98, 555.59], [137.99, 1142.58], [138.0, 1497.94], [138.01, 1126.48], [138.02, 2414.78], [138.03, 739.55], [138.04, 818.41], [138.05, 1890.36], [138.06, 1003.48], [138.07, 2356.15]], "timestamp": "2025-12-12T08:55:37.121716+00:00"}, {"symbol": "SOLUSDT", "bids": [[137.91, 1191.9], [137.9, 722.21], [137.89, 626.84], [137.88, 683.57], [137.87, 1568.36], [137.86, 699.18], [137.85, 970.95], [137.84, 570.84], [137.83, 620.07], [137.82, 691.65], [137.81, 998.39], [137.8, 1268.25], [137.79, 1067.43], [137.78, 898.79], [137.77, 715.43], [137.76, 1129.58], [137.75, 977.01], [137.74, 699.04], [137.73, 602.51], [137.72, 609.28]], "asks": [[137.92, 422.77], [137.93, 242.18], [137.94, 650.8], [137.95, 938.23], [137.96, 1754.95], [137.97, 848.67], [137.98, 961.97], [137.99, 1125.0], [138.0, 1388.83], [138.01, 990.0], [138.02, 1043.41], [138.03, 1281.81], [138.04, 2277.38], [138.05, 1743.63], [138.06, 740.76], [138.07, 1756.85], [138.08, 715.94], [138.09, 1334.78], [138.1, 932.57], [138.11, 661.95]], "timestamp": "2025-12-12T08:56:30.164876+00:00"}, {"symbol": "SOLUSDT", "bids": [[137.86, 439.98], [137.85, 606.18], [137.84, 394.75], [137.83, 670.11], [137.82, 1054.28], [137.81, 944.14], [137.8, 1085.91], [137.79, 847.29], [137.78, 951.05], [137.77, 933.79], [137.76, 1273.73], [137.75, 2674.93], [137.74, 646.94], [137.73, 412.67], [137.72, 701.66], [137.71, 991.71], [137.7, 708.73], [137.69, 684.55], [137.68, 994.69], [137.67, 776.91]], "asks": [[137.87, 184.4], [137.88, 205.7], [137.89, 341.59], [137.9, 854.1], [137.91, 980.81], [137.92, 735.65], [137.93, 1362.99], [137.94, 1284.27], [137.95, 1031.72], [137.96, 751.19], [137.97, 722.6], [137.98, 703.3], [137.99, 1139.73], [138.0, 1922.06], [138.01, 900.29], [138.02, 2190.83], [138.03, 1047.92], [138.04, 680.88], [138.05, 2325.68], [138.06, 2367.34]], "timestamp": "2025-12-12T08:57:23.618534+00:00"}, {"symbol": "SOLUSDT", "bids": [[137.85, 744.78], [137.84, 345.9], [137.83, 452.93], [137.82, 606.41], [137.81, 1132.91], [137.8, 1231.35], [137.79, 923.35], [137.78, 973.85], [137.77, 921.61], [137.76, 988.02], [137.75, 1252.21], [137.74, 735.34], [137.73, 576.64], [137.72, 608.85], [137.71, 825.07], [137.7, 764.55], [137.69, 2340.18], [137.68, 1381.28], [137.67, 546.76], [137.66, 639.97]], "asks": [[137.86, 314.61], [137.87, 1713.51], [137.88, 575.8], [137.89, 417.9], [137.9, 694.04], [137.91, 1415.12], [137.92, 1008.58], [137.93, 767.59], [137.94, 703.74], [137.95, 995.61], [137.96, 822.4], [137.97, 851.79], [137.98, 781.33], [137.99, 1240.88], [138.0, 2952.14], [138.01, 655.2], [138.02, 818.02], [138.03, 997.66], [138.04, 2446.0], [138.05, 2797.63]], "timestamp": "2025-12-12T08:58:16.971432+00:00"}, {"symbol": "SOLUSDT", "bids": [[137.84, 441.21], [137.83, 434.24], [137.82, 184.92], [137.81, 639.11], [137.8, 890.83], [137.79, 1233.76], [137.78, 1156.14], [137.77, 694.24], [137.76, 908.83], [137.75, 1189.84], [137.74, 659.17], [137.73, 600.41], [137.72, 827.89], [137.71, 788.87], [137.7, 1079.98], [137.69, 2072.87], [137.68, 1418.9], [137.67, 546.55], [137.66, 641.61], [137.65, 777.84]], "asks": [[137.85, 395.31], [137.86, 618.21], [137.87, 2017.7], [137.88, 911.29], [137.89, 742.51], [137.9, 1684.09], [137.91, 1078.68], [137.92, 478.74], [137.93, 661.68], [137.94, 609.85], [137.95, 1028.36], [137.96, 837.91], [137.97, 717.98], [137.98, 952.59], [137.99, 2266.78], [138.0, 2118.54], [138.01, 676.23], [138.02, 998.32], [138.03, 1130.09], [138.04, 2281.63]], "timestamp": "2025-12-12T08:59:10.021041+00:00"}, {"symbol": "SOLUSDT", "bids": [[137.87, 424.94], [137.86, 538.05], [137.85, 497.37], [137.84, 554.76], [137.83, 901.02], [137.82, 995.16], [137.81, 907.03], [137.8, 892.91], [137.79, 648.96], [137.78, 736.87], [137.77, 861.97], [137.76, 1000.62], [137.75, 1321.53], [137.74, 609.17], [137.73, 588.92], [137.72, 700.64], [137.71, 972.59], [137.7, 1911.75], [137.69, 607.47], [137.68, 1008.52]], "asks": [[137.88, 1155.1], [137.89, 661.59], [137.9, 1686.49], [137.91, 1082.79], [137.92, 487.59], [137.93, 724.76], [137.94, 1312.7], [137.95, 898.49], [137.96, 740.3], [137.97, 906.42], [137.98, 509.37], [137.99, 1095.21], [138.0, 1880.46], [138.01, 756.61], [138.02, 739.02], [138.03, 878.84], [138.04, 495.82], [138.05, 788.97], [138.06, 882.09], [138.07, 885.7]], "timestamp": "2025-12-12T09:00:02.852474+00:00"}, {"symbol": "SOLUSDT", "bids": [[137.93, 1578.37], [137.92, 696.56], [137.91, 453.14], [137.9, 993.17], [137.89, 590.66], [137.88, 777.93], [137.87, 1297.36], [137.86, 927.01], [137.85, 915.37], [137.84, 894.29], [137.83, 940.05], [137.82, 855.87], [137.81, 1036.07], [137.8, 939.13], [137.79, 723.18], [137.78, 854.64], [137.77, 2540.18], [137.76, 978.34], [137.75, 1178.06], [137.74, 624.74]], "asks": [[137.94, 171.19], [137.95, 371.69], [137.96, 621.18], [137.97, 1674.38], [137.98, 738.77], [137.99, 1594.45], [138.0, 2638.39], [138.01, 723.04], [138.02, 1010.49], [138.03, 952.25], [138.04, 523.04], [138.05, 574.65], [138.06, 824.04], [138.07, 885.53], [138.08, 1063.36], [138.09, 1035.5], [138.1, 3747.16], [138.11, 1090.0], [138.12, 1116.3], [138.13, 765.14]], "timestamp": "2025-12-12T09:00:56.207563+00:00"}, {"symbol": "SOLUSDT", "bids": [[137.96, 241.76], [137.95, 453.38], [137.94, 753.16], [137.93, 480.69], [137.92, 1179.27], [137.91, 1197.0], [137.9, 1202.05], [137.89, 1358.99], [137.88, 1152.69], [137.87, 1216.12], [137.86, 1061.61], [137.85, 806.54], [137.84, 772.49], [137.83, 897.52], [137.82, 2382.97], [137.81, 799.43], [137.8, 874.49], [137.79, 717.61], [137.78, 643.96], [137.77, 1136.91]], "asks": [[137.97, 756.86], [137.98, 646.64], [137.99, 1002.05], [138.0, 1616.17], [138.01, 830.35], [138.02, 880.88], [138.03, 1229.74], [138.04, 716.76], [138.05, 923.86], [138.06, 769.68], [138.07, 567.22], [138.08, 650.43], [138.09, 1054.87], [138.1, 961.29], [138.11, 2411.82], [138.12, 1059.99], [138.13, 562.05], [138.14, 856.69], [138.15, 1363.39], [138.16, 3004.31]], "timestamp": "2025-12-12T09:01:49.351308+00:00"}, {"symbol": "SOLUSDT", "bids": [[138.04, 269.15], [138.03, 514.24], [138.02, 771.61], [138.01, 772.82], [138.0, 1252.97], [137.99, 884.29], [137.98, 1007.14], [137.97, 1246.08], [137.96, 1048.92], [137.95, 874.64], [137.94, 545.04], [137.93, 859.47], [137.92, 930.18], [137.91, 720.76], [137.9, 1472.84], [137.89, 2411.99], [137.88, 914.54], [137.87, 938.1], [137.86, 1064.42], [137.85, 604.16]], "asks": [[138.05, 385.5], [138.06, 347.43], [138.07, 662.67], [138.08, 1046.68], [138.09, 855.17], [138.1, 1714.92], [138.11, 1080.7], [138.12, 561.05], [138.13, 736.83], [138.14, 1149.94], [138.15, 758.47], [138.16, 1573.26], [138.17, 838.5], [138.18, 1021.38], [138.19, 732.08], [138.2, 1584.46], [138.21, 2245.61], [138.22, 585.86], [138.23, 958.15], [138.24, 604.84]], "timestamp": "2025-12-12T09:02:42.903142+00:00"}, {"symbol": "SOLUSDT", "bids": [[137.9, 192.84], [137.89, 398.57], [137.88, 1097.47], [137.87, 553.18], [137.86, 1293.37], [137.85, 1460.05], [137.84, 948.58], [137.83, 826.14], [137.82, 769.31], [137.81, 910.54], [137.8, 2611.58], [137.79, 895.42], [137.78, 677.98], [137.77, 796.16], [137.76, 545.17], [137.75, 1093.35], [137.74, 749.26], [137.73, 702.88], [137.72, 826.09], [137.71, 1228.72]], "asks": [[137.91, 1040.76], [137.92, 214.87], [137.93, 539.17], [137.94, 1036.7], [137.95, 1436.02], [137.96, 1120.86], [137.97, 1231.8], [137.98, 747.85], [137.99, 692.92], [138.0, 822.89], [138.01, 670.83], [138.02, 835.5], [138.03, 680.26], [138.04, 710.29], [138.05, 956.23], [138.06, 950.17], [138.07, 1919.53], [138.08, 1025.69], [138.09, 919.68], [138.1, 1154.31]], "timestamp": "2025-12-12T09:03:36.361622+00:00"}, {"symbol": "SOLUSDT", "bids": [[137.99, 581.64], [137.98, 557.6], [137.97, 705.9], [137.96, 498.35], [137.95, 1230.86], [137.94, 1809.98], [137.93, 767.2], [137.92, 893.15], [137.91, 898.51], [137.9, 1595.28], [137.89, 1178.61], [137.88, 2241.59], [137.87, 1257.42], [137.86, 1074.53], [137.85, 1615.79], [137.84, 2081.97], [137.83, 1050.22], [137.82, 984.67], [137.81, 663.01], [137.8, 902.87]], "asks": [[138.0, 913.38], [138.01, 377.64], [138.02, 437.38], [138.03, 448.83], [138.04, 1388.46], [138.05, 1271.74], [138.06, 485.93], [138.07, 660.18], [138.08, 868.02], [138.09, 739.36], [138.1, 929.62], [138.11, 950.82], [138.12, 800.62], [138.13, 888.84], [138.14, 1204.09], [138.15, 2099.2], [138.16, 1700.81], [138.17, 1219.07], [138.18, 1046.84], [138.19, 2611.74]], "timestamp": "2025-12-12T09:04:29.812229+00:00"}, {"symbol": "SOLUSDT", "bids": [[137.98, 584.63], [137.97, 607.42], [137.96, 541.14], [137.95, 1030.65], [137.94, 1922.39], [137.93, 776.0], [137.92, 812.97], [137.91, 763.03], [137.9, 1038.97], [137.89, 1067.95], [137.88, 1989.91], [137.87, 1042.28], [137.86, 1087.99], [137.85, 1213.79], [137.84, 865.25], [137.83, 2564.62], [137.82, 869.32], [137.81, 706.25], [137.8, 901.27], [137.79, 727.66]], "asks": [[137.99, 295.51], [138.0, 286.69], [138.01, 920.05], [138.02, 659.77], [138.03, 1093.24], [138.04, 1126.87], [138.05, 1415.25], [138.06, 381.25], [138.07, 517.55], [138.08, 671.94], [138.09, 868.87], [138.1, 1117.25], [138.11, 878.25], [138.12, 1604.78], [138.13, 548.85], [138.14, 956.12], [138.15, 1184.35], [138.16, 1861.5], [138.17, 1005.63], [138.18, 1130.71]], "timestamp": "2025-12-12T09:05:23.200464+00:00"}, {"symbol": "SOLUSDT", "bids": [[137.92, 732.26], [137.91, 555.72], [137.9, 1023.73], [137.89, 1183.39], [137.88, 2111.58], [137.87, 1073.21], [137.86, 1042.53], [137.85, 791.06], [137.84, 759.47], [137.83, 757.29], [137.82, 723.01], [137.81, 811.49], [137.8, 1178.42], [137.79, 1101.69], [137.78, 560.47], [137.77, 1029.81], [137.76, 2216.4], [137.75, 1009.24], [137.74, 521.84], [137.73, 706.38]], "asks": [[137.93, 67.64], [137.94, 374.22], [137.95, 615.73], [137.96, 683.17], [137.97, 1440.38], [137.98, 1265.45], [137.99, 1295.16], [138.0, 806.92], [138.01, 986.19], [138.02, 702.92], [138.03, 1034.79], [138.04, 853.01], [138.05, 689.86], [138.06, 1003.91], [138.07, 2075.88], [138.08, 1117.52], [138.09, 565.09], [138.1, 1322.62], [138.11, 858.41], [138.12, 2143.73]], "timestamp": "2025-12-12T09:06:16.515698+00:00"}, {"symbol": "SOLUSDT", "bids": [[137.98, 402.16], [137.97, 366.52], [137.96, 528.18], [137.95, 1207.96], [137.94, 2125.71], [137.93, 1151.38], [137.92, 474.86], [137.91, 849.54], [137.9, 877.94], [137.89, 1356.42], [137.88, 2213.19], [137.87, 547.34], [137.86, 1258.28], [137.85, 687.67], [137.84, 960.18], [137.83, 1076.52], [137.82, 761.73], [137.81, 797.72], [137.8, 1248.72], [137.79, 1180.15]], "asks": [[137.99, 569.81], [138.0, 646.13], [138.01, 712.08], [138.02, 1016.11], [138.03, 1359.04], [138.04, 1377.83], [138.05, 970.48], [138.06, 648.45], [138.07, 696.88], [138.08, 1021.16], [138.09, 994.33], [138.1, 1176.99], [138.11, 2241.4], [138.12, 1905.19], [138.13, 935.45], [138.14, 795.08], [138.15, 776.2], [138.16, 1948.19], [138.17, 1179.73], [138.18, 1188.62]], "timestamp": "2025-12-12T09:07:10.585249+00:00"}, {"symbol": "SOLUSDT", "bids": [[137.93, 698.55], [137.92, 377.33], [137.91, 618.3], [137.9, 632.87], [137.89, 1222.15], [137.88, 1892.78], [137.87, 789.88], [137.86, 1182.3], [137.85, 642.81], [137.84, 815.39], [137.83, 1010.64], [137.82, 951.25], [137.81, 1041.22], [137.8, 1104.43], [137.79, 699.24], [137.78, 565.22], [137.77, 1034.36], [137.76, 2064.95], [137.75, 1301.64], [137.74, 479.97]], "asks": [[137.94, 511.14], [137.95, 235.01], [137.96, 658.49], [137.97, 1070.35], [137.98, 1183.85], [137.99, 724.44], [138.0, 1172.97], [138.01, 1454.13], [138.02, 1195.88], [138.03, 1071.52], [138.04, 929.81], [138.05, 867.95], [138.06, 775.61], [138.07, 2335.14], [138.08, 650.69], [138.09, 501.12], [138.1, 959.39], [138.11, 952.93], [138.12, 506.27], [138.13, 994.94]], "timestamp": "2025-12-12T09:08:03.637084+00:00"}, {"symbol": "SOLUSDT", "bids": [[137.8, 1025.42], [137.79, 601.85], [137.78, 416.47], [137.77, 833.26], [137.76, 785.83], [137.75, 778.44], [137.74, 812.58], [137.73, 755.51], [137.72, 588.13], [137.71, 1045.06], [137.7, 805.03], [137.69, 655.06], [137.68, 1299.82], [137.67, 886.78], [137.66, 978.92], [137.65, 890.03], [137.64, 691.92], [137.63, 749.45], [137.62, 2593.68], [137.61, 1171.62]], "asks": [[137.81, 286.91], [137.82, 497.23], [137.83, 493.65], [137.84, 409.32], [137.85, 1667.64], [137.86, 793.09], [137.87, 1805.16], [137.88, 1594.52], [137.89, 838.75], [137.9, 1070.53], [137.91, 743.63], [137.92, 663.54], [137.93, 996.07], [137.94, 886.35], [137.95, 2089.6], [137.96, 813.84], [137.97, 788.29], [137.98, 636.23], [137.99, 772.6], [138.0, 973.68]], "timestamp": "2025-12-12T09:08:56.471178+00:00"}, {"symbol": "SOLUSDT", "bids": [[137.71, 342.33], [137.7, 571.23], [137.69, 358.46], [137.68, 797.49], [137.67, 680.24], [137.66, 852.37], [137.65, 1420.02], [137.64, 637.9], [137.63, 597.98], [137.62, 1121.65], [137.61, 1256.91], [137.6, 940.94], [137.59, 561.47], [137.58, 978.5], [137.57, 669.24], [137.56, 962.19], [137.55, 2434.42], [137.54, 1340.85], [137.53, 1029.91], [137.52, 1061.56]], "asks": [[137.72, 763.58], [137.73, 429.46], [137.74, 522.43], [137.75, 792.99], [137.76, 949.82], [137.77, 872.82], [137.78, 1681.12], [137.79, 931.85], [137.8, 717.6], [137.81, 998.08], [137.82, 611.32], [137.83, 779.55], [137.84, 752.21], [137.85, 618.32], [137.86, 887.81], [137.87, 2752.4], [137.88, 693.01], [137.89, 882.07], [137.9, 1307.9], [137.91, 1120.33]], "timestamp": "2025-12-12T09:09:50.124040+00:00"}, {"symbol": "SOLUSDT", "bids": [[137.7, 145.74], [137.69, 669.63], [137.68, 958.05], [137.67, 189.61], [137.66, 462.89], [137.65, 1233.24], [137.64, 1091.89], [137.63, 546.1], [137.62, 913.64], [137.61, 1186.72], [137.6, 915.8], [137.59, 949.6], [137.58, 1121.38], [137.57, 665.46], [137.56, 966.02], [137.55, 2356.78], [137.54, 1760.27], [137.53, 712.19], [137.52, 814.73], [137.51, 1090.39]], "asks": [[137.71, 612.45], [137.72, 538.19], [137.73, 608.69], [137.74, 852.36], [137.75, 1265.66], [137.76, 1155.69], [137.77, 654.36], [137.78, 1101.76], [137.79, 668.0], [137.8, 790.51], [137.81, 1200.58], [137.82, 465.26], [137.83, 741.52], [137.84, 1087.09], [137.85, 1712.6], [137.86, 777.1], [137.87, 2214.96], [137.88, 1172.89], [137.89, 2392.32], [137.9, 1062.31]], "timestamp": "2025-12-12T09:10:43.167973+00:00"}, {"symbol": "SOLUSDT", "bids": [[137.79, 148.25], [137.78, 646.22], [137.77, 388.85], [137.76, 1561.95], [137.75, 1138.48], [137.74, 1161.84], [137.73, 1024.06], [137.72, 1276.47], [137.71, 1156.81], [137.7, 849.45], [137.69, 774.79], [137.68, 987.3], [137.67, 819.34], [137.66, 957.05], [137.65, 871.83], [137.64, 802.2], [137.63, 586.87], [137.62, 1269.47], [137.61, 1461.13], [137.6, 1136.62]], "asks": [[137.8, 632.71], [137.81, 591.34], [137.82, 508.61], [137.83, 916.38], [137.84, 1373.65], [137.85, 1312.27], [137.86, 825.18], [137.87, 1882.76], [137.88, 1148.76], [137.89, 946.33], [137.9, 1145.32], [137.91, 797.78], [137.92, 816.23], [137.93, 1094.73], [137.94, 2040.62], [137.95, 759.36], [137.96, 1034.0], [137.97, 625.21], [137.98, 443.31], [137.99, 741.9]], "timestamp": "2025-12-12T09:11:36.841900+00:00"}, {"symbol": "SOLUSDT", "bids": [[137.82, 125.5], [137.81, 726.3], [137.8, 694.56], [137.79, 894.6], [137.78, 537.37], [137.77, 881.64], [137.76, 810.44], [137.75, 1128.16], [137.74, 547.97], [137.73, 733.34], [137.72, 757.36], [137.71, 633.21], [137.7, 776.91], [137.69, 958.54], [137.68, 1005.56], [137.67, 782.85], [137.66, 2299.7], [137.65, 790.87], [137.64, 886.29], [137.63, 561.85]], "asks": [[137.83, 1351.18], [137.84, 563.69], [137.85, 1024.06], [137.86, 1701.2], [137.87, 2663.14], [137.88, 1824.09], [137.89, 1358.37], [137.9, 1186.47], [137.91, 657.34], [137.92, 783.15], [137.93, 792.03], [137.94, 612.48], [137.95, 779.35], [137.96, 756.06], [137.97, 2158.25], [137.98, 589.06], [137.99, 506.76], [138.0, 1000.57], [138.01, 877.6], [138.02, 2223.97]], "timestamp": "2025-12-12T09:12:30.586478+00:00"}, {"symbol": "SOLUSDT", "bids": [[137.96, 818.95], [137.95, 1259.55], [137.94, 709.09], [137.93, 304.45], [137.92, 862.3], [137.91, 682.49], [137.9, 1622.22], [137.89, 795.03], [137.88, 1150.25], [137.87, 1464.0], [137.86, 699.04], [137.85, 740.42], [137.84, 813.34], [137.83, 771.78], [137.82, 614.79], [137.81, 750.05], [137.8, 997.82], [137.79, 2404.82], [137.78, 1113.78], [137.77, 916.88]], "asks": [[137.97, 214.14], [137.98, 345.01], [137.99, 636.32], [138.0, 1109.05], [138.01, 1374.86], [138.02, 1249.73], [138.03, 1294.5], [138.04, 849.1], [138.05, 729.28], [138.06, 1163.81], [138.07, 684.72], [138.08, 677.27], [138.09, 1075.49], [138.1, 2514.27], [138.11, 947.14], [138.12, 924.28], [138.13, 2185.76], [138.14, 1365.23], [138.15, 1050.33], [138.16, 572.38]], "timestamp": "2025-12-12T09:13:23.625799+00:00"}, {"symbol": "SOLUSDT", "bids": [[138.06, 585.14], [138.05, 534.84], [138.04, 599.39], [138.03, 1017.22], [138.02, 677.12], [138.01, 769.65], [138.0, 1272.96], [137.99, 1698.96], [137.98, 573.48], [137.97, 917.88], [137.96, 710.04], [137.95, 682.05], [137.94, 494.66], [137.93, 513.99], [137.92, 1014.98], [137.91, 1396.8], [137.9, 1076.09], [137.89, 1527.51], [137.88, 2055.64], [137.87, 642.4]], "asks": [[138.07, 60.22], [138.08, 220.64], [138.09, 499.66], [138.1, 1351.45], [138.11, 813.86], [138.12, 826.75], [138.13, 1844.18], [138.14, 1226.85], [138.15, 912.66], [138.16, 1016.87], [138.17, 615.22], [138.18, 916.11], [138.19, 908.73], [138.2, 1060.7], [138.21, 847.49], [138.22, 2203.95], [138.23, 876.92], [138.24, 588.21], [138.25, 922.51], [138.26, 2169.9]], "timestamp": "2025-12-12T09:14:16.603683+00:00"}, {"symbol": "SOLUSDT", "bids": [[138.01, 228.48], [138.0, 598.21], [137.99, 358.36], [137.98, 375.82], [137.97, 606.58], [137.96, 831.41], [137.95, 1252.73], [137.94, 541.34], [137.93, 779.19], [137.92, 941.13], [137.91, 809.78], [137.9, 1003.84], [137.89, 776.62], [137.88, 664.82], [137.87, 1143.65], [137.86, 601.19], [137.85, 1064.65], [137.84, 2424.33], [137.83, 709.47], [137.82, 921.87]], "asks": [[138.02, 352.95], [138.03, 508.98], [138.04, 1287.14], [138.05, 1135.63], [138.06, 1339.92], [138.07, 1750.33], [138.08, 1293.73], [138.09, 1225.08], [138.1, 866.6], [138.11, 1668.21], [138.12, 822.92], [138.13, 815.85], [138.14, 1190.96], [138.15, 1134.21], [138.16, 723.33], [138.17, 892.01], [138.18, 1005.4], [138.19, 1069.66], [138.2, 1148.28], [138.21, 1126.76]], "timestamp": "2025-12-12T09:15:09.542303+00:00"}, {"symbol": "SOLUSDT", "bids": [[137.96, 537.93], [137.95, 295.71], [137.94, 905.43], [137.93, 414.94], [137.92, 552.04], [137.91, 904.78], [137.9, 1261.78], [137.89, 508.37], [137.88, 780.33], [137.87, 997.62], [137.86, 799.03], [137.85, 872.55], [137.84, 940.0], [137.83, 1137.08], [137.82, 833.21], [137.81, 964.98], [137.8, 989.78], [137.79, 870.29], [137.78, 813.59], [137.77, 661.43]], "asks": [[137.97, 48.53], [137.98, 409.3], [137.99, 718.72], [138.0, 1216.94], [138.01, 1235.35], [138.02, 1896.63], [138.03, 1750.88], [138.04, 1467.86], [138.05, 1037.47], [138.06, 1200.63], [138.07, 618.63], [138.08, 629.96], [138.09, 955.14], [138.1, 1053.58], [138.11, 601.84], [138.12, 1029.47], [138.13, 1142.29], [138.14, 1152.54], [138.15, 2521.82], [138.16, 869.53]], "timestamp": "2025-12-12T09:16:02.353613+00:00"}, {"symbol": "SOLUSDT", "bids": [[138.0, 337.09], [137.99, 1024.97], [137.98, 746.84], [137.97, 859.7], [137.96, 1036.83], [137.95, 954.24], [137.94, 873.01], [137.93, 543.87], [137.92, 434.04], [137.91, 794.74], [137.9, 958.38], [137.89, 714.21], [137.88, 539.33], [137.87, 677.61], [137.86, 988.04], [137.85, 809.51], [137.84, 1080.7], [137.83, 1076.1], [137.82, 2346.66], [137.81, 943.73]], "asks": [[138.01, 599.09], [138.02, 578.47], [138.03, 1187.73], [138.04, 1082.36], [138.05, 886.77], [138.06, 806.05], [138.07, 1696.92], [138.08, 1014.22], [138.09, 916.77], [138.1, 846.82], [138.11, 1042.2], [138.12, 1122.33], [138.13, 1050.26], [138.14, 1364.31], [138.15, 1223.89], [138.16, 758.04], [138.17, 1128.53], [138.18, 2424.69], [138.19, 1249.93], [138.2, 998.01]], "timestamp": "2025-12-12T09:16:55.938411+00:00"}, {"symbol": "SOLUSDT", "bids": [[137.93, 513.23], [137.92, 684.21], [137.91, 439.53], [137.9, 811.15], [137.89, 725.92], [137.88, 612.45], [137.87, 1234.26], [137.86, 735.98], [137.85, 691.93], [137.84, 864.59], [137.83, 645.24], [137.82, 801.85], [137.81, 884.61], [137.8, 1038.8], [137.79, 683.18], [137.78, 743.8], [137.77, 808.45], [137.76, 763.7], [137.75, 2685.12], [137.74, 755.46]], "asks": [[137.94, 323.78], [137.95, 226.8], [137.96, 1027.19], [137.97, 1800.79], [137.98, 1264.8], [137.99, 1281.77], [138.0, 885.92], [138.01, 746.25], [138.02, 439.46], [138.03, 957.49], [138.04, 626.7], [138.05, 470.32], [138.06, 1109.9], [138.07, 1016.76], [138.08, 750.09], [138.09, 1261.84], [138.1, 2485.57], [138.11, 702.53], [138.12, 1080.25], [138.13, 872.52]], "timestamp": "2025-12-12T09:17:48.772867+00:00"}, {"symbol": "SOLUSDT", "bids": [[137.93, 372.87], [137.92, 582.65], [137.91, 415.01], [137.9, 729.39], [137.89, 758.65], [137.88, 1151.19], [137.87, 716.57], [137.86, 534.64], [137.85, 1097.75], [137.84, 869.31], [137.83, 857.03], [137.82, 757.71], [137.81, 890.15], [137.8, 1192.86], [137.79, 553.41], [137.78, 1227.19], [137.77, 2143.77], [137.76, 654.41], [137.75, 926.88], [137.74, 473.6]], "asks": [[137.94, 534.42], [137.95, 1046.91], [137.96, 976.38], [137.97, 1048.2], [137.98, 1136.8], [137.99, 930.88], [138.0, 1629.65], [138.01, 810.38], [138.02, 737.57], [138.03, 924.27], [138.04, 1006.02], [138.05, 795.62], [138.06, 939.93], [138.07, 868.54], [138.08, 698.91], [138.09, 1058.19], [138.1, 1338.34], [138.11, 2050.85], [138.12, 1103.13], [138.13, 2370.1]], "timestamp": "2025-12-12T09:18:42.324260+00:00"}, {"symbol": "SOLUSDT", "bids": [[137.99, 44.36], [137.98, 437.07], [137.97, 724.47], [137.96, 1190.1], [137.95, 1131.38], [137.94, 1131.23], [137.93, 976.42], [137.92, 660.16], [137.91, 972.34], [137.9, 922.4], [137.89, 753.0], [137.88, 759.91], [137.87, 905.49], [137.86, 954.04], [137.85, 1476.69], [137.84, 953.67], [137.83, 2709.63], [137.82, 679.25], [137.81, 802.01], [137.8, 783.5]], "asks": [[138.0, 823.25], [138.01, 442.81], [138.02, 695.57], [138.03, 984.22], [138.04, 1561.07], [138.05, 939.87], [138.06, 1375.7], [138.07, 858.8], [138.08, 753.24], [138.09, 857.12], [138.1, 1058.23], [138.11, 734.12], [138.12, 672.68], [138.13, 825.72], [138.14, 939.6], [138.15, 1022.09], [138.16, 2033.56], [138.17, 814.02], [138.18, 1166.2], [138.19, 2583.16]], "timestamp": "2025-12-12T09:19:35.450154+00:00"}, {"symbol": "SOLUSDT", "bids": [[137.81, 560.98], [137.8, 748.74], [137.79, 1061.66], [137.78, 968.75], [137.77, 1121.92], [137.76, 1219.19], [137.75, 1137.73], [137.74, 596.97], [137.73, 649.23], [137.72, 788.67], [137.71, 702.92], [137.7, 1037.3], [137.69, 793.83], [137.68, 1140.41], [137.67, 2355.93], [137.66, 719.41], [137.65, 1179.22], [137.64, 786.83], [137.63, 1013.46], [137.62, 1063.51]], "asks": [[137.82, 169.35], [137.83, 434.88], [137.84, 839.06], [137.85, 794.39], [137.86, 912.5], [137.87, 963.5], [137.88, 1438.74], [137.89, 829.97], [137.9, 840.56], [137.91, 959.77], [137.92, 714.87], [137.93, 616.1], [137.94, 1073.37], [137.95, 726.4], [137.96, 1642.2], [137.97, 1053.73], [137.98, 525.87], [137.99, 777.0], [138.0, 844.65], [138.01, 716.84]], "timestamp": "2025-12-12T09:20:28.820794+00:00"}, {"symbol": "SOLUSDT", "bids": [[137.94, 839.73], [137.93, 456.99], [137.92, 723.08], [137.91, 1139.67], [137.9, 923.34], [137.89, 943.9], [137.88, 1128.43], [137.87, 1328.92], [137.86, 716.84], [137.85, 857.46], [137.84, 719.93], [137.83, 624.11], [137.82, 1007.8], [137.81, 1105.3], [137.8, 1003.76], [137.79, 783.15], [137.78, 1017.03], [137.77, 1174.95], [137.76, 1204.71], [137.75, 2330.91]], "asks": [[137.95, 550.99], [137.96, 464.89], [137.97, 439.92], [137.98, 469.09], [137.99, 922.64], [138.0, 1155.71], [138.01, 1224.24], [138.02, 688.07], [138.03, 809.24], [138.04, 980.98], [138.05, 1063.77], [138.06, 1115.59], [138.07, 2307.82], [138.08, 750.43], [138.09, 1342.65], [138.1, 3930.26], [138.11, 602.88], [138.12, 881.68], [138.13, 781.38], [138.14, 900.77]], "timestamp": "2025-12-12T09:21:22.078995+00:00"}, {"symbol": "SOLUSDT", "bids": [[137.77, 772.33], [137.76, 1507.75], [137.75, 554.31], [137.74, 785.43], [137.73, 1277.36], [137.72, 904.74], [137.71, 864.28], [137.7, 964.09], [137.69, 717.0], [137.68, 1071.18], [137.67, 1095.23], [137.66, 950.92], [137.65, 2187.79], [137.64, 905.26], [137.63, 992.92], [137.62, 636.26], [137.61, 768.87], [137.6, 822.41], [137.59, 755.48], [137.58, 638.58]], "asks": [[137.78, 145.42], [137.79, 47.35], [137.8, 431.65], [137.81, 896.47], [137.82, 1920.29], [137.83, 1172.31], [137.84, 499.75], [137.85, 608.46], [137.86, 862.93], [137.87, 670.17], [137.88, 863.19], [137.89, 736.13], [137.9, 529.07], [137.91, 1017.31], [137.92, 1149.12], [137.93, 2194.55], [137.94, 862.72], [137.95, 768.03], [137.96, 579.63], [137.97, 746.91]], "timestamp": "2025-12-12T09:22:15.604986+00:00"}, {"symbol": "SOLUSDT", "bids": [[137.77, 466.04], [137.76, 715.53], [137.75, 552.17], [137.74, 928.56], [137.73, 1609.2], [137.72, 727.22], [137.71, 912.71], [137.7, 1044.27], [137.69, 661.32], [137.68, 969.2], [137.67, 819.22], [137.66, 526.0], [137.65, 603.77], [137.64, 674.87], [137.63, 1079.79], [137.62, 558.62], [137.61, 993.29], [137.6, 1006.42], [137.59, 2355.34], [137.58, 977.66]], "asks": [[137.78, 365.39], [137.79, 659.69], [137.8, 1065.71], [137.81, 1139.01], [137.82, 1387.27], [137.83, 1186.54], [137.84, 1028.47], [137.85, 836.86], [137.86, 692.24], [137.87, 893.1], [137.88, 705.32], [137.89, 863.1], [137.9, 998.45], [137.91, 1182.14], [137.92, 1996.3], [137.93, 911.47], [137.94, 649.84], [137.95, 1103.53], [137.96, 2055.92], [137.97, 778.33]], "timestamp": "2025-12-12T09:23:08.651188+00:00"}, {"symbol": "SOLUSDT", "bids": [[137.81, 1483.98], [137.8, 473.72], [137.79, 598.77], [137.78, 671.54], [137.77, 1073.11], [137.76, 1302.05], [137.75, 1281.38], [137.74, 1049.93], [137.73, 1248.01], [137.72, 474.79], [137.71, 553.92], [137.7, 1023.81], [137.69, 925.27], [137.68, 1117.27], [137.67, 862.93], [137.66, 580.77], [137.65, 889.01], [137.64, 2053.15], [137.63, 1417.8], [137.62, 459.7]], "asks": [[137.82, 153.93], [137.83, 250.66], [137.84, 477.45], [137.85, 657.55], [137.86, 1464.29], [137.87, 1172.23], [137.88, 642.66], [137.89, 984.66], [137.9, 798.22], [137.91, 1190.2], [137.92, 862.02], [137.93, 748.46], [137.94, 925.4], [137.95, 1302.02], [137.96, 3538.73], [137.97, 667.08], [137.98, 792.95], [137.99, 602.58], [138.0, 1485.95], [138.01, 888.24]], "timestamp": "2025-12-12T09:24:02.228538+00:00"}, {"symbol": "SOLUSDT", "bids": [[137.8, 86.15], [137.79, 151.15], [137.78, 612.11], [137.77, 1771.97], [137.76, 1631.84], [137.75, 1413.58], [137.74, 766.96], [137.73, 1117.25], [137.72, 580.53], [137.71, 597.88], [137.7, 1312.9], [137.69, 736.8], [137.68, 1193.84], [137.67, 902.45], [137.66, 853.14], [137.65, 1175.33], [137.64, 2242.99], [137.63, 1008.38], [137.62, 480.27], [137.61, 743.03]], "asks": [[137.81, 1138.76], [137.82, 611.08], [137.83, 988.68], [137.84, 1353.4], [137.85, 1597.12], [137.86, 1242.54], [137.87, 702.2], [137.88, 739.25], [137.89, 861.7], [137.9, 1004.97], [137.91, 1082.06], [137.92, 730.85], [137.93, 900.3], [137.94, 760.47], [137.95, 2031.36], [137.96, 800.1], [137.97, 634.62], [137.98, 1195.91], [137.99, 1960.92], [138.0, 1082.94]], "timestamp": "2025-12-12T09:24:56.301127+00:00"}, {"symbol": "SOLUSDT", "bids": [[137.82, 657.14], [137.81, 736.17], [137.8, 1387.41], [137.79, 1353.05], [137.78, 1121.45], [137.77, 899.33], [137.76, 964.39], [137.75, 739.75], [137.74, 653.4], [137.73, 859.74], [137.72, 551.91], [137.71, 699.08], [137.7, 1080.8], [137.69, 652.54], [137.68, 966.58], [137.67, 1011.33], [137.66, 571.81], [137.65, 677.34], [137.64, 1323.36], [137.63, 2614.62]], "asks": [[137.83, 294.71], [137.84, 546.58], [137.85, 964.01], [137.86, 689.91], [137.87, 1177.66], [137.88, 1106.42], [137.89, 867.47], [137.9, 999.48], [137.91, 1192.92], [137.92, 998.59], [137.93, 735.47], [137.94, 913.31], [137.95, 1180.47], [137.96, 1914.39], [137.97, 731.66], [137.98, 1078.76], [137.99, 2022.93], [138.0, 1193.98], [138.01, 1113.82], [138.02, 1039.99]], "timestamp": "2025-12-12T09:25:50.271454+00:00"}, {"symbol": "SOLUSDT", "bids": [[137.74, 147.79], [137.73, 1251.62], [137.72, 546.42], [137.71, 325.31], [137.7, 1337.67], [137.69, 1101.06], [137.68, 893.58], [137.67, 560.91], [137.66, 735.06], [137.65, 793.6], [137.64, 830.52], [137.63, 954.91], [137.62, 636.81], [137.61, 1317.36], [137.6, 2219.01], [137.59, 1065.56], [137.58, 924.01], [137.57, 1091.77], [137.56, 721.59], [137.55, 774.08]], "asks": [[137.75, 1377.57], [137.76, 1508.26], [137.77, 559.74], [137.78, 990.44], [137.79, 1807.22], [137.8, 1537.03], [137.81, 752.35], [137.82, 815.0], [137.83, 1449.21], [137.84, 1011.29], [137.85, 833.26], [137.86, 1055.44], [137.87, 640.62], [137.88, 774.91], [137.89, 1378.37], [137.9, 2450.83], [137.91, 1130.5], [137.92, 1201.26], [137.93, 887.85], [137.94, 617.45]], "timestamp": "2025-12-12T09:26:43.692706+00:00"}, {"symbol": "SOLUSDT", "bids": [[137.68, 260.35], [137.67, 595.58], [137.66, 856.17], [137.65, 555.03], [137.64, 1060.6], [137.63, 1059.65], [137.62, 489.42], [137.61, 831.29], [137.6, 1644.91], [137.59, 531.88], [137.58, 1046.5], [137.57, 829.68], [137.56, 768.1], [137.55, 616.47], [137.54, 949.63], [137.53, 1622.88], [137.52, 2078.77], [137.51, 1350.54], [137.5, 2935.95], [137.49, 1040.58]], "asks": [[137.69, 690.17], [137.7, 2070.91], [137.71, 322.59], [137.72, 855.85], [137.73, 1550.43], [137.74, 1236.97], [137.75, 736.05], [137.76, 940.38], [137.77, 1181.39], [137.78, 1526.31], [137.79, 1391.68], [137.8, 1277.27], [137.81, 639.87], [137.82, 749.44], [137.83, 1351.84], [137.84, 2570.71], [137.85, 1068.09], [137.86, 1212.34], [137.87, 471.93], [137.88, 654.55]], "timestamp": "2025-12-12T09:27:36.870217+00:00"}, {"symbol": "SOLUSDT", "bids": [[137.57, 245.03], [137.56, 491.61], [137.55, 491.93], [137.54, 932.44], [137.53, 1381.93], [137.52, 989.58], [137.51, 1215.14], [137.5, 2513.54], [137.49, 374.36], [137.48, 575.62], [137.47, 839.65], [137.46, 1162.81], [137.45, 1556.97], [137.44, 2342.65], [137.43, 460.94], [137.42, 1222.16], [137.41, 702.99], [137.4, 1619.41], [137.39, 899.06], [137.38, 980.77]], "asks": [[137.58, 521.54], [137.59, 530.06], [137.6, 803.37], [137.61, 1280.87], [137.62, 1742.24], [137.63, 1168.08], [137.64, 852.49], [137.65, 965.6], [137.66, 897.54], [137.67, 820.22], [137.68, 845.37], [137.69, 1359.58], [137.7, 1985.31], [137.71, 933.04], [137.72, 977.68], [137.73, 1010.58], [137.74, 2247.98], [137.75, 847.01], [137.76, 1014.39], [137.77, 2538.08]], "timestamp": "2025-12-12T09:28:29.925995+00:00"}, {"symbol": "SOLUSDT", "bids": [[137.45, 818.11], [137.44, 210.87], [137.43, 823.92], [137.42, 1520.1], [137.41, 516.68], [137.4, 2117.43], [137.39, 951.43], [137.38, 1178.09], [137.37, 1561.14], [137.36, 1482.36], [137.35, 4185.12], [137.34, 1044.06], [137.33, 665.66], [137.32, 1059.45], [137.31, 1187.77], [137.3, 998.75], [137.29, 466.41], [137.28, 720.0], [137.27, 752.55], [137.26, 1406.92]], "asks": [[137.46, 617.0], [137.47, 276.1], [137.48, 481.91], [137.49, 869.43], [137.5, 1407.7], [137.51, 1414.68], [137.52, 1110.86], [137.53, 1141.38], [137.54, 957.72], [137.55, 1190.99], [137.56, 1062.13], [137.57, 781.37], [137.58, 1303.12], [137.59, 1119.82], [137.6, 2295.23], [137.61, 489.45], [137.62, 886.35], [137.63, 464.62], [137.64, 776.81], [137.65, 1085.02]], "timestamp": "2025-12-12T09:29:23.245979+00:00"}, {"symbol": "SOLUSDT", "bids": [[137.36, 58.1], [137.35, 329.33], [137.34, 518.21], [137.33, 1017.0], [137.32, 1711.44], [137.31, 1467.32], [137.3, 921.89], [137.29, 535.85], [137.28, 1100.63], [137.27, 895.13], [137.26, 738.64], [137.25, 1049.76], [137.24, 839.21], [137.23, 804.51], [137.22, 1268.94], [137.21, 2392.07], [137.2, 1192.15], [137.19, 827.79], [137.18, 576.17], [137.17, 1091.72]], "asks": [[137.37, 683.02], [137.38, 405.61], [137.39, 879.07], [137.4, 1159.97], [137.41, 1236.95], [137.42, 1195.11], [137.43, 1816.22], [137.44, 1161.14], [137.45, 868.91], [137.46, 715.66], [137.47, 1131.01], [137.48, 717.56], [137.49, 926.63], [137.5, 1459.07], [137.51, 2472.9], [137.52, 635.23], [137.53, 612.17], [137.54, 805.05], [137.55, 911.5], [137.56, 1126.66]], "timestamp": "2025-12-12T09:30:15.894407+00:00"}, {"symbol": "SOLUSDT", "bids": [[137.46, 906.26], [137.45, 570.52], [137.44, 1793.54], [137.43, 932.97], [137.42, 1087.03], [137.41, 1083.09], [137.4, 787.3], [137.39, 426.6], [137.38, 578.75], [137.37, 1088.7], [137.36, 875.31], [137.35, 886.96], [137.34, 558.5], [137.33, 673.95], [137.32, 842.23], [137.31, 602.27], [137.3, 978.49], [137.29, 1033.11], [137.28, 1171.87], [137.27, 2409.21]], "asks": [[137.47, 72.93], [137.48, 301.33], [137.49, 485.22], [137.5, 661.4], [137.51, 1248.17], [137.52, 886.05], [137.53, 1237.33], [137.54, 980.76], [137.55, 1497.34], [137.56, 711.98], [137.57, 902.01], [137.58, 1292.89], [137.59, 1204.96], [137.6, 1136.87], [137.61, 1104.64], [137.62, 1997.22], [137.63, 588.59], [137.64, 1995.68], [137.65, 1198.0], [137.66, 712.49]], "timestamp": "2025-12-12T09:31:08.607785+00:00"}, {"symbol": "SOLUSDT", "bids": [[137.4, 733.2], [137.39, 638.36], [137.38, 707.49], [137.37, 517.03], [137.36, 1460.3], [137.35, 1029.43], [137.34, 666.88], [137.33, 504.78], [137.32, 597.7], [137.31, 667.59], [137.3, 937.24], [137.29, 888.17], [137.28, 879.7], [137.27, 777.45], [137.26, 989.13], [137.25, 1238.92], [137.24, 883.42], [137.23, 1066.86], [137.22, 2662.39], [137.21, 1013.15]], "asks": [[137.41, 384.35], [137.42, 270.89], [137.43, 396.91], [137.44, 1177.47], [137.45, 1465.53], [137.46, 1854.51], [137.47, 1226.24], [137.48, 1505.01], [137.49, 853.43], [137.5, 992.68], [137.51, 1231.67], [137.52, 1045.83], [137.53, 1302.85], [137.54, 2755.9], [137.55, 1185.92], [137.56, 463.95], [137.57, 770.18], [137.58, 2650.97], [137.59, 763.09], [137.6, 996.88]], "timestamp": "2025-12-12T09:32:02.182613+00:00"}, {"symbol": "SOLUSDT", "bids": [[137.43, 546.36], [137.42, 333.16], [137.41, 703.12], [137.4, 522.36], [137.39, 1035.85], [137.38, 499.68], [137.37, 910.0], [137.36, 890.8], [137.35, 777.16], [137.34, 906.01], [137.33, 579.06], [137.32, 755.29], [137.31, 927.56], [137.3, 791.22], [137.29, 581.1], [137.28, 815.51], [137.27, 820.27], [137.26, 1021.13], [137.25, 1246.9], [137.24, 1181.22]], "asks": [[137.44, 120.53], [137.45, 581.05], [137.46, 466.35], [137.47, 992.61], [137.48, 1691.28], [137.49, 1266.02], [137.5, 1440.88], [137.51, 1185.81], [137.52, 1118.5], [137.53, 914.74], [137.54, 1208.74], [137.55, 2551.22], [137.56, 566.65], [137.57, 1009.35], [137.58, 2620.89], [137.59, 782.25], [137.6, 1222.87], [137.61, 773.28], [137.62, 696.08], [137.63, 752.21]], "timestamp": "2025-12-12T09:32:55.101825+00:00"}, {"symbol": "SOLUSDT", "bids": [[137.39, 320.49], [137.38, 443.53], [137.37, 524.25], [137.36, 621.63], [137.35, 810.5], [137.34, 1105.33], [137.33, 697.1], [137.32, 949.81], [137.31, 689.86], [137.3, 1096.83], [137.29, 957.85], [137.28, 647.55], [137.27, 793.37], [137.26, 960.7], [137.25, 1415.84], [137.24, 2534.48], [137.23, 749.73], [137.22, 874.09], [137.21, 952.79], [137.2, 1398.73]], "asks": [[137.4, 770.18], [137.41, 229.68], [137.42, 489.95], [137.43, 863.1], [137.44, 904.34], [137.45, 1212.28], [137.46, 1418.01], [137.47, 1082.74], [137.48, 986.73], [137.49, 1153.48], [137.5, 966.16], [137.51, 1364.71], [137.52, 1033.28], [137.53, 1020.79], [137.54, 1744.62], [137.55, 2278.32], [137.56, 424.01], [137.57, 639.61], [137.58, 1258.01], [137.59, 705.27]], "timestamp": "2025-12-12T09:33:48.399266+00:00"}, {"symbol": "SOLUSDT", "bids": [[137.44, 267.26], [137.43, 334.83], [137.42, 743.62], [137.41, 669.27], [137.4, 997.8], [137.39, 959.0], [137.38, 735.65], [137.37, 1148.66], [137.36, 915.38], [137.35, 759.87], [137.34, 675.15], [137.33, 723.3], [137.32, 725.14], [137.31, 752.95], [137.3, 1124.68], [137.29, 1079.21], [137.28, 978.13], [137.27, 1023.91], [137.26, 2299.19], [137.25, 931.64]], "asks": [[137.45, 538.45], [137.46, 549.13], [137.47, 881.53], [137.48, 1051.69], [137.49, 1226.57], [137.5, 1441.64], [137.51, 1872.71], [137.52, 910.4], [137.53, 1194.98], [137.54, 1671.01], [137.55, 2386.9], [137.56, 607.5], [137.57, 677.91], [137.58, 966.18], [137.59, 663.21], [137.6, 1406.48], [137.61, 822.65], [137.62, 2321.13], [137.63, 696.14], [137.64, 1418.19]], "timestamp": "2025-12-12T09:34:41.503009+00:00"}, {"symbol": "SOLUSDT", "bids": [[137.55, 204.96], [137.54, 213.17], [137.53, 689.95], [137.52, 644.14], [137.51, 986.47], [137.5, 955.69], [137.49, 727.55], [137.48, 613.25], [137.47, 818.02], [137.46, 565.07], [137.45, 668.39], [137.44, 632.02], [137.43, 554.5], [137.42, 497.56], [137.41, 1140.76], [137.4, 1438.72], [137.39, 592.68], [137.38, 980.02], [137.37, 698.36], [137.36, 898.53]], "asks": [[137.56, 1056.78], [137.57, 757.63], [137.58, 616.12], [137.59, 980.17], [137.6, 1557.22], [137.61, 1323.14], [137.62, 1088.63], [137.63, 591.67], [137.64, 1392.6], [137.65, 1168.2], [137.66, 485.19], [137.67, 733.06], [137.68, 2231.56], [137.69, 620.7], [137.7, 1538.94], [137.71, 1036.28], [137.72, 824.21], [137.73, 1131.61], [137.74, 2002.45], [137.75, 654.08]], "timestamp": "2025-12-12T09:35:35.064476+00:00"}, {"symbol": "SOLUSDT", "bids": [[137.54, 592.89], [137.53, 629.79], [137.52, 413.96], [137.51, 889.4], [137.5, 489.75], [137.49, 754.23], [137.48, 705.74], [137.47, 794.17], [137.46, 736.54], [137.45, 1080.25], [137.44, 886.94], [137.43, 580.18], [137.42, 553.26], [137.41, 1011.94], [137.4, 1939.05], [137.39, 891.4], [137.38, 956.93], [137.37, 1064.43], [137.36, 2221.04], [137.35, 854.28]], "asks": [[137.55, 122.65], [137.56, 413.6], [137.57, 848.44], [137.58, 1626.71], [137.59, 1322.64], [137.6, 1579.81], [137.61, 1072.2], [137.62, 785.07], [137.63, 877.03], [137.64, 934.16], [137.65, 1390.58], [137.66, 560.12], [137.67, 748.45], [137.68, 1054.19], [137.69, 2584.37], [137.7, 997.24], [137.71, 2241.85], [137.72, 972.05], [137.73, 488.64], [137.74, 769.16]], "timestamp": "2025-12-12T09:36:28.710441+00:00"}, {"symbol": "SOLUSDT", "bids": [[137.45, 548.17], [137.44, 457.41], [137.43, 246.66], [137.42, 544.7], [137.41, 989.12], [137.4, 1716.48], [137.39, 490.38], [137.38, 684.14], [137.37, 781.74], [137.36, 984.72], [137.35, 698.39], [137.34, 937.7], [137.33, 518.69], [137.32, 770.17], [137.31, 807.8], [137.3, 1405.53], [137.29, 836.28], [137.28, 2416.89], [137.27, 679.57], [137.26, 961.66]], "asks": [[137.46, 165.89], [137.47, 424.32], [137.48, 617.4], [137.49, 736.37], [137.5, 1201.93], [137.51, 1390.39], [137.52, 1225.16], [137.53, 666.25], [137.54, 1042.88], [137.55, 1839.62], [137.56, 1209.16], [137.57, 622.89], [137.58, 1288.11], [137.59, 977.92], [137.6, 1213.31], [137.61, 2615.37], [137.62, 792.05], [137.63, 512.1], [137.64, 906.01], [137.65, 1547.83]], "timestamp": "2025-12-12T09:37:21.754479+00:00"}, {"symbol": "SOLUSDT", "bids": [[137.46, 276.99], [137.45, 404.27], [137.44, 1052.08], [137.43, 540.98], [137.42, 799.13], [137.41, 1673.22], [137.4, 1699.08], [137.39, 515.95], [137.38, 1252.77], [137.37, 843.85], [137.36, 850.01], [137.35, 775.25], [137.34, 1799.92], [137.33, 2135.2], [137.32, 887.63], [137.31, 857.5], [137.3, 1164.42], [137.29, 609.66], [137.28, 995.08], [137.27, 714.99]], "asks": [[137.47, 895.81], [137.48, 260.25], [137.49, 758.23], [137.5, 1013.48], [137.51, 953.33], [137.52, 1199.96], [137.53, 1366.03], [137.54, 840.82], [137.55, 1131.84], [137.56, 812.97], [137.57, 1066.31], [137.58, 1222.76], [137.59, 2394.4], [137.6, 939.63], [137.61, 802.38], [137.62, 1053.31], [137.63, 519.41], [137.64, 731.59], [137.65, 1595.43], [137.66, 482.95]], "timestamp": "2025-12-12T09:38:14.919889+00:00"}, {"symbol": "SOLUSDT", "bids": [[137.38, 247.62], [137.37, 805.64], [137.36, 905.77], [137.35, 703.86], [137.34, 1387.36], [137.33, 753.54], [137.32, 676.54], [137.31, 1369.44], [137.3, 910.28], [137.29, 725.12], [137.28, 1420.53], [137.27, 832.89], [137.26, 839.14], [137.25, 1009.97], [137.24, 1330.58], [137.23, 787.8], [137.22, 881.37], [137.21, 1516.49], [137.2, 2624.94], [137.19, 797.13]], "asks": [[137.39, 1162.88], [137.4, 515.98], [137.41, 846.2], [137.42, 909.27], [137.43, 1950.86], [137.44, 1488.49], [137.45, 1659.66], [137.46, 1122.55], [137.47, 835.76], [137.48, 951.44], [137.49, 866.06], [137.5, 1067.92], [137.51, 2412.6], [137.52, 735.15], [137.53, 781.37], [137.54, 869.09], [137.55, 934.86], [137.56, 814.29], [137.57, 914.3], [137.58, 2465.18]], "timestamp": "2025-12-12T09:39:08.360468+00:00"}, {"symbol": "SOLUSDT", "bids": [[137.26, 665.24], [137.25, 628.07], [137.24, 296.41], [137.23, 655.11], [137.22, 1207.66], [137.21, 995.98], [137.2, 2006.8], [137.19, 1075.88], [137.18, 794.08], [137.17, 975.68], [137.16, 2363.1], [137.15, 3266.74], [137.14, 2251.53], [137.13, 2112.99], [137.12, 4928.59], [137.11, 2088.25], [137.1, 919.35], [137.09, 1305.66], [137.08, 1157.13], [137.07, 769.65]], "asks": [[137.27, 380.44], [137.28, 621.65], [137.29, 484.07], [137.3, 967.14], [137.31, 1689.09], [137.32, 1189.41], [137.33, 1329.92], [137.34, 1529.87], [137.35, 1220.09], [137.36, 1235.02], [137.37, 1247.13], [137.38, 1262.01], [137.39, 2554.38], [137.4, 1044.45], [137.41, 571.58], [137.42, 1054.82], [137.43, 3077.48], [137.44, 649.18], [137.45, 800.8], [137.46, 902.89]], "timestamp": "2025-12-12T09:40:00.987998+00:00"}, {"symbol": "SOLUSDT", "bids": [[137.27, 963.0], [137.26, 861.54], [137.25, 828.73], [137.24, 458.73], [137.23, 690.51], [137.22, 894.79], [137.21, 1221.21], [137.2, 1736.17], [137.19, 803.7], [137.18, 1364.6], [137.17, 1055.65], [137.16, 2331.81], [137.15, 3194.93], [137.14, 2512.34], [137.13, 1924.36], [137.12, 3709.54], [137.11, 1700.42], [137.1, 1364.88], [137.09, 2313.99], [137.08, 855.61]], "asks": [[137.28, 85.32], [137.29, 235.81], [137.3, 664.42], [137.31, 493.58], [137.32, 1258.18], [137.33, 1246.23], [137.34, 1533.47], [137.35, 741.43], [137.36, 731.73], [137.37, 1105.63], [137.38, 1212.28], [137.39, 2433.7], [137.4, 1190.24], [137.41, 932.8], [137.42, 849.09], [137.43, 1083.23], [137.44, 1056.71], [137.45, 3783.6], [137.46, 842.7], [137.47, 1157.22]], "timestamp": "2025-12-12T09:40:54.551279+00:00"}, {"symbol": "SOLUSDT", "bids": [[137.28, 766.33], [137.27, 346.41], [137.26, 665.76], [137.25, 1029.12], [137.24, 1280.92], [137.23, 1030.42], [137.22, 954.93], [137.21, 912.36], [137.2, 1590.69], [137.19, 1449.94], [137.18, 907.48], [137.17, 661.82], [137.16, 2635.57], [137.15, 2948.18], [137.14, 2576.66], [137.13, 2023.09], [137.12, 5400.86], [137.11, 2581.03], [137.1, 1196.78], [137.09, 904.1]], "asks": [[137.29, 85.69], [137.3, 193.83], [137.31, 786.6], [137.32, 874.13], [137.33, 1819.29], [137.34, 2019.86], [137.35, 907.77], [137.36, 832.78], [137.37, 1303.19], [137.38, 1000.66], [137.39, 2763.25], [137.4, 1029.41], [137.41, 903.81], [137.42, 860.68], [137.43, 935.77], [137.44, 2773.37], [137.45, 2542.76], [137.46, 892.97], [137.47, 1153.33], [137.48, 524.47]], "timestamp": "2025-12-12T09:41:47.588596+00:00"}, {"symbol": "SOLUSDT", "bids": [[137.37, 530.6], [137.36, 703.45], [137.35, 181.47], [137.34, 582.45], [137.33, 680.33], [137.32, 1195.91], [137.31, 839.49], [137.3, 1539.02], [137.29, 977.7], [137.28, 456.4], [137.27, 680.81], [137.26, 747.55], [137.25, 497.77], [137.24, 904.85], [137.23, 1389.66], [137.22, 2224.65], [137.21, 743.24], [137.2, 1091.81], [137.19, 537.31], [137.18, 1037.95]], "asks": [[137.38, 517.32], [137.39, 298.56], [137.4, 686.85], [137.41, 910.38], [137.42, 1109.42], [137.43, 1705.4], [137.44, 1151.34], [137.45, 853.54], [137.46, 789.17], [137.47, 1138.06], [137.48, 744.34], [137.49, 1081.51], [137.5, 1324.82], [137.51, 914.08], [137.52, 2267.03], [137.53, 724.71], [137.54, 841.34], [137.55, 795.37], [137.56, 797.36], [137.57, 986.21]], "timestamp": "2025-12-12T09:42:40.737816+00:00"}, {"symbol": "SOLUSDT", "bids": [[137.44, 385.5], [137.43, 756.48], [137.42, 272.3], [137.41, 609.05], [137.4, 1534.15], [137.39, 567.09], [137.38, 999.93], [137.37, 1074.4], [137.36, 560.36], [137.35, 992.37], [137.34, 664.49], [137.33, 897.0], [137.32, 810.9], [137.31, 1061.9], [137.3, 947.45], [137.29, 862.51], [137.28, 1033.16], [137.27, 558.29], [137.26, 783.05], [137.25, 914.12]], "asks": [[137.45, 749.57], [137.46, 831.32], [137.47, 629.41], [137.48, 648.15], [137.49, 1081.92], [137.5, 2244.87], [137.51, 1065.86], [137.52, 943.66], [137.53, 811.38], [137.54, 1312.65], [137.55, 950.78], [137.56, 864.87], [137.57, 922.4], [137.58, 1827.34], [137.59, 2134.8], [137.6, 1103.05], [137.61, 1079.39], [137.62, 689.0], [137.63, 1969.57], [137.64, 696.33]], "timestamp": "2025-12-12T09:43:34.668978+00:00"}, {"symbol": "SOLUSDT", "bids": [[137.38, 995.65], [137.37, 765.96], [137.36, 496.35], [137.35, 886.8], [137.34, 934.33], [137.33, 1085.95], [137.32, 1153.54], [137.31, 621.63], [137.3, 952.67], [137.29, 991.57], [137.28, 1045.25], [137.27, 1078.27], [137.26, 2345.65], [137.25, 972.66], [137.24, 918.64], [137.23, 928.79], [137.22, 891.97], [137.21, 684.5], [137.2, 844.47], [137.19, 539.43]], "asks": [[137.39, 365.15], [137.4, 335.87], [137.41, 581.05], [137.42, 880.97], [137.43, 1568.63], [137.44, 1775.34], [137.45, 1133.71], [137.46, 1075.53], [137.47, 660.17], [137.48, 1135.87], [137.49, 639.29], [137.5, 1421.93], [137.51, 855.34], [137.52, 993.65], [137.53, 2582.02], [137.54, 959.8], [137.55, 1042.61], [137.56, 666.59], [137.57, 788.1], [137.58, 2566.85]], "timestamp": "2025-12-12T09:44:27.792952+00:00"}, {"symbol": "SOLUSDT", "bids": [[137.44, 931.39], [137.43, 1151.19], [137.42, 322.46], [137.41, 856.67], [137.4, 1335.69], [137.39, 1438.8], [137.38, 1079.07], [137.37, 793.35], [137.36, 694.49], [137.35, 858.17], [137.34, 747.82], [137.33, 893.62], [137.32, 993.15], [137.31, 1073.34], [137.3, 1413.95], [137.29, 1280.29], [137.28, 844.48], [137.27, 2156.65], [137.26, 775.29], [137.25, 607.23]], "asks": [[137.45, 418.56], [137.46, 270.77], [137.47, 567.2], [137.48, 827.75], [137.49, 1468.15], [137.5, 2155.33], [137.51, 992.31], [137.52, 654.42], [137.53, 1014.9], [137.54, 810.65], [137.55, 914.01], [137.56, 1201.38], [137.57, 1219.43], [137.58, 4457.01], [137.59, 746.48], [137.6, 1165.17], [137.61, 936.22], [137.62, 607.31], [137.63, 678.82], [137.64, 791.17]], "timestamp": "2025-12-12T09:45:20.611159+00:00"}, {"symbol": "SOLUSDT", "bids": [[137.33, 320.35], [137.32, 221.42], [137.31, 1244.51], [137.3, 534.44], [137.29, 1336.6], [137.28, 998.72], [137.27, 797.34], [137.26, 816.49], [137.25, 809.09], [137.24, 948.95], [137.23, 1248.51], [137.22, 757.39], [137.21, 949.03], [137.2, 1380.59], [137.19, 573.01], [137.18, 923.81], [137.17, 1140.77], [137.16, 3342.83], [137.15, 3069.05], [137.14, 2332.6]], "asks": [[137.34, 874.42], [137.35, 566.28], [137.36, 1019.55], [137.37, 564.36], [137.38, 1750.94], [137.39, 1081.52], [137.4, 1061.94], [137.41, 1156.19], [137.42, 544.03], [137.43, 787.97], [137.44, 1229.35], [137.45, 1015.48], [137.46, 1120.14], [137.47, 2184.85], [137.48, 416.34], [137.49, 637.68], [137.5, 1076.99], [137.51, 1074.37], [137.52, 848.53], [137.53, 2235.87]], "timestamp": "2025-12-12T09:46:13.625860+00:00"}, {"symbol": "SOLUSDT", "bids": [[137.33, 335.02], [137.32, 571.12], [137.31, 514.42], [137.3, 366.9], [137.29, 634.82], [137.28, 1020.25], [137.27, 814.6], [137.26, 682.6], [137.25, 591.47], [137.24, 1072.76], [137.23, 1167.47], [137.22, 691.08], [137.21, 639.63], [137.2, 810.4], [137.19, 958.93], [137.18, 1192.54], [137.17, 1107.85], [137.16, 2029.0], [137.15, 3075.83], [137.14, 2118.61]], "asks": [[137.34, 552.97], [137.35, 125.92], [137.36, 317.14], [137.37, 807.19], [137.38, 1860.99], [137.39, 724.57], [137.4, 1291.2], [137.41, 1055.65], [137.42, 727.86], [137.43, 1039.92], [137.44, 1108.63], [137.45, 784.88], [137.46, 689.07], [137.47, 996.8], [137.48, 787.4], [137.49, 2281.85], [137.5, 2863.42], [137.51, 1063.76], [137.52, 614.79], [137.53, 812.6]], "timestamp": "2025-12-12T09:47:06.883551+00:00"}, {"symbol": "SOLUSDT", "bids": [[137.34, 974.64], [137.33, 689.5], [137.32, 671.76], [137.31, 782.52], [137.3, 1113.47], [137.29, 890.41], [137.28, 1348.07], [137.27, 849.81], [137.26, 734.75], [137.25, 840.92], [137.24, 777.27], [137.23, 702.67], [137.22, 900.65], [137.21, 821.22], [137.2, 1063.93], [137.19, 921.68], [137.18, 1222.34], [137.17, 778.84], [137.16, 1725.36], [137.15, 4322.77]], "asks": [[137.35, 64.36], [137.36, 271.82], [137.37, 553.42], [137.38, 558.74], [137.39, 1168.09], [137.4, 1975.78], [137.41, 953.39], [137.42, 971.53], [137.43, 1372.9], [137.44, 1265.78], [137.45, 952.33], [137.46, 732.04], [137.47, 1370.27], [137.48, 2545.01], [137.49, 1111.57], [137.5, 2733.61], [137.51, 1103.08], [137.52, 750.61], [137.53, 1120.1], [137.54, 829.65]], "timestamp": "2025-12-12T09:47:59.715695+00:00"}, {"symbol": "SOLUSDT", "bids": [[137.36, 1039.26], [137.35, 300.98], [137.34, 360.65], [137.33, 708.65], [137.32, 797.43], [137.31, 1336.22], [137.3, 862.62], [137.29, 838.49], [137.28, 1225.2], [137.27, 816.08], [137.26, 830.94], [137.25, 1046.59], [137.24, 955.02], [137.23, 1048.73], [137.22, 1027.28], [137.21, 2666.96], [137.2, 1375.02], [137.19, 969.13], [137.18, 915.55], [137.17, 978.69]], "asks": [[137.37, 340.58], [137.38, 281.57], [137.39, 635.7], [137.4, 739.2], [137.41, 1665.15], [137.42, 908.01], [137.43, 1325.34], [137.44, 1411.19], [137.45, 890.93], [137.46, 925.77], [137.47, 930.05], [137.48, 1188.82], [137.49, 691.29], [137.5, 2784.64], [137.51, 741.38], [137.52, 634.63], [137.53, 1477.46], [137.54, 2349.99], [137.55, 1014.42], [137.56, 781.26]], "timestamp": "2025-12-12T09:48:53.131521+00:00"}, {"symbol": "SOLUSDT", "bids": [[137.47, 354.3], [137.46, 287.97], [137.45, 393.01], [137.44, 809.08], [137.43, 712.47], [137.42, 623.78], [137.41, 881.77], [137.4, 509.68], [137.39, 824.81], [137.38, 798.45], [137.37, 827.59], [137.36, 936.19], [137.35, 762.95], [137.34, 827.34], [137.33, 948.51], [137.32, 982.81], [137.31, 1052.08], [137.3, 977.51], [137.29, 1194.39], [137.28, 665.02]], "asks": [[137.48, 576.07], [137.49, 833.59], [137.5, 1123.35], [137.51, 740.24], [137.52, 1861.88], [137.53, 1548.91], [137.54, 1014.87], [137.55, 1475.16], [137.56, 993.4], [137.57, 631.12], [137.58, 774.24], [137.59, 772.89], [137.6, 1080.84], [137.61, 1219.41], [137.62, 1901.9], [137.63, 822.85], [137.64, 927.77], [137.65, 992.68], [137.66, 649.65], [137.67, 814.37]], "timestamp": "2025-12-12T09:49:47.090442+00:00"}, {"symbol": "SOLUSDT", "bids": [[137.7, 501.38], [137.69, 301.18], [137.68, 575.39], [137.67, 704.19], [137.66, 969.07], [137.65, 1077.82], [137.64, 587.91], [137.63, 713.76], [137.62, 678.91], [137.61, 709.21], [137.6, 675.12], [137.59, 878.9], [137.58, 800.22], [137.57, 983.42], [137.56, 922.08], [137.55, 897.63], [137.54, 1040.81], [137.53, 2302.0], [137.52, 666.56], [137.51, 544.17]], "asks": [[137.71, 125.34], [137.72, 441.65], [137.73, 796.04], [137.74, 1459.43], [137.75, 1710.7], [137.76, 983.47], [137.77, 1144.96], [137.78, 2233.03], [137.79, 695.87], [137.8, 988.85], [137.81, 1021.84], [137.82, 1238.82], [137.83, 802.88], [137.84, 1309.86], [137.85, 2254.73], [137.86, 813.24], [137.87, 1315.69], [137.88, 621.31], [137.89, 997.3], [137.9, 2739.32]], "timestamp": "2025-12-12T09:50:39.665552+00:00"}, {"symbol": "SOLUSDT", "bids": [[137.81, 523.47], [137.8, 513.84], [137.79, 657.57], [137.78, 1087.69], [137.77, 998.27], [137.76, 1001.17], [137.75, 777.44], [137.74, 919.78], [137.73, 874.12], [137.72, 625.47], [137.71, 717.1], [137.7, 841.07], [137.69, 987.36], [137.68, 836.3], [137.67, 1184.54], [137.66, 2061.17], [137.65, 612.1], [137.64, 498.25], [137.63, 1445.51], [137.62, 1107.06]], "asks": [[137.82, 312.46], [137.83, 578.14], [137.84, 1183.65], [137.85, 1488.96], [137.86, 940.66], [137.87, 1475.27], [137.88, 1605.32], [137.89, 1275.62], [137.9, 2030.58], [137.91, 809.4], [137.92, 645.02], [137.93, 766.13], [137.94, 1710.31], [137.95, 771.83], [137.96, 650.79], [137.97, 1159.68], [137.98, 4397.85], [137.99, 1459.78], [138.0, 4399.7], [138.01, 856.42]], "timestamp": "2025-12-12T09:51:33.020328+00:00"}, {"symbol": "SOLUSDT", "bids": [[137.69, 445.82], [137.68, 507.92], [137.67, 654.14], [137.66, 786.9], [137.65, 1207.92], [137.64, 1095.04], [137.63, 605.81], [137.62, 643.27], [137.61, 711.88], [137.6, 948.73], [137.59, 1060.78], [137.58, 904.75], [137.57, 1020.14], [137.56, 2231.41], [137.55, 1000.86], [137.54, 683.02], [137.53, 659.24], [137.52, 846.38], [137.51, 914.34], [137.5, 1165.95]], "asks": [[137.7, 336.96], [137.71, 1133.28], [137.72, 614.55], [137.73, 693.48], [137.74, 821.04], [137.75, 1180.63], [137.76, 935.67], [137.77, 885.77], [137.78, 1420.75], [137.79, 1143.08], [137.8, 905.77], [137.81, 1338.85], [137.82, 727.02], [137.83, 680.62], [137.84, 477.1], [137.85, 673.7], [137.86, 2085.33], [137.87, 1122.31], [137.88, 1092.85], [137.89, 947.39]], "timestamp": "2025-12-12T09:52:25.783936+00:00"}, {"symbol": "SOLUSDT", "bids": [[137.69, 425.58], [137.68, 344.53], [137.67, 509.31], [137.66, 928.19], [137.65, 1411.87], [137.64, 580.7], [137.63, 1062.29], [137.62, 936.99], [137.61, 763.35], [137.6, 1111.78], [137.59, 899.39], [137.58, 915.37], [137.57, 1975.3], [137.56, 895.57], [137.55, 720.24], [137.54, 887.73], [137.53, 561.35], [137.52, 728.22], [137.51, 619.19], [137.5, 917.86]], "asks": [[137.7, 472.06], [137.71, 622.46], [137.72, 726.11], [137.73, 801.07], [137.74, 1060.02], [137.75, 2078.9], [137.76, 1301.18], [137.77, 1250.74], [137.78, 1273.52], [137.79, 1153.24], [137.8, 1194.12], [137.81, 563.2], [137.82, 1364.88], [137.83, 567.09], [137.84, 594.88], [137.85, 974.59], [137.86, 2059.77], [137.87, 940.6], [137.88, 736.77], [137.89, 760.39]], "timestamp": "2025-12-12T09:53:18.591950+00:00"}, {"symbol": "SOLUSDT", "bids": [[137.66, 361.99], [137.65, 314.79], [137.64, 556.94], [137.63, 886.33], [137.62, 1069.86], [137.61, 679.13], [137.6, 765.58], [137.59, 1102.75], [137.58, 444.47], [137.57, 898.4], [137.56, 1079.09], [137.55, 874.71], [137.54, 738.28], [137.53, 1021.39], [137.52, 1139.53], [137.51, 2163.8], [137.5, 1201.64], [137.49, 632.61], [137.48, 741.55], [137.47, 952.99]], "asks": [[137.67, 779.88], [137.68, 639.65], [137.69, 1013.94], [137.7, 848.49], [137.71, 1286.93], [137.72, 1303.28], [137.73, 1497.12], [137.74, 920.61], [137.75, 1423.89], [137.76, 594.8], [137.77, 1210.08], [137.78, 644.86], [137.79, 1014.82], [137.8, 1247.29], [137.81, 782.38], [137.82, 854.8], [137.83, 2056.14], [137.84, 579.9], [137.85, 1034.99], [137.86, 782.23]], "timestamp": "2025-12-12T09:54:12.255267+00:00"}, {"symbol": "SOLUSDT", "bids": [[137.65, 1174.44], [137.64, 558.72], [137.63, 601.38], [137.62, 1177.98], [137.61, 974.44], [137.6, 923.67], [137.59, 1259.75], [137.58, 461.28], [137.57, 716.45], [137.56, 1017.22], [137.55, 639.61], [137.54, 484.12], [137.53, 908.34], [137.52, 1099.8], [137.51, 2017.9], [137.5, 1331.86], [137.49, 2097.69], [137.48, 560.76], [137.47, 807.8], [137.46, 814.94]], "asks": [[137.66, 274.7], [137.67, 586.84], [137.68, 442.68], [137.69, 1063.52], [137.7, 1266.69], [137.71, 1172.23], [137.72, 1128.68], [137.73, 1352.72], [137.74, 720.01], [137.75, 740.94], [137.76, 762.04], [137.77, 1257.22], [137.78, 632.87], [137.79, 842.17], [137.8, 1157.35], [137.81, 848.79], [137.82, 2329.68], [137.83, 826.24], [137.84, 694.31], [137.85, 1310.03]], "timestamp": "2025-12-12T09:55:05.931532+00:00"}, {"symbol": "SOLUSDT", "bids": [[137.74, 508.77], [137.73, 623.69], [137.72, 384.57], [137.71, 1056.65], [137.7, 1184.45], [137.69, 1033.38], [137.68, 871.68], [137.67, 1201.09], [137.66, 720.56], [137.65, 518.32], [137.64, 497.16], [137.63, 834.04], [137.62, 821.71], [137.61, 1494.45], [137.6, 3652.94], [137.59, 1110.2], [137.58, 584.8], [137.57, 906.39], [137.56, 920.69], [137.55, 1192.51]], "asks": [[137.75, 268.14], [137.76, 379.88], [137.77, 679.7], [137.78, 1766.14], [137.79, 972.16], [137.8, 1104.88], [137.81, 716.5], [137.82, 1497.62], [137.83, 1289.42], [137.84, 588.07], [137.85, 888.17], [137.86, 634.48], [137.87, 1455.51], [137.88, 727.56], [137.89, 649.4], [137.9, 1335.28], [137.91, 2040.28], [137.92, 733.44], [137.93, 2041.29], [137.94, 2331.47]], "timestamp": "2025-12-12T09:55:58.992889+00:00"}, {"symbol": "SOLUSDT", "bids": [[137.84, 510.38], [137.83, 440.98], [137.82, 871.56], [137.81, 1050.5], [137.8, 1083.22], [137.79, 1223.32], [137.78, 1064.14], [137.77, 1823.67], [137.76, 577.56], [137.75, 773.38], [137.74, 534.93], [137.73, 739.99], [137.72, 765.08], [137.71, 833.73], [137.7, 1608.13], [137.69, 3659.17], [137.68, 748.62], [137.67, 1497.91], [137.66, 887.41], [137.65, 440.02]], "asks": [[137.85, 132.02], [137.86, 642.16], [137.87, 1095.27], [137.88, 1753.01], [137.89, 1906.2], [137.9, 1666.25], [137.91, 695.98], [137.92, 906.98], [137.93, 2153.27], [137.94, 842.71], [137.95, 761.27], [137.96, 1824.41], [137.97, 955.82], [137.98, 1622.21], [137.99, 1436.64], [138.0, 3292.35], [138.01, 433.89], [138.02, 1180.7], [138.03, 4116.96], [138.04, 754.88]], "timestamp": "2025-12-12T09:56:51.897152+00:00"}, {"symbol": "SOLUSDT", "bids": [[137.97, 350.35], [137.96, 190.68], [137.95, 679.53], [137.94, 930.89], [137.93, 997.59], [137.92, 833.03], [137.91, 1178.48], [137.9, 952.87], [137.89, 639.95], [137.88, 864.89], [137.87, 680.85], [137.86, 837.81], [137.85, 1093.82], [137.84, 1229.96], [137.83, 2353.86], [137.82, 2553.66], [137.81, 814.02], [137.8, 1406.83], [137.79, 741.41], [137.78, 1147.54]], "asks": [[137.98, 532.2], [137.99, 1188.08], [138.0, 3406.97], [138.01, 1821.34], [138.02, 1272.06], [138.03, 963.48], [138.04, 2082.29], [138.05, 1121.1], [138.06, 784.62], [138.07, 955.44], [138.08, 950.65], [138.09, 1525.77], [138.1, 1512.04], [138.11, 2474.15], [138.12, 918.23], [138.13, 954.43], [138.14, 1442.5], [138.15, 2761.06], [138.16, 1324.32], [138.17, 960.31]], "timestamp": "2025-12-12T09:57:44.748393+00:00"}, {"symbol": "SOLUSDT", "bids": [[137.94, 349.04], [137.93, 385.25], [137.92, 866.44], [137.91, 1245.5], [137.9, 1952.2], [137.89, 886.13], [137.88, 1128.47], [137.87, 1759.72], [137.86, 1122.03], [137.85, 1085.56], [137.84, 1017.94], [137.83, 993.92], [137.82, 1248.31], [137.81, 882.07], [137.8, 942.82], [137.79, 2367.59], [137.78, 972.84], [137.77, 614.49], [137.76, 471.97], [137.75, 908.08]], "asks": [[137.95, 173.0], [137.96, 268.09], [137.97, 1168.48], [137.98, 688.82], [137.99, 1506.65], [138.0, 3654.3], [138.01, 1198.77], [138.02, 1590.24], [138.03, 717.35], [138.04, 858.28], [138.05, 768.85], [138.06, 1286.18], [138.07, 945.72], [138.08, 816.07], [138.09, 893.93], [138.1, 963.22], [138.11, 963.88], [138.12, 1269.86], [138.13, 2219.76], [138.14, 1256.81]], "timestamp": "2025-12-12T09:58:38.290004+00:00"}, {"symbol": "SOLUSDT", "bids": [[138.24, 161.15], [138.23, 535.82], [138.22, 881.58], [138.21, 937.85], [138.2, 670.83], [138.19, 783.06], [138.18, 1472.58], [138.17, 692.15], [138.16, 809.19], [138.15, 990.31], [138.14, 670.22], [138.13, 622.27], [138.12, 828.62], [138.11, 1245.93], [138.1, 729.51], [138.09, 1709.03], [138.08, 1116.8], [138.07, 400.42], [138.06, 855.5], [138.05, 1101.21]], "asks": [[138.25, 894.81], [138.26, 1136.19], [138.27, 2153.6], [138.28, 1087.93], [138.29, 463.31], [138.3, 808.96], [138.31, 1089.73], [138.32, 1396.79], [138.33, 654.97], [138.34, 684.78], [138.35, 631.19], [138.36, 526.81], [138.37, 811.3], [138.38, 448.22], [138.39, 426.48], [138.4, 636.45], [138.41, 844.18], [138.42, 1946.02], [138.43, 782.47], [138.44, 1238.25]], "timestamp": "2025-12-12T09:59:31.127653+00:00"}, {"symbol": "SOLUSDT", "bids": [[138.14, 230.48], [138.13, 693.7], [138.12, 673.84], [138.11, 583.46], [138.1, 696.7], [138.09, 1229.3], [138.08, 648.17], [138.07, 845.06], [138.06, 736.48], [138.05, 609.95], [138.04, 789.65], [138.03, 799.43], [138.02, 752.29], [138.01, 1266.66], [138.0, 2673.52], [137.99, 780.73], [137.98, 480.6], [137.97, 1006.35], [137.96, 1981.9], [137.95, 882.59]], "asks": [[138.15, 1247.29], [138.16, 616.11], [138.17, 1435.66], [138.18, 526.99], [138.19, 453.34], [138.2, 981.56], [138.21, 1073.49], [138.22, 756.19], [138.23, 912.26], [138.24, 706.95], [138.25, 515.9], [138.26, 1328.65], [138.27, 2598.68], [138.28, 410.06], [138.29, 519.73], [138.3, 1054.49], [138.31, 1775.47], [138.32, 945.47], [138.33, 883.6], [138.34, 720.49]], "timestamp": "2025-12-12T10:00:24.171852+00:00"}, {"symbol": "SOLUSDT", "bids": [[138.25, 280.57], [138.24, 464.72], [138.23, 926.96], [138.22, 1435.63], [138.21, 1789.98], [138.2, 2371.23], [138.19, 2056.06], [138.18, 2039.83], [138.17, 2308.63], [138.16, 654.96], [138.15, 919.69], [138.14, 608.18], [138.13, 486.0], [138.12, 1118.84], [138.11, 994.34], [138.1, 988.84], [138.09, 1039.21], [138.08, 949.37], [138.07, 573.25], [138.06, 2498.89]], "asks": [[138.26, 532.53], [138.27, 190.36], [138.28, 594.24], [138.29, 639.61], [138.3, 911.12], [138.31, 998.98], [138.32, 962.5], [138.33, 915.04], [138.34, 791.32], [138.35, 910.32], [138.36, 663.55], [138.37, 982.15], [138.38, 1447.43], [138.39, 445.27], [138.4, 1079.33], [138.41, 3255.77], [138.42, 897.38], [138.43, 1180.5], [138.44, 1077.49], [138.45, 541.85]], "timestamp": "2025-12-12T10:01:18.435878+00:00"}, {"symbol": "SOLUSDT", "bids": [[138.08, 713.78], [138.07, 893.45], [138.06, 739.9], [138.05, 981.1], [138.04, 1031.36], [138.03, 1091.2], [138.02, 581.95], [138.01, 1079.81], [138.0, 1918.61], [137.99, 645.33], [137.98, 719.91], [137.97, 998.05], [137.96, 800.1], [137.95, 915.84], [137.94, 842.68], [137.93, 2001.4], [137.92, 652.1], [137.91, 1168.46], [137.9, 889.79], [137.89, 2058.38]], "asks": [[138.09, 551.84], [138.1, 198.5], [138.11, 805.22], [138.12, 439.56], [138.13, 609.2], [138.14, 702.17], [138.15, 1505.58], [138.16, 1526.26], [138.17, 1131.17], [138.18, 817.95], [138.19, 1212.75], [138.2, 604.63], [138.21, 723.81], [138.22, 1017.44], [138.23, 862.46], [138.24, 1633.2], [138.25, 603.83], [138.26, 762.28], [138.27, 2064.78], [138.28, 710.27]], "timestamp": "2025-12-12T10:02:10.900582+00:00"}, {"symbol": "SOLUSDT", "bids": [[138.06, 459.45], [138.05, 1003.94], [138.04, 397.95], [138.03, 1038.14], [138.02, 1105.02], [138.01, 936.89], [138.0, 2141.68], [137.99, 581.58], [137.98, 714.76], [137.97, 935.48], [137.96, 768.34], [137.95, 960.83], [137.94, 1061.72], [137.93, 2612.64], [137.92, 929.19], [137.91, 1132.91], [137.9, 1125.02], [137.89, 1971.94], [137.88, 718.4], [137.87, 927.66]], "asks": [[138.07, 703.76], [138.08, 526.66], [138.09, 505.54], [138.1, 167.38], [138.11, 443.4], [138.12, 530.32], [138.13, 670.17], [138.14, 762.51], [138.15, 764.63], [138.16, 874.99], [138.17, 632.24], [138.18, 743.79], [138.19, 908.22], [138.2, 1234.95], [138.21, 1931.93], [138.22, 611.61], [138.23, 570.46], [138.24, 699.98], [138.25, 944.41], [138.26, 1839.08]], "timestamp": "2025-12-12T10:03:04.327313+00:00"}, {"symbol": "SOLUSDT", "bids": [[138.18, 281.36], [138.17, 564.84], [138.16, 993.5], [138.15, 751.18], [138.14, 1335.12], [138.13, 978.41], [138.12, 1747.87], [138.11, 1021.07], [138.1, 1236.09], [138.09, 1096.89], [138.08, 1363.43], [138.07, 946.15], [138.06, 811.72], [138.05, 1231.02], [138.04, 872.62], [138.03, 1016.69], [138.02, 2075.46], [138.01, 909.16], [138.0, 1772.48], [137.99, 891.19]], "asks": [[138.19, 849.68], [138.2, 223.16], [138.21, 227.53], [138.22, 863.89], [138.23, 1017.47], [138.24, 696.39], [138.25, 648.12], [138.26, 668.15], [138.27, 614.19], [138.28, 672.48], [138.29, 795.34], [138.3, 936.26], [138.31, 1798.3], [138.32, 466.79], [138.33, 777.5], [138.34, 2436.52], [138.35, 972.47], [138.36, 674.96], [138.37, 829.99], [138.38, 845.5]], "timestamp": "2025-12-12T10:03:57.167931+00:00"}, {"symbol": "SOLUSDT", "bids": [[138.1, 104.33], [138.09, 740.72], [138.08, 727.9], [138.07, 800.07], [138.06, 712.7], [138.05, 968.12], [138.04, 378.1], [138.03, 777.37], [138.02, 791.94], [138.01, 1124.22], [138.0, 1827.49], [137.99, 515.76], [137.98, 829.75], [137.97, 815.9], [137.96, 1258.03], [137.95, 2247.06], [137.94, 2054.53], [137.93, 681.68], [137.92, 671.94], [137.91, 1065.05]], "asks": [[138.11, 493.56], [138.12, 378.35], [138.13, 581.12], [138.14, 668.04], [138.15, 1309.06], [138.16, 1240.08], [138.17, 1425.16], [138.18, 1134.8], [138.19, 1021.42], [138.2, 793.91], [138.21, 1129.38], [138.22, 851.35], [138.23, 795.4], [138.24, 1007.77], [138.25, 1817.12], [138.26, 469.49], [138.27, 817.16], [138.28, 1207.24], [138.29, 862.25], [138.3, 2059.79]], "timestamp": "2025-12-12T10:04:50.827793+00:00"}, {"symbol": "SOLUSDT", "bids": [[138.16, 522.63], [138.15, 389.49], [138.14, 706.76], [138.13, 598.52], [138.12, 1115.12], [138.11, 886.05], [138.1, 981.6], [138.09, 1340.8], [138.08, 991.02], [138.07, 735.36], [138.06, 1028.48], [138.05, 666.05], [138.04, 643.49], [138.03, 1148.65], [138.02, 1000.2], [138.01, 2286.24], [138.0, 1526.36], [137.99, 444.26], [137.98, 495.58], [137.97, 688.14]], "asks": [[138.17, 241.61], [138.18, 1321.68], [138.19, 248.58], [138.2, 330.41], [138.21, 1125.8], [138.22, 942.66], [138.23, 907.73], [138.24, 1049.41], [138.25, 993.11], [138.26, 2203.02], [138.27, 913.38], [138.28, 788.53], [138.29, 610.18], [138.3, 881.92], [138.31, 2302.53], [138.32, 617.36], [138.33, 571.71], [138.34, 926.86], [138.35, 976.23], [138.36, 814.84]], "timestamp": "2025-12-12T10:05:43.800382+00:00"}, {"symbol": "SOLUSDT", "bids": [[138.19, 660.7], [138.18, 453.82], [138.17, 864.33], [138.16, 1004.92], [138.15, 1757.53], [138.14, 1088.93], [138.13, 1158.43], [138.12, 1031.27], [138.11, 842.74], [138.1, 777.5], [138.09, 624.15], [138.08, 618.95], [138.07, 676.47], [138.06, 875.88], [138.05, 1295.19], [138.04, 2312.31], [138.03, 964.75], [138.02, 712.34], [138.01, 826.77], [138.0, 938.51]], "asks": [[138.2, 1039.27], [138.21, 315.23], [138.22, 687.99], [138.23, 509.39], [138.24, 519.85], [138.25, 808.21], [138.26, 762.2], [138.27, 902.06], [138.28, 706.22], [138.29, 744.2], [138.3, 832.22], [138.31, 1200.29], [138.32, 3317.17], [138.33, 723.3], [138.34, 817.79], [138.35, 618.86], [138.36, 510.11], [138.37, 944.41], [138.38, 629.3], [138.39, 970.44]], "timestamp": "2025-12-12T10:06:36.815485+00:00"}, {"symbol": "SOLUSDT", "bids": [[138.15, 409.95], [138.14, 538.54], [138.13, 633.71], [138.12, 700.49], [138.11, 897.87], [138.1, 1124.22], [138.09, 837.02], [138.08, 718.8], [138.07, 1028.44], [138.06, 797.61], [138.05, 720.15], [138.04, 814.31], [138.03, 1169.57], [138.02, 2223.6], [138.01, 1514.19], [138.0, 2214.48], [137.99, 729.6], [137.98, 704.94], [137.97, 689.5], [137.96, 897.07]], "asks": [[138.16, 477.2], [138.17, 371.91], [138.18, 595.69], [138.19, 654.38], [138.2, 817.55], [138.21, 1222.37], [138.22, 1182.22], [138.23, 863.61], [138.24, 831.97], [138.25, 932.83], [138.26, 696.75], [138.27, 640.52], [138.28, 782.26], [138.29, 2072.13], [138.3, 890.76], [138.31, 765.1], [138.32, 677.65], [138.33, 911.38], [138.34, 966.21], [138.35, 957.42]], "timestamp": "2025-12-12T10:07:29.854163+00:00"}, {"symbol": "SOLUSDT", "bids": [[138.15, 1103.9], [138.14, 611.11], [138.13, 725.71], [138.12, 973.19], [138.11, 1134.02], [138.1, 1643.91], [138.09, 843.46], [138.08, 731.22], [138.07, 645.07], [138.06, 792.48], [138.05, 1004.77], [138.04, 1042.4], [138.03, 1297.46], [138.02, 1910.0], [138.01, 1063.58], [138.0, 2760.52], [137.99, 527.69], [137.98, 719.56], [137.97, 507.64], [137.96, 824.89]], "asks": [[138.16, 187.49], [138.17, 225.58], [138.18, 180.0], [138.19, 542.51], [138.2, 484.07], [138.21, 779.23], [138.22, 1279.46], [138.23, 1089.43], [138.24, 1067.51], [138.25, 849.46], [138.26, 669.65], [138.27, 871.69], [138.28, 1215.35], [138.29, 836.38], [138.3, 907.12], [138.31, 1916.93], [138.32, 839.56], [138.33, 803.38], [138.34, 2286.22], [138.35, 987.39]], "timestamp": "2025-12-12T10:08:23.224728+00:00"}, {"symbol": "SOLUSDT", "bids": [[138.18, 336.36], [138.17, 382.4], [138.16, 645.42], [138.15, 853.89], [138.14, 845.67], [138.13, 950.61], [138.12, 1448.32], [138.11, 1108.97], [138.1, 1706.06], [138.09, 962.45], [138.08, 903.79], [138.07, 763.15], [138.06, 692.73], [138.05, 902.63], [138.04, 912.5], [138.03, 919.98], [138.02, 903.03], [138.01, 2404.04], [138.0, 1474.61], [137.99, 481.92]], "asks": [[138.19, 668.37], [138.2, 439.65], [138.21, 518.5], [138.22, 1061.33], [138.23, 965.5], [138.24, 930.11], [138.25, 1122.84], [138.26, 750.81], [138.27, 811.29], [138.28, 1206.17], [138.29, 714.54], [138.3, 1147.23], [138.31, 2503.2], [138.32, 861.0], [138.33, 1949.11], [138.34, 975.33], [138.35, 1142.4], [138.36, 636.19], [138.37, 921.52], [138.38, 773.6]], "timestamp": "2025-12-12T10:09:16.458287+00:00"}, {"symbol": "SOLUSDT", "bids": [[138.19, 82.58], [138.18, 296.57], [138.17, 647.98], [138.16, 1322.9], [138.15, 1346.08], [138.14, 1292.21], [138.13, 638.44], [138.12, 767.82], [138.11, 1237.56], [138.1, 1406.55], [138.09, 963.86], [138.08, 1124.9], [138.07, 1100.54], [138.06, 974.25], [138.05, 719.58], [138.04, 611.93], [138.03, 799.96], [138.02, 1990.31], [138.01, 1138.3], [138.0, 1130.57]], "asks": [[138.2, 876.45], [138.21, 344.16], [138.22, 710.12], [138.23, 772.0], [138.24, 847.72], [138.25, 780.42], [138.26, 988.94], [138.27, 1008.12], [138.28, 1309.83], [138.29, 556.67], [138.3, 885.88], [138.31, 857.57], [138.32, 982.27], [138.33, 1961.43], [138.34, 1088.68], [138.35, 2386.93], [138.36, 476.85], [138.37, 997.87], [138.38, 760.76], [138.39, 1079.44]], "timestamp": "2025-12-12T10:10:09.515462+00:00"}, {"symbol": "SOLUSDT", "bids": [[138.34, 246.74], [138.33, 476.66], [138.32, 309.72], [138.31, 714.42], [138.3, 1736.81], [138.29, 1073.55], [138.28, 1074.55], [138.27, 655.32], [138.26, 1060.2], [138.25, 853.2], [138.24, 396.99], [138.23, 954.89], [138.22, 1191.08], [138.21, 664.88], [138.2, 1264.82], [138.19, 2366.81], [138.18, 701.94], [138.17, 577.33], [138.16, 1288.53], [138.15, 2196.09]], "asks": [[138.35, 899.43], [138.36, 573.5], [138.37, 1810.64], [138.38, 395.48], [138.39, 570.94], [138.4, 1755.15], [138.41, 1257.0], [138.42, 576.95], [138.43, 574.51], [138.44, 823.54], [138.45, 931.5], [138.46, 1218.2], [138.47, 649.38], [138.48, 924.59], [138.49, 1015.69], [138.5, 1906.83], [138.51, 3496.2], [138.52, 785.37], [138.53, 553.52], [138.54, 710.75]], "timestamp": "2025-12-12T10:11:01.927195+00:00"}, {"symbol": "SOLUSDT", "bids": [[138.22, 320.44], [138.21, 307.78], [138.2, 383.62], [138.19, 671.71], [138.18, 838.15], [138.17, 1167.91], [138.16, 1445.93], [138.15, 744.62], [138.14, 491.46], [138.13, 824.76], [138.12, 899.68], [138.11, 854.08], [138.1, 1352.74], [138.09, 2005.95], [138.08, 524.51], [138.07, 558.66], [138.06, 454.98], [138.05, 903.83], [138.04, 798.75], [138.03, 1932.14]], "asks": [[138.23, 1313.08], [138.24, 734.79], [138.25, 1242.06], [138.26, 1075.82], [138.27, 671.46], [138.28, 540.58], [138.29, 1265.68], [138.3, 668.29], [138.31, 1294.05], [138.32, 974.03], [138.33, 659.86], [138.34, 947.84], [138.35, 789.67], [138.36, 574.23], [138.37, 1009.54], [138.38, 916.21], [138.39, 514.51], [138.4, 555.35], [138.41, 832.47], [138.42, 2197.59]], "timestamp": "2025-12-12T10:11:55.380392+00:00"}, {"symbol": "SOLUSDT", "bids": [[138.22, 521.27], [138.21, 670.31], [138.2, 1349.45], [138.19, 597.92], [138.18, 1035.92], [138.17, 1336.98], [138.16, 1218.16], [138.15, 956.91], [138.14, 531.51], [138.13, 844.59], [138.12, 674.65], [138.11, 555.52], [138.1, 988.97], [138.09, 1260.52], [138.08, 2040.55], [138.07, 1017.05], [138.06, 1110.94], [138.05, 830.43], [138.04, 581.18], [138.03, 696.14]], "asks": [[138.23, 277.35], [138.24, 315.93], [138.25, 683.85], [138.26, 673.47], [138.27, 755.23], [138.28, 850.76], [138.29, 968.41], [138.3, 1053.73], [138.31, 835.84], [138.32, 1087.0], [138.33, 653.5], [138.34, 1152.08], [138.35, 1031.63], [138.36, 657.65], [138.37, 1180.64], [138.38, 3602.16], [138.39, 792.32], [138.4, 763.36], [138.41, 1042.13], [138.42, 835.43]], "timestamp": "2025-12-12T10:12:48.223551+00:00"}, {"symbol": "SOLUSDT", "bids": [[138.31, 854.86], [138.3, 879.93], [138.29, 547.73], [138.28, 852.1], [138.27, 1063.37], [138.26, 742.11], [138.25, 1194.84], [138.24, 1038.07], [138.23, 844.61], [138.22, 836.55], [138.21, 994.9], [138.2, 1446.83], [138.19, 711.86], [138.18, 713.26], [138.17, 988.69], [138.16, 2757.72], [138.15, 1257.83], [138.14, 826.27], [138.13, 1212.54], [138.12, 609.85]], "asks": [[138.32, 881.06], [138.33, 142.12], [138.34, 372.73], [138.35, 702.24], [138.36, 1025.34], [138.37, 936.44], [138.38, 1457.53], [138.39, 677.65], [138.4, 814.79], [138.41, 829.77], [138.42, 919.51], [138.43, 906.89], [138.44, 893.16], [138.45, 827.17], [138.46, 2193.91], [138.47, 824.62], [138.48, 986.05], [138.49, 1440.03], [138.5, 3383.98], [138.51, 1121.51]], "timestamp": "2025-12-12T10:13:41.571455+00:00"}, {"symbol": "SOLUSDT", "bids": [[138.32, 423.17], [138.31, 298.57], [138.3, 907.62], [138.29, 1099.3], [138.28, 1530.0], [138.27, 976.27], [138.26, 841.99], [138.25, 920.24], [138.24, 782.06], [138.23, 706.06], [138.22, 627.15], [138.21, 1049.99], [138.2, 1633.52], [138.19, 1271.79], [138.18, 2085.69], [138.17, 657.66], [138.16, 1593.06], [138.15, 950.65], [138.14, 1048.49], [138.13, 2351.07]], "asks": [[138.33, 743.54], [138.34, 844.07], [138.35, 762.92], [138.36, 690.97], [138.37, 486.07], [138.38, 924.57], [138.39, 1107.54], [138.4, 833.83], [138.41, 764.5], [138.42, 725.33], [138.43, 870.61], [138.44, 880.47], [138.45, 849.86], [138.46, 1986.1], [138.47, 871.01], [138.48, 2226.79], [138.49, 940.21], [138.5, 2213.5], [138.51, 822.66], [138.52, 635.07]], "timestamp": "2025-12-12T10:14:35.330873+00:00"}, {"symbol": "SOLUSDT", "bids": [[138.26, 505.1], [138.25, 440.1], [138.24, 522.84], [138.23, 568.66], [138.22, 1068.65], [138.21, 1525.42], [138.2, 2189.9], [138.19, 817.32], [138.18, 954.95], [138.17, 617.56], [138.16, 1355.92], [138.15, 1628.3], [138.14, 820.27], [138.13, 1011.56], [138.12, 2294.63], [138.11, 2034.2], [138.1, 767.1], [138.09, 892.03], [138.08, 1129.32], [138.07, 1855.33]], "asks": [[138.27, 519.82], [138.28, 462.97], [138.29, 578.45], [138.3, 628.16], [138.31, 711.05], [138.32, 1085.1], [138.33, 821.54], [138.34, 949.77], [138.35, 1111.75], [138.36, 626.26], [138.37, 648.56], [138.38, 817.27], [138.39, 686.42], [138.4, 2025.78], [138.41, 1136.28], [138.42, 2032.28], [138.43, 641.98], [138.44, 1008.55], [138.45, 2006.09], [138.46, 685.59]], "timestamp": "2025-12-12T10:15:28.375103+00:00"}, {"symbol": "SOLUSDT", "bids": [[138.29, 636.45], [138.28, 484.3], [138.27, 866.13], [138.26, 332.88], [138.25, 781.29], [138.24, 1798.14], [138.23, 650.48], [138.22, 844.37], [138.21, 918.78], [138.2, 762.5], [138.19, 683.55], [138.18, 1089.12], [138.17, 1038.47], [138.16, 1498.93], [138.15, 2760.75], [138.14, 861.13], [138.13, 2486.5], [138.12, 965.82], [138.11, 680.96], [138.1, 672.59]], "asks": [[138.3, 1116.52], [138.31, 396.19], [138.32, 693.83], [138.33, 1224.63], [138.34, 776.53], [138.35, 1365.6], [138.36, 948.13], [138.37, 694.47], [138.38, 930.14], [138.39, 835.86], [138.4, 1249.57], [138.41, 948.14], [138.42, 912.71], [138.43, 714.82], [138.44, 975.33], [138.45, 600.8], [138.46, 1112.18], [138.47, 2283.11], [138.48, 915.59], [138.49, 640.82]], "timestamp": "2025-12-12T10:16:21.222024+00:00"}, {"symbol": "SOLUSDT", "bids": [[138.22, 1311.54], [138.21, 543.66], [138.2, 499.7], [138.19, 929.06], [138.18, 1393.39], [138.17, 1487.58], [138.16, 1080.05], [138.15, 1087.22], [138.14, 822.54], [138.13, 911.31], [138.12, 1346.18], [138.11, 1141.92], [138.1, 2328.14], [138.09, 797.27], [138.08, 840.62], [138.07, 2516.64], [138.06, 814.28], [138.05, 700.51], [138.04, 489.56], [138.03, 666.92]], "asks": [[138.23, 240.41], [138.24, 383.64], [138.25, 565.23], [138.26, 824.72], [138.27, 1199.88], [138.28, 794.35], [138.29, 1428.54], [138.3, 3177.61], [138.31, 3664.54], [138.32, 628.89], [138.33, 885.35], [138.34, 637.36], [138.35, 1090.63], [138.36, 607.08], [138.37, 2148.92], [138.38, 981.34], [138.39, 747.61], [138.4, 1440.6], [138.41, 659.34], [138.42, 867.03]], "timestamp": "2025-12-12T10:17:14.259165+00:00"}, {"symbol": "SOLUSDT", "bids": [[138.22, 338.23], [138.21, 584.74], [138.2, 658.12], [138.19, 653.49], [138.18, 1000.98], [138.17, 1281.35], [138.16, 1315.46], [138.15, 1152.08], [138.14, 1078.32], [138.13, 2510.06], [138.12, 1221.73], [138.11, 751.37], [138.1, 714.52], [138.09, 851.69], [138.08, 797.12], [138.07, 2532.24], [138.06, 813.79], [138.05, 720.48], [138.04, 525.81], [138.03, 802.94]], "asks": [[138.23, 541.55], [138.24, 969.59], [138.25, 1049.02], [138.26, 1118.31], [138.27, 1507.75], [138.28, 926.86], [138.29, 1000.45], [138.3, 1499.65], [138.31, 976.2], [138.32, 882.81], [138.33, 1699.07], [138.34, 1049.84], [138.35, 957.29], [138.36, 797.5], [138.37, 1034.81], [138.38, 2770.95], [138.39, 713.79], [138.4, 2462.95], [138.41, 763.14], [138.42, 779.59]], "timestamp": "2025-12-12T10:18:07.815738+00:00"}, {"symbol": "SOLUSDT", "bids": [[138.06, 107.82], [138.05, 966.33], [138.04, 553.42], [138.03, 470.94], [138.02, 719.73], [138.01, 947.2], [138.0, 1713.86], [137.99, 649.31], [137.98, 1216.28], [137.97, 862.48], [137.96, 645.03], [137.95, 934.35], [137.94, 906.07], [137.93, 746.07], [137.92, 1060.45], [137.91, 2748.29], [137.9, 1006.25], [137.89, 759.94], [137.88, 1638.18], [137.87, 1050.85]], "asks": [[138.07, 1793.25], [138.08, 524.37], [138.09, 353.07], [138.1, 565.1], [138.11, 1246.4], [138.12, 1241.56], [138.13, 1307.97], [138.14, 885.21], [138.15, 930.04], [138.16, 903.91], [138.17, 1140.18], [138.18, 944.5], [138.19, 963.26], [138.2, 753.14], [138.21, 2181.7], [138.22, 1879.94], [138.23, 2098.87], [138.24, 780.03], [138.25, 1116.47], [138.26, 1077.96]], "timestamp": "2025-12-12T10:19:01.440946+00:00"}, {"symbol": "SOLUSDT", "bids": [[138.18, 57.27], [138.17, 156.8], [138.16, 294.22], [138.15, 1047.2], [138.14, 2105.79], [138.13, 2124.94], [138.12, 1380.2], [138.11, 1454.11], [138.1, 2472.11], [138.09, 677.54], [138.08, 992.39], [138.07, 1107.16], [138.06, 1475.23], [138.05, 1930.85], [138.04, 976.82], [138.03, 1251.21], [138.02, 424.54], [138.01, 2838.23], [138.0, 1437.35], [137.99, 578.42]], "asks": [[138.19, 1720.08], [138.2, 1236.43], [138.21, 139.47], [138.22, 421.19], [138.23, 910.72], [138.24, 861.04], [138.25, 1042.42], [138.26, 1081.39], [138.27, 1509.04], [138.28, 3765.28], [138.29, 1288.19], [138.3, 1782.63], [138.31, 2180.69], [138.32, 710.85], [138.33, 692.49], [138.34, 1167.89], [138.35, 1301.11], [138.36, 2332.19], [138.37, 962.35], [138.38, 488.88]], "timestamp": "2025-12-12T10:19:54.521269+00:00"}, {"symbol": "SOLUSDT", "bids": [[138.1, 737.87], [138.09, 745.98], [138.08, 857.38], [138.07, 787.17], [138.06, 1381.88], [138.05, 1385.08], [138.04, 597.0], [138.03, 882.81], [138.02, 698.88], [138.01, 1517.12], [138.0, 1270.49], [137.99, 1221.67], [137.98, 1146.72], [137.97, 578.98], [137.96, 695.8], [137.95, 946.39], [137.94, 840.59], [137.93, 2335.12], [137.92, 894.31], [137.91, 751.75]], "asks": [[138.11, 362.31], [138.12, 160.31], [138.13, 619.74], [138.14, 1310.87], [138.15, 1089.63], [138.16, 2146.8], [138.17, 1402.98], [138.18, 1035.15], [138.19, 1015.85], [138.2, 868.13], [138.21, 754.27], [138.22, 853.07], [138.23, 769.06], [138.24, 798.15], [138.25, 958.99], [138.26, 2569.84], [138.27, 2736.32], [138.28, 3386.66], [138.29, 1471.89], [138.3, 2764.46]], "timestamp": "2025-12-12T10:20:47.662582+00:00"}, {"symbol": "SOLUSDT", "bids": [[138.01, 364.78], [138.0, 1118.05], [137.99, 385.35], [137.98, 899.28], [137.97, 1231.86], [137.96, 656.51], [137.95, 1063.61], [137.94, 585.42], [137.93, 1175.83], [137.92, 1324.89], [137.91, 1106.69], [137.9, 2529.75], [137.89, 993.9], [137.88, 1734.57], [137.87, 1403.81], [137.86, 1958.78], [137.85, 736.54], [137.84, 974.24], [137.83, 1191.86], [137.82, 1348.19]], "asks": [[138.02, 961.87], [138.03, 387.11], [138.04, 548.19], [138.05, 587.28], [138.06, 794.51], [138.07, 899.69], [138.08, 1341.92], [138.09, 1018.27], [138.1, 954.71], [138.11, 966.59], [138.12, 564.6], [138.13, 1059.28], [138.14, 1032.56], [138.15, 930.53], [138.16, 1037.03], [138.17, 922.17], [138.18, 1837.85], [138.19, 2668.92], [138.2, 2255.49], [138.21, 1068.37]], "timestamp": "2025-12-12T10:21:41.320044+00:00"}, {"symbol": "SOLUSDT", "bids": [[138.1, 1365.95], [138.09, 982.09], [138.08, 1202.29], [138.07, 2713.98], [138.06, 1392.4], [138.05, 1131.12], [138.04, 1234.84], [138.03, 867.77], [138.02, 1332.13], [138.01, 949.15], [138.0, 1408.19], [137.99, 820.82], [137.98, 1077.29], [137.97, 633.36], [137.96, 1317.73], [137.95, 2434.7], [137.94, 601.78], [137.93, 603.27], [137.92, 943.72], [137.91, 722.86]], "asks": [[138.11, 57.01], [138.12, 47.12], [138.13, 552.06], [138.14, 498.64], [138.15, 957.05], [138.16, 654.43], [138.17, 998.86], [138.18, 476.43], [138.19, 878.61], [138.2, 2050.4], [138.21, 1300.75], [138.22, 809.22], [138.23, 1042.2], [138.24, 1959.8], [138.25, 651.17], [138.26, 785.42], [138.27, 1071.41], [138.28, 1944.89], [138.29, 1200.79], [138.3, 766.37]], "timestamp": "2025-12-12T10:22:34.351280+00:00"}, {"symbol": "SOLUSDT", "bids": [[138.15, 73.75], [138.14, 677.76], [138.13, 815.65], [138.12, 766.91], [138.11, 1033.2], [138.1, 797.61], [138.09, 845.31], [138.08, 880.34], [138.07, 971.84], [138.06, 797.81], [138.05, 1211.05], [138.04, 1127.17], [138.03, 608.07], [138.02, 1139.06], [138.01, 2465.87], [138.0, 2668.54], [137.99, 838.32], [137.98, 930.28], [137.97, 945.12], [137.96, 895.31]], "asks": [[138.16, 529.01], [138.17, 469.87], [138.18, 714.21], [138.19, 1203.11], [138.2, 1404.69], [138.21, 739.5], [138.22, 1024.83], [138.23, 1091.8], [138.24, 766.74], [138.25, 768.26], [138.26, 825.47], [138.27, 804.68], [138.28, 543.14], [138.29, 1375.97], [138.3, 973.54], [138.31, 2020.92], [138.32, 374.08], [138.33, 1129.56], [138.34, 1206.9], [138.35, 547.5]], "timestamp": "2025-12-12T10:23:27.817494+00:00"}, {"symbol": "SOLUSDT", "bids": [[138.07, 16.57], [138.06, 93.14], [138.05, 423.44], [138.04, 881.47], [138.03, 568.66], [138.02, 1288.35], [138.01, 902.45], [138.0, 1100.92], [137.99, 761.66], [137.98, 1089.85], [137.97, 765.49], [137.96, 1089.22], [137.95, 1056.35], [137.94, 913.56], [137.93, 883.65], [137.92, 2169.03], [137.91, 2453.26], [137.9, 659.94], [137.89, 840.33], [137.88, 1576.13]], "asks": [[138.08, 736.13], [138.09, 712.24], [138.1, 732.27], [138.11, 748.25], [138.12, 823.0], [138.13, 1086.03], [138.14, 845.17], [138.15, 1143.18], [138.16, 951.02], [138.17, 649.84], [138.18, 1132.87], [138.19, 820.86], [138.2, 827.17], [138.21, 1802.75], [138.22, 1136.71], [138.23, 689.59], [138.24, 595.15], [138.25, 775.57], [138.26, 2625.55], [138.27, 976.9]], "timestamp": "2025-12-12T10:24:21.192972+00:00"}, {"symbol": "SOLUSDT", "bids": [[138.11, 342.5], [138.1, 437.08], [138.09, 428.0], [138.08, 741.69], [138.07, 747.89], [138.06, 743.51], [138.05, 1776.86], [138.04, 891.73], [138.03, 476.64], [138.02, 840.16], [138.01, 1160.9], [138.0, 1218.89], [137.99, 1139.89], [137.98, 1327.07], [137.97, 1897.53], [137.96, 1329.88], [137.95, 794.39], [137.94, 524.87], [137.93, 642.4], [137.92, 945.96]], "asks": [[138.12, 568.25], [138.13, 343.98], [138.14, 674.15], [138.15, 794.31], [138.16, 1243.96], [138.17, 828.51], [138.18, 1038.52], [138.19, 896.42], [138.2, 816.77], [138.21, 646.51], [138.22, 1240.24], [138.23, 633.31], [138.24, 778.1], [138.25, 2098.68], [138.26, 2487.52], [138.27, 780.88], [138.28, 536.16], [138.29, 1812.07], [138.3, 761.85], [138.31, 810.26]], "timestamp": "2025-12-12T10:25:15.338987+00:00"}, {"symbol": "SOLUSDT", "bids": [[138.09, 561.73], [138.08, 238.04], [138.07, 400.23], [138.06, 697.65], [138.05, 710.12], [138.04, 981.92], [138.03, 1118.56], [138.02, 738.84], [138.01, 865.34], [138.0, 1322.29], [137.99, 1049.42], [137.98, 1153.37], [137.97, 811.83], [137.96, 869.08], [137.95, 1135.92], [137.94, 1624.74], [137.93, 923.67], [137.92, 1194.23], [137.91, 862.88], [137.9, 2112.59]], "asks": [[138.1, 539.14], [138.11, 574.7], [138.12, 535.79], [138.13, 757.99], [138.14, 941.85], [138.15, 1020.89], [138.16, 884.62], [138.17, 871.63], [138.18, 950.84], [138.19, 677.21], [138.2, 955.22], [138.21, 966.92], [138.22, 2388.4], [138.23, 677.11], [138.24, 858.36], [138.25, 842.29], [138.26, 2387.66], [138.27, 599.75], [138.28, 599.03], [138.29, 1874.24]], "timestamp": "2025-12-12T10:26:08.636981+00:00"}, {"symbol": "SOLUSDT", "bids": [[138.1, 372.13], [138.09, 163.59], [138.08, 686.66], [138.07, 757.46], [138.06, 1149.96], [138.05, 2385.26], [138.04, 685.75], [138.03, 471.84], [138.02, 752.3], [138.01, 1144.3], [138.0, 1300.58], [137.99, 959.96], [137.98, 1166.36], [137.97, 976.7], [137.96, 1302.92], [137.95, 1407.73], [137.94, 3776.17], [137.93, 564.77], [137.92, 797.1], [137.91, 773.68]], "asks": [[138.11, 736.73], [138.12, 496.96], [138.13, 796.97], [138.14, 1270.4], [138.15, 1043.38], [138.16, 916.19], [138.17, 704.22], [138.18, 602.81], [138.19, 780.08], [138.2, 894.44], [138.21, 803.66], [138.22, 2151.51], [138.23, 745.9], [138.24, 909.62], [138.25, 848.2], [138.26, 870.82], [138.27, 691.72], [138.28, 543.9], [138.29, 1570.6], [138.3, 936.4]], "timestamp": "2025-12-12T10:27:02.655056+00:00"}, {"symbol": "SOLUSDT", "bids": [[138.12, 371.55], [138.11, 578.89], [138.1, 653.65], [138.09, 723.18], [138.08, 1150.64], [138.07, 926.79], [138.06, 732.7], [138.05, 1727.68], [138.04, 797.78], [138.03, 852.98], [138.02, 1028.11], [138.01, 1218.91], [138.0, 1506.76], [137.99, 1209.4], [137.98, 784.56], [137.97, 644.46], [137.96, 1231.36], [137.95, 3890.98], [137.94, 723.47], [137.93, 605.34]], "asks": [[138.13, 449.24], [138.14, 361.02], [138.15, 754.37], [138.16, 805.2], [138.17, 1346.13], [138.18, 1485.06], [138.19, 1867.3], [138.2, 1219.1], [138.21, 763.88], [138.22, 654.74], [138.23, 897.49], [138.24, 884.86], [138.25, 1037.88], [138.26, 1427.86], [138.27, 2554.86], [138.28, 1898.21], [138.29, 954.96], [138.3, 696.42], [138.31, 617.03], [138.32, 586.58]], "timestamp": "2025-12-12T10:27:56.231075+00:00"}, {"symbol": "SOLUSDT", "bids": [[138.14, 310.49], [138.13, 343.38], [138.12, 573.24], [138.11, 830.68], [138.1, 975.19], [138.09, 738.38], [138.08, 1196.54], [138.07, 783.31], [138.06, 1481.28], [138.05, 1847.63], [138.04, 823.77], [138.03, 760.88], [138.02, 884.11], [138.01, 913.3], [138.0, 1809.6], [137.99, 2343.3], [137.98, 856.15], [137.97, 586.51], [137.96, 612.79], [137.95, 931.26]], "asks": [[138.15, 771.71], [138.16, 331.81], [138.17, 840.77], [138.18, 853.6], [138.19, 1351.96], [138.2, 1249.92], [138.21, 847.29], [138.22, 867.87], [138.23, 1065.36], [138.24, 810.17], [138.25, 755.72], [138.26, 1124.24], [138.27, 854.03], [138.28, 1061.2], [138.29, 3174.93], [138.3, 2203.5], [138.31, 1090.99], [138.32, 498.05], [138.33, 1097.14], [138.34, 1026.18]], "timestamp": "2025-12-12T10:28:50.074296+00:00"}, {"symbol": "SOLUSDT", "bids": [[138.12, 548.11], [138.11, 398.49], [138.1, 599.8], [138.09, 506.38], [138.08, 799.71], [138.07, 877.52], [138.06, 1479.35], [138.05, 1771.35], [138.04, 836.58], [138.03, 865.69], [138.02, 744.69], [138.01, 853.88], [138.0, 1593.74], [137.99, 1006.8], [137.98, 726.96], [137.97, 2306.85], [137.96, 1306.49], [137.95, 2504.24], [137.94, 392.69], [137.93, 525.72]], "asks": [[138.13, 351.88], [138.14, 684.14], [138.15, 553.16], [138.16, 674.13], [138.17, 927.8], [138.18, 976.87], [138.19, 1495.86], [138.2, 1198.7], [138.21, 1095.83], [138.22, 1115.39], [138.23, 853.54], [138.24, 921.86], [138.25, 924.52], [138.26, 1007.61], [138.27, 625.85], [138.28, 959.08], [138.29, 2751.3], [138.3, 2523.05], [138.31, 1213.82], [138.32, 471.81]], "timestamp": "2025-12-12T10:29:43.864588+00:00"}, {"symbol": "SOLUSDT", "bids": [[138.1, 657.2], [138.09, 888.6], [138.08, 669.2], [138.07, 839.9], [138.06, 1423.81], [138.05, 897.66], [138.04, 858.22], [138.03, 774.25], [138.02, 704.46], [138.01, 1180.91], [138.0, 1501.74], [137.99, 534.59], [137.98, 765.69], [137.97, 589.97], [137.96, 1263.71], [137.95, 2203.73], [137.94, 461.12], [137.93, 707.79], [137.92, 2120.94], [137.91, 556.82]], "asks": [[138.11, 171.32], [138.12, 357.24], [138.13, 426.73], [138.14, 482.04], [138.15, 1011.07], [138.16, 993.28], [138.17, 944.12], [138.18, 1298.05], [138.19, 1788.16], [138.2, 1391.04], [138.21, 672.07], [138.22, 690.1], [138.23, 993.3], [138.24, 1032.37], [138.25, 1174.75], [138.26, 1197.52], [138.27, 1875.81], [138.28, 1971.78], [138.29, 1050.08], [138.3, 670.54]], "timestamp": "2025-12-12T10:30:37.083194+00:00"}, {"symbol": "SOLUSDT", "bids": [[138.12, 451.06], [138.11, 218.89], [138.1, 990.44], [138.09, 1121.0], [138.08, 617.95], [138.07, 884.59], [138.06, 997.69], [138.05, 625.58], [138.04, 894.04], [138.03, 801.95], [138.02, 841.13], [138.01, 1139.76], [138.0, 1963.73], [137.99, 792.67], [137.98, 1001.82], [137.97, 1851.54], [137.96, 616.66], [137.95, 2323.38], [137.94, 330.62], [137.93, 435.58]], "asks": [[138.13, 1354.25], [138.14, 258.14], [138.15, 355.18], [138.16, 488.43], [138.17, 987.68], [138.18, 902.5], [138.19, 1005.06], [138.2, 1372.23], [138.21, 665.79], [138.22, 713.05], [138.23, 775.06], [138.24, 881.84], [138.25, 1051.94], [138.26, 1045.97], [138.27, 729.44], [138.28, 634.8], [138.29, 3451.85], [138.3, 1000.55], [138.31, 1291.94], [138.32, 905.78]], "timestamp": "2025-12-12T10:31:31.560626+00:00"}, {"symbol": "SOLUSDT", "bids": [[138.12, 39.28], [138.11, 409.66], [138.1, 772.39], [138.09, 1031.46], [138.08, 417.32], [138.07, 822.36], [138.06, 902.32], [138.05, 560.12], [138.04, 866.51], [138.03, 773.28], [138.02, 827.81], [138.01, 1086.31], [138.0, 1630.07], [137.99, 710.48], [137.98, 938.68], [137.97, 1907.75], [137.96, 883.0], [137.95, 964.34], [137.94, 545.3], [137.93, 1864.43]], "asks": [[138.13, 715.04], [138.14, 712.02], [138.15, 461.69], [138.16, 717.82], [138.17, 1623.8], [138.18, 1257.25], [138.19, 920.05], [138.2, 1487.37], [138.21, 689.15], [138.22, 952.93], [138.23, 927.73], [138.24, 975.28], [138.25, 1102.22], [138.26, 1065.77], [138.27, 371.13], [138.28, 731.16], [138.29, 4105.45], [138.3, 779.94], [138.31, 1258.17], [138.32, 765.04]], "timestamp": "2025-12-12T10:32:24.537757+00:00"}, {"symbol": "SOLUSDT", "bids": [[138.12, 92.46], [138.11, 212.41], [138.1, 637.61], [138.09, 1596.73], [138.08, 1106.79], [138.07, 1015.14], [138.06, 467.62], [138.05, 657.73], [138.04, 903.61], [138.03, 713.46], [138.02, 722.22], [138.01, 1009.56], [138.0, 1580.34], [137.99, 689.07], [137.98, 917.62], [137.97, 690.98], [137.96, 2041.26], [137.95, 1120.07], [137.94, 345.1], [137.93, 463.48]], "asks": [[138.13, 832.75], [138.14, 533.84], [138.15, 497.78], [138.16, 1005.18], [138.17, 1364.79], [138.18, 812.8], [138.19, 1181.99], [138.2, 2697.39], [138.21, 567.77], [138.22, 693.53], [138.23, 820.63], [138.24, 905.46], [138.25, 787.12], [138.26, 1051.58], [138.27, 570.21], [138.28, 1823.79], [138.29, 2439.24], [138.3, 974.56], [138.31, 1364.58], [138.32, 673.25]], "timestamp": "2025-12-12T10:33:17.413829+00:00"}, {"symbol": "SOLUSDT", "bids": [[138.1, 346.8], [138.09, 440.14], [138.08, 526.91], [138.07, 589.08], [138.06, 665.59], [138.05, 1131.66], [138.04, 734.66], [138.03, 691.63], [138.02, 718.45], [138.01, 1059.11], [138.0, 1537.24], [137.99, 810.47], [137.98, 885.83], [137.97, 670.92], [137.96, 2176.39], [137.95, 705.76], [137.94, 921.08], [137.93, 1974.26], [137.92, 666.64], [137.91, 516.45]], "asks": [[138.11, 890.09], [138.12, 663.67], [138.13, 498.04], [138.14, 665.2], [138.15, 662.69], [138.16, 1198.41], [138.17, 1042.46], [138.18, 1059.93], [138.19, 1196.03], [138.2, 2322.26], [138.21, 610.11], [138.22, 812.17], [138.23, 876.97], [138.24, 771.37], [138.25, 697.35], [138.26, 1156.91], [138.27, 1605.81], [138.28, 645.43], [138.29, 2748.12], [138.3, 871.38]], "timestamp": "2025-12-12T10:34:10.794856+00:00"}, {"symbol": "SOLUSDT", "bids": [[138.12, 125.44], [138.11, 357.54], [138.1, 346.87], [138.09, 378.09], [138.08, 1197.73], [138.07, 1265.34], [138.06, 1185.17], [138.05, 751.77], [138.04, 844.23], [138.03, 855.46], [138.02, 533.2], [138.01, 972.7], [138.0, 1506.53], [137.99, 696.76], [137.98, 866.3], [137.97, 1110.42], [137.96, 2460.91], [137.95, 1677.29], [137.94, 393.63], [137.93, 548.42]], "asks": [[138.13, 674.92], [138.14, 644.56], [138.15, 564.33], [138.16, 743.3], [138.17, 1154.98], [138.18, 845.02], [138.19, 891.02], [138.2, 2613.21], [138.21, 756.62], [138.22, 828.16], [138.23, 1095.26], [138.24, 1493.67], [138.25, 2237.11], [138.26, 972.35], [138.27, 613.4], [138.28, 447.58], [138.29, 1399.3], [138.3, 2147.33], [138.31, 815.72], [138.32, 542.99]], "timestamp": "2025-12-12T10:35:03.853122+00:00"}, {"symbol": "SOLUSDT", "bids": [[138.1, 102.01], [138.09, 178.39], [138.08, 593.37], [138.07, 1335.68], [138.06, 806.91], [138.05, 1297.59], [138.04, 737.49], [138.03, 510.13], [138.02, 837.39], [138.01, 929.81], [138.0, 1770.2], [137.99, 539.0], [137.98, 777.8], [137.97, 768.27], [137.96, 1347.9], [137.95, 1796.98], [137.94, 712.34], [137.93, 1771.13], [137.92, 2261.71], [137.91, 661.65]], "asks": [[138.11, 713.36], [138.12, 967.45], [138.13, 1674.94], [138.14, 818.46], [138.15, 953.35], [138.16, 1308.36], [138.17, 1150.2], [138.18, 1084.41], [138.19, 1074.52], [138.2, 2399.03], [138.21, 1009.3], [138.22, 827.28], [138.23, 1095.63], [138.24, 1054.14], [138.25, 697.14], [138.26, 1360.35], [138.27, 3559.07], [138.28, 429.96], [138.29, 1121.75], [138.3, 774.98]], "timestamp": "2025-12-12T10:35:57.496940+00:00"}, {"symbol": "SOLUSDT", "bids": [[138.12, 1042.74], [138.11, 1121.3], [138.1, 1504.64], [138.09, 1156.68], [138.08, 503.17], [138.07, 675.08], [138.06, 1324.39], [138.05, 1271.48], [138.04, 1142.91], [138.03, 753.6], [138.02, 548.48], [138.01, 860.39], [138.0, 1390.7], [137.99, 587.68], [137.98, 972.88], [137.97, 814.59], [137.96, 1082.06], [137.95, 2835.59], [137.94, 790.98], [137.93, 470.27]], "asks": [[138.13, 16.12], [138.14, 75.63], [138.15, 491.92], [138.16, 489.66], [138.17, 1153.37], [138.18, 881.55], [138.19, 776.08], [138.2, 2411.69], [138.21, 947.01], [138.22, 781.91], [138.23, 930.51], [138.24, 952.94], [138.25, 992.11], [138.26, 2406.59], [138.27, 541.29], [138.28, 499.23], [138.29, 1040.83], [138.3, 877.17], [138.31, 874.08], [138.32, 885.45]], "timestamp": "2025-12-12T10:36:50.646270+00:00"}