[{"id": "1011324461", "price": 132.52, "amount": 3.95, "side": "buy", "timestamp": 1765582941151}, {"id": "1011324462", "price": 132.52, "amount": 242.36, "side": "buy", "timestamp": 1765582941318}, {"id": "1011324463", "price": 132.51, "amount": 131.1, "side": "sell", "timestamp": 1765582941323}, {"id": "1011324464", "price": 132.5, "amount": 0.05, "side": "sell", "timestamp": 1765582942416}, {"id": "1011324465", "price": 132.5, "amount": 2.06, "side": "sell", "timestamp": 1765582942708}, {"id": "1011324466", "price": 132.51, "amount": 4.77, "side": "buy", "timestamp": 1765582943166}, {"id": "1011324467", "price": 132.5, "amount": 0.44, "side": "sell", "timestamp": 1765582944082}, {"id": "1011324468", "price": 132.51, "amount": 84.58, "side": "buy", "timestamp": 1765582944403}, {"id": "1011324469", "price": 132.5, "amount": 0.05, "side": "sell", "timestamp": 1765582946903}, {"id": "1011324470", "price": 132.51, "amount": 0.49, "side": "buy", "timestamp": 1765582948743}, {"id": "1011324471", "price": 132.5, "amount": 40.0, "side": "sell", "timestamp": 1765582948843}, {"id": "1011324472", "price": 132.5, "amount": 0.7, "side": "sell", "timestamp": 1765582950353}, {"id": "1011324473", "price": 132.51, "amount": 0.19, "side": "buy", "timestamp": 1765582950606}, {"id": "1011324474", "price": 132.51, "amount": 3.16, "side": "buy", "timestamp": 1765582951321}, {"id": "1011324475", "price": 132.5, "amount": 0.05, "side": "sell", "timestamp": 1765582951941}, {"id": "1011324476", "price": 132.5, "amount": 0.04, "side": "sell", "timestamp": 1765582952155}, {"id": "1011324477", "price": 132.51, "amount": 1.0, "side": "buy", "timestamp": 1765582952382}, {"id": "1011324478", "price": 132.5, "amount": 0.04, "side": "sell", "timestamp": 1765582952442}, {"id": "1011324479", "price": 132.5, "amount": 0.09, "side": "sell", "timestamp": 1765582952852}, {"id": "1011324480", "price": 132.5, "amount": 1.7, "side": "sell", "timestamp": 1765582953644}, {"id": "1011324481", "price": 132.5, "amount": 1.5, "side": "sell", "timestamp": 1765582954083}, {"id": "1011324482", "price": 132.51, "amount": 13.86, "side": "buy", "timestamp": 1765582954183}, {"id": "1011324483", "price": 132.5, "amount": 0.09, "side": "sell", "timestamp": 1765582955741}, {"id": "1011324484", "price": 132.51, "amount": 0.75, "side": "buy", "timestamp": 1765582955872}, {"id": "1011324485", "price": 132.51, "amount": 2.5, "side": "buy", "timestamp": 1765582956035}, {"id": "1011324486", "price": 132.5, "amount": 0.05, "side": "sell", "timestamp": 1765582956202}, {"id": "1011324487", "price": 132.5, "amount": 37.34, "side": "sell", "timestamp": 1765582957109}, {"id": "1011324488", "price": 132.5, "amount": 0.82, "side": "sell", "timestamp": 1765582958237}, {"id": "1011324489", "price": 132.51, "amount": 0.91, "side": "buy", "timestamp": 1765582958923}, {"id": "1011324490", "price": 132.5, "amount": 0.04, "side": "sell", "timestamp": 1765582960085}, {"id": "1011324491", "price": 132.51, "amount": 3.78, "side": "buy", "timestamp": 1765582960088}, {"id": "1011324492", "price": 132.5, "amount": 0.58, "side": "sell", "timestamp": 1765582960318}, {"id": "1011324493", "price": 132.51, "amount": 11.92, "side": "buy", "timestamp": 1765582960516}, {"id": "1011324494", "price": 132.5, "amount": 196.52, "side": "sell", "timestamp": 1765582960670}, {"id": "1011324495", "price": 132.49, "amount": 39.11, "side": "sell", "timestamp": 1765582960725}, {"id": "1011324496", "price": 132.48, "amount": 0.04, "side": "sell", "timestamp": 1765582961507}, {"id": "1011324497", "price": 132.49, "amount": 0.04, "side": "buy", "timestamp": 1765582962100}, {"id": "1011324498", "price": 132.49, "amount": 0.43, "side": "buy", "timestamp": 1765582963020}, {"id": "1011324499", "price": 132.49, "amount": 10.07, "side": "buy", "timestamp": 1765582964038}, {"id": "1011324500", "price": 132.49, "amount": 1.76, "side": "buy", "timestamp": 1765582965214}, {"id": "1011324501", "price": 132.48, "amount": 10.48, "side": "sell", "timestamp": 1765582965500}, {"id": "1011324502", "price": 132.48, "amount": 0.12, "side": "sell", "timestamp": 1765582965919}, {"id": "1011324503", "price": 132.49, "amount": 23.84, "side": "buy", "timestamp": 1765582966961}, {"id": "1011324504", "price": 132.49, "amount": 1.5, "side": "buy", "timestamp": 1765582967145}, {"id": "1011324505", "price": 132.48, "amount": 0.05, "side": "sell", "timestamp": 1765582968066}, {"id": "1011324506", "price": 132.48, "amount": 3.9, "side": "sell", "timestamp": 1765582968241}, {"id": "1011324507", "price": 132.48, "amount": 51.99, "side": "sell", "timestamp": 1765582969564}, {"id": "1011324508", "price": 132.48, "amount": 1.0, "side": "sell", "timestamp": 1765582969805}, {"id": "1011324509", "price": 132.49, "amount": 14.77, "side": "buy", "timestamp": 1765582970822}, {"id": "1011324510", "price": 132.48, "amount": 1.99, "side": "sell", "timestamp": 1765582970893}, {"id": "1011324576", "price": 132.49, "amount": 0.54, "side": "buy", "timestamp": 1765583003086}, {"id": "1011324577", "price": 132.48, "amount": 0.05, "side": "sell", "timestamp": 1765583003153}, {"id": "1011324578", "price": 132.49, "amount": 6.62, "side": "buy", "timestamp": 1765583003605}, {"id": "1011324579", "price": 132.48, "amount": 0.06, "side": "sell", "timestamp": 1765583003879}, {"id": "1011324580", "price": 132.49, "amount": 45.28, "side": "buy", "timestamp": 1765583004620}, {"id": "1011324581", "price": 132.49, "amount": 3.77, "side": "buy", "timestamp": 1765583005368}, {"id": "1011324582", "price": 132.48, "amount": 0.05, "side": "sell", "timestamp": 1765583005837}, {"id": "1011324583", "price": 132.48, "amount": 6.47, "side": "sell", "timestamp": 1765583005998}, {"id": "1011324584", "price": 132.49, "amount": 10.0, "side": "buy", "timestamp": 1765583007350}, {"id": "1011324585", "price": 132.48, "amount": 13.28, "side": "sell", "timestamp": 1765583008509}, {"id": "1011324586", "price": 132.48, "amount": 0.04, "side": "sell", "timestamp": 1765583009705}, {"id": "1011324587", "price": 132.49, "amount": 0.18, "side": "buy", "timestamp": 1765583010069}, {"id": "1011324588", "price": 132.49, "amount": 1.0, "side": "buy", "timestamp": 1765583010517}, {"id": "1011324589", "price": 132.48, "amount": 656.24, "side": "sell", "timestamp": 1765583010648}, {"id": "1011324590", "price": 132.47, "amount": 111.58, "side": "sell", "timestamp": 1765583010651}, {"id": "1011324591", "price": 132.46, "amount": 37.78, "side": "sell", "timestamp": 1765583010854}, {"id": "1011324592", "price": 132.46, "amount": 0.82, "side": "sell", "timestamp": 1765583011106}, {"id": "1011324593", "price": 132.47, "amount": 1.92, "side": "buy", "timestamp": 1765583011438}, {"id": "1011324594", "price": 132.46, "amount": 1.51, "side": "sell", "timestamp": 1765583011955}, {"id": "1011324595", "price": 132.46, "amount": 0.05, "side": "sell", "timestamp": 1765583012656}, {"id": "1011324596", "price": 132.46, "amount": 0.05, "side": "sell", "timestamp": 1765583012856}, {"id": "1011324597", "price": 132.46, "amount": 6.46, "side": "sell", "timestamp": 1765583013163}, {"id": "1011324598", "price": 132.47, "amount": 0.01, "side": "buy", "timestamp": 1765583013320}, {"id": "1011324599", "price": 132.47, "amount": 167.1, "side": "buy", "timestamp": 1765583013855}, {"id": "1011324600", "price": 132.48, "amount": 32.54, "side": "buy", "timestamp": 1765583013861}, {"id": "1011324601", "price": 132.48, "amount": 0.22, "side": "sell", "timestamp": 1765583013906}, {"id": "1011324602", "price": 132.48, "amount": 0.11, "side": "sell", "timestamp": 1765583014236}, {"id": "1011324603", "price": 132.49, "amount": 0.07, "side": "buy", "timestamp": 1765583014531}, {"id": "1011324604", "price": 132.49, "amount": 0.08, "side": "buy", "timestamp": 1765583015762}, {"id": "1011324605", "price": 132.49, "amount": 1.3, "side": "buy", "timestamp": 1765583016081}, {"id": "1011324606", "price": 132.49, "amount": 0.11, "side": "buy", "timestamp": 1765583016915}, {"id": "1011324607", "price": 132.48, "amount": 198.13, "side": "sell", "timestamp": 1765583017265}, {"id": "1011324608", "price": 132.49, "amount": 3.78, "side": "buy", "timestamp": 1765583017918}, {"id": "1011324609", "price": 132.49, "amount": 0.13, "side": "buy", "timestamp": 1765583018039}, {"id": "1011324610", "price": 132.49, "amount": 0.29, "side": "buy", "timestamp": 1765583019078}, {"id": "1011324611", "price": 132.49, "amount": 0.16, "side": "buy", "timestamp": 1765583020394}, {"id": "1011324612", "price": 132.48, "amount": 0.22, "side": "sell", "timestamp": 1765583020431}, {"id": "1011324613", "price": 132.48, "amount": 5.17, "side": "sell", "timestamp": 1765583020591}, {"id": "1011324614", "price": 132.49, "amount": 0.36, "side": "buy", "timestamp": 1765583021353}, {"id": "1011324615", "price": 132.49, "amount": 0.05, "side": "buy", "timestamp": 1765583021572}, {"id": "1011324616", "price": 132.48, "amount": 2.16, "side": "sell", "timestamp": 1765583021831}, {"id": "1011324617", "price": 132.49, "amount": 61.73, "side": "buy", "timestamp": 1765583022107}, {"id": "1011324618", "price": 132.49, "amount": 0.49, "side": "buy", "timestamp": 1765583022503}, {"id": "1011324619", "price": 132.48, "amount": 22.64, "side": "sell", "timestamp": 1765583022909}, {"id": "1011324620", "price": 132.48, "amount": 0.9, "side": "sell", "timestamp": 1765583023064}, {"id": "1011324621", "price": 132.48, "amount": 0.05, "side": "sell", "timestamp": 1765583023337}, {"id": "1011324622", "price": 132.49, "amount": 3.58, "side": "buy", "timestamp": 1765583023400}, {"id": "1011324623", "price": 132.49, "amount": 15.9, "side": "buy", "timestamp": 1765583023647}, {"id": "1011324624", "price": 132.48, "amount": 1.49, "side": "sell", "timestamp": 1765583023839}, {"id": "1011324625", "price": 132.49, "amount": 7.3, "side": "buy", "timestamp": 1765583024034}, {"id": "1011324723", "price": 132.48, "amount": 1.78, "side": "buy", "timestamp": 1765583057847}, {"id": "1011324724", "price": 132.48, "amount": 0.92, "side": "buy", "timestamp": 1765583059048}, {"id": "1011324725", "price": 132.48, "amount": 44.06, "side": "buy", "timestamp": 1765583059710}, {"id": "1011324726", "price": 132.49, "amount": 38.51, "side": "buy", "timestamp": 1765583059713}, {"id": "1011324727", "price": 132.5, "amount": 217.3, "side": "buy", "timestamp": 1765583059714}, {"id": "1011324728", "price": 132.51, "amount": 31.89, "side": "buy", "timestamp": 1765583059725}, {"id": "1011324729", "price": 132.5, "amount": 0.76, "side": "sell", "timestamp": 1765583059765}, {"id": "1011324730", "price": 132.51, "amount": 18.28, "side": "buy", "timestamp": 1765583059979}, {"id": "1011324731", "price": 132.5, "amount": 0.05, "side": "sell", "timestamp": 1765583060086}, {"id": "1011324732", "price": 132.51, "amount": 3.08, "side": "buy", "timestamp": 1765583060147}, {"id": "1011324733", "price": 132.51, "amount": 1.6, "side": "buy", "timestamp": 1765583061421}, {"id": "1011324734", "price": 132.51, "amount": 3.78, "side": "buy", "timestamp": 1765583061650}, {"id": "1011324735", "price": 132.51, "amount": 0.94, "side": "buy", "timestamp": 1765583062511}, {"id": "1011324736", "price": 132.51, "amount": 6.58, "side": "buy", "timestamp": 1765583063036}, {"id": "1011324737", "price": 132.5, "amount": 0.04, "side": "sell", "timestamp": 1765583063449}, {"id": "1011324738", "price": 132.51, "amount": 1.56, "side": "buy", "timestamp": 1765583063541}, {"id": "1011324739", "price": 132.51, "amount": 0.1, "side": "buy", "timestamp": 1765583063666}, {"id": "1011324740", "price": 132.5, "amount": 0.15, "side": "sell", "timestamp": 1765583063739}, {"id": "1011324741", "price": 132.5, "amount": 0.2, "side": "sell", "timestamp": 1765583064602}, {"id": "1011324742", "price": 132.51, "amount": 17.04, "side": "buy", "timestamp": 1765583064654}, {"id": "1011324743", "price": 132.5, "amount": 0.36, "side": "sell", "timestamp": 1765583065106}, {"id": "1011324744", "price": 132.51, "amount": 4.52, "side": "buy", "timestamp": 1765583065652}, {"id": "1011324745", "price": 132.51, "amount": 11.32, "side": "buy", "timestamp": 1765583065845}, {"id": "1011324746", "price": 132.51, "amount": 8.02, "side": "buy", "timestamp": 1765583066055}, {"id": "1011324747", "price": 132.51, "amount": 12.99, "side": "buy", "timestamp": 1765583066421}, {"id": "1011324748", "price": 132.51, "amount": 1.42, "side": "buy", "timestamp": 1765583066918}, {"id": "1011324749", "price": 132.5, "amount": 3.92, "side": "sell", "timestamp": 1765583067424}, {"id": "1011324750", "price": 132.51, "amount": 1.05, "side": "buy", "timestamp": 1765583068090}, {"id": "1011324751", "price": 132.5, "amount": 0.04, "side": "sell", "timestamp": 1765583068354}, {"id": "1011324752", "price": 132.5, "amount": 0.04, "side": "sell", "timestamp": 1765583069149}, {"id": "1011324753", "price": 132.51, "amount": 1.91, "side": "buy", "timestamp": 1765583069152}, {"id": "1011324754", "price": 132.5, "amount": 5.64, "side": "sell", "timestamp": 1765583069290}, {"id": "1011324755", "price": 132.51, "amount": 1.13, "side": "buy", "timestamp": 1765583069872}, {"id": "1011324756", "price": 132.51, "amount": 2.34, "side": "buy", "timestamp": 1765583070317}, {"id": "1011324757", "price": 132.51, "amount": 0.45, "side": "buy", "timestamp": 1765583071332}, {"id": "1011324758", "price": 132.5, "amount": 290.28, "side": "sell", "timestamp": 1765583071405}, {"id": "1011324759", "price": 132.5, "amount": 1.21, "side": "buy", "timestamp": 1765583071682}, {"id": "1011324760", "price": 132.49, "amount": 0.04, "side": "sell", "timestamp": 1765583072674}, {"id": "1011324761", "price": 132.5, "amount": 1.15, "side": "buy", "timestamp": 1765583072782}, {"id": "1011324762", "price": 132.5, "amount": 4.02, "side": "buy", "timestamp": 1765583072954}, {"id": "1011324763", "price": 132.5, "amount": 0.62, "side": "buy", "timestamp": 1765583073157}, {"id": "1011324764", "price": 132.5, "amount": 1.3, "side": "buy", "timestamp": 1765583073929}, {"id": "1011324765", "price": 132.49, "amount": 0.05, "side": "sell", "timestamp": 1765583074162}, {"id": "1011324766", "price": 132.5, "amount": 0.05, "side": "buy", "timestamp": 1765583074444}, {"id": "1011324767", "price": 132.49, "amount": 0.04, "side": "sell", "timestamp": 1765583074640}, {"id": "1011324768", "price": 132.5, "amount": 5.39, "side": "buy", "timestamp": 1765583074973}, {"id": "1011324769", "price": 132.5, "amount": 1.02, "side": "buy", "timestamp": 1765583075106}, {"id": "1011324770", "price": 132.5, "amount": 2.16, "side": "buy", "timestamp": 1765583076058}, {"id": "1011324771", "price": 132.5, "amount": 1.29, "side": "buy", "timestamp": 1765583077353}, {"id": "1011324772", "price": 132.5, "amount": 0.89, "side": "buy", "timestamp": 1765583078278}, {"id": "1011324885", "price": 132.46, "amount": 2.35, "side": "sell", "timestamp": 1765583117897}, {"id": "1011324886", "price": 132.47, "amount": 0.67, "side": "buy", "timestamp": 1765583117971}, {"id": "1011324887", "price": 132.46, "amount": 0.4, "side": "sell", "timestamp": 1765583118299}, {"id": "1011324888", "price": 132.47, "amount": 13.88, "side": "buy", "timestamp": 1765583118954}, {"id": "1011324889", "price": 132.46, "amount": 16.12, "side": "sell", "timestamp": 1765583119019}, {"id": "1011324890", "price": 132.46, "amount": 0.08, "side": "sell", "timestamp": 1765583119273}, {"id": "1011324891", "price": 132.46, "amount": 0.05, "side": "sell", "timestamp": 1765583119556}, {"id": "1011324892", "price": 132.46, "amount": 0.18, "side": "sell", "timestamp": 1765583119801}, {"id": "1011324893", "price": 132.46, "amount": 0.49, "side": "sell", "timestamp": 1765583120036}, {"id": "1011324894", "price": 132.47, "amount": 0.05, "side": "buy", "timestamp": 1765583120049}, {"id": "1011324895", "price": 132.46, "amount": 1.0, "side": "sell", "timestamp": 1765583120066}, {"id": "1011324896", "price": 132.47, "amount": 1.13, "side": "buy", "timestamp": 1765583120172}, {"id": "1011324897", "price": 132.46, "amount": 0.16, "side": "sell", "timestamp": 1765583120483}, {"id": "1011324898", "price": 132.47, "amount": 143.81, "side": "buy", "timestamp": 1765583120585}, {"id": "1011324899", "price": 132.48, "amount": 70.05, "side": "buy", "timestamp": 1765583120592}, {"id": "1011324900", "price": 132.48, "amount": 6.31, "side": "buy", "timestamp": 1765583120693}, {"id": "1011324901", "price": 132.48, "amount": 1.34, "side": "buy", "timestamp": 1765583121330}, {"id": "1011324902", "price": 132.48, "amount": 80.75, "side": "buy", "timestamp": 1765583121556}, {"id": "1011324903", "price": 132.49, "amount": 7.81, "side": "buy", "timestamp": 1765583121563}, {"id": "1011324904", "price": 132.48, "amount": 3.76, "side": "sell", "timestamp": 1765583121726}, {"id": "1011324905", "price": 132.48, "amount": 0.05, "side": "sell", "timestamp": 1765583121966}, {"id": "1011324906", "price": 132.48, "amount": 20.93, "side": "sell", "timestamp": 1765583122216}, {"id": "1011324907", "price": 132.49, "amount": 1.24, "side": "buy", "timestamp": 1765583122356}, {"id": "1011324908", "price": 132.48, "amount": 0.62, "side": "sell", "timestamp": 1765583122514}, {"id": "1011324909", "price": 132.49, "amount": 3.78, "side": "buy", "timestamp": 1765583122730}, {"id": "1011324910", "price": 132.49, "amount": 9.49, "side": "buy", "timestamp": 1765583123355}, {"id": "1011324911", "price": 132.48, "amount": 0.05, "side": "sell", "timestamp": 1765583123458}, {"id": "1011324912", "price": 132.49, "amount": 1.81, "side": "buy", "timestamp": 1765583124131}, {"id": "1011324913", "price": 132.49, "amount": 0.91, "side": "buy", "timestamp": 1765583124568}, {"id": "1011324914", "price": 132.49, "amount": 39.46, "side": "buy", "timestamp": 1765583125182}, {"id": "1011324915", "price": 132.49, "amount": 300.95, "side": "buy", "timestamp": 1765583125701}, {"id": "1011324916", "price": 132.49, "amount": 57.33, "side": "buy", "timestamp": 1765583125805}, {"id": "1011324917", "price": 132.49, "amount": 0.22, "side": "sell", "timestamp": 1765583125870}, {"id": "1011324918", "price": 132.5, "amount": 5.6, "side": "buy", "timestamp": 1765583126050}, {"id": "1011324919", "price": 132.49, "amount": 0.28, "side": "sell", "timestamp": 1765583126403}, {"id": "1011324920", "price": 132.49, "amount": 0.08, "side": "sell", "timestamp": 1765583126583}, {"id": "1011324921", "price": 132.5, "amount": 0.83, "side": "buy", "timestamp": 1765583126653}, {"id": "1011324922", "price": 132.49, "amount": 1.5, "side": "sell", "timestamp": 1765583126897}, {"id": "1011324923", "price": 132.49, "amount": 2.21, "side": "sell", "timestamp": 1765583127662}, {"id": "1011324924", "price": 132.5, "amount": 0.95, "side": "buy", "timestamp": 1765583127746}, {"id": "1011324925", "price": 132.5, "amount": 8.97, "side": "buy", "timestamp": 1765583127938}, {"id": "1011324926", "price": 132.49, "amount": 0.18, "side": "sell", "timestamp": 1765583128817}, {"id": "1011324927", "price": 132.5, "amount": 0.5, "side": "buy", "timestamp": 1765583128933}, {"id": "1011324928", "price": 132.5, "amount": 54.31, "side": "buy", "timestamp": 1765583129292}, {"id": "1011324929", "price": 132.49, "amount": 10.55, "side": "sell", "timestamp": 1765583129549}, {"id": "1011324930", "price": 132.5, "amount": 0.18, "side": "buy", "timestamp": 1765583129664}, {"id": "1011324931", "price": 132.5, "amount": 0.29, "side": "buy", "timestamp": 1765583129870}, {"id": "1011324932", "price": 132.5, "amount": 0.74, "side": "buy", "timestamp": 1765583130104}, {"id": "1011324933", "price": 132.5, "amount": 0.57, "side": "buy", "timestamp": 1765583131164}, {"id": "1011324934", "price": 132.5, "amount": 150.94, "side": "buy", "timestamp": 1765583131409}, {"id": "1011325026", "price": 132.49, "amount": 0.23, "side": "buy", "timestamp": 1765583163970}, {"id": "1011325027", "price": 132.48, "amount": 0.07, "side": "sell", "timestamp": 1765583164178}, {"id": "1011325028", "price": 132.49, "amount": 0.03, "side": "buy", "timestamp": 1765583164312}, {"id": "1011325029", "price": 132.48, "amount": 9.65, "side": "sell", "timestamp": 1765583164568}, {"id": "1011325030", "price": 132.49, "amount": 0.02, "side": "buy", "timestamp": 1765583165376}, {"id": "1011325031", "price": 132.48, "amount": 10.57, "side": "sell", "timestamp": 1765583166220}, {"id": "1011325032", "price": 132.49, "amount": 0.05, "side": "buy", "timestamp": 1765583166330}, {"id": "1011325033", "price": 132.49, "amount": 0.06, "side": "buy", "timestamp": 1765583167252}, {"id": "1011325034", "price": 132.48, "amount": 0.4, "side": "sell", "timestamp": 1765583168241}, {"id": "1011325035", "price": 132.49, "amount": 0.03, "side": "buy", "timestamp": 1765583168295}, {"id": "1011325036", "price": 132.49, "amount": 2.78, "side": "buy", "timestamp": 1765583168673}, {"id": "1011325037", "price": 132.48, "amount": 1.2, "side": "sell", "timestamp": 1765583168919}, {"id": "1011325038", "price": 132.48, "amount": 0.6, "side": "sell", "timestamp": 1765583169120}, {"id": "1011325039", "price": 132.49, "amount": 0.06, "side": "buy", "timestamp": 1765583169346}, {"id": "1011325040", "price": 132.48, "amount": 18.99, "side": "sell", "timestamp": 1765583169405}, {"id": "1011325041", "price": 132.48, "amount": 0.34, "side": "sell", "timestamp": 1765583169954}, {"id": "1011325042", "price": 132.48, "amount": 0.59, "side": "sell", "timestamp": 1765583170372}, {"id": "1011325043", "price": 132.49, "amount": 0.04, "side": "buy", "timestamp": 1765583170562}, {"id": "1011325044", "price": 132.48, "amount": 2.3, "side": "sell", "timestamp": 1765583170882}, {"id": "1011325045", "price": 132.48, "amount": 0.22, "side": "sell", "timestamp": 1765583171008}, {"id": "1011325046", "price": 132.49, "amount": 0.09, "side": "buy", "timestamp": 1765583171683}, {"id": "1011325047", "price": 132.48, "amount": 0.14, "side": "sell", "timestamp": 1765583171738}, {"id": "1011325048", "price": 132.48, "amount": 0.09, "side": "sell", "timestamp": 1765583172357}, {"id": "1011325049", "price": 132.49, "amount": 2.53, "side": "buy", "timestamp": 1765583172578}, {"id": "1011325050", "price": 132.49, "amount": 0.08, "side": "buy", "timestamp": 1765583172776}, {"id": "1011325051", "price": 132.48, "amount": 0.12, "side": "sell", "timestamp": 1765583173759}, {"id": "1011325052", "price": 132.49, "amount": 0.06, "side": "buy", "timestamp": 1765583173931}, {"id": "1011325053", "price": 132.48, "amount": 0.9, "side": "sell", "timestamp": 1765583174041}, {"id": "1011325054", "price": 132.49, "amount": 3.41, "side": "buy", "timestamp": 1765583174148}, {"id": "1011325055", "price": 132.49, "amount": 0.23, "side": "buy", "timestamp": 1765583174759}, {"id": "1011325056", "price": 132.49, "amount": 0.31, "side": "buy", "timestamp": 1765583174975}, {"id": "1011325057", "price": 132.49, "amount": 3.98, "side": "buy", "timestamp": 1765583176049}, {"id": "1011325058", "price": 132.48, "amount": 9.86, "side": "sell", "timestamp": 1765583176084}, {"id": "1011325059", "price": 132.49, "amount": 0.08, "side": "buy", "timestamp": 1765583176153}, {"id": "1011325060", "price": 132.49, "amount": 0.1, "side": "buy", "timestamp": 1765583177183}, {"id": "1011325061", "price": 132.48, "amount": 0.06, "side": "sell", "timestamp": 1765583177866}, {"id": "1011325062", "price": 132.49, "amount": 0.04, "side": "buy", "timestamp": 1765583178300}, {"id": "1011325063", "price": 132.49, "amount": 0.48, "side": "buy", "timestamp": 1765583178409}, {"id": "1011325064", "price": 132.49, "amount": 195.94, "side": "buy", "timestamp": 1765583179116}, {"id": "1011325065", "price": 132.49, "amount": 0.07, "side": "buy", "timestamp": 1765583179595}, {"id": "1011325066", "price": 132.48, "amount": 8.82, "side": "sell", "timestamp": 1765583179673}, {"id": "1011325067", "price": 132.49, "amount": 0.1, "side": "buy", "timestamp": 1765583179854}, {"id": "1011325068", "price": 132.49, "amount": 0.05, "side": "buy", "timestamp": 1765583180280}, {"id": "1011325069", "price": 132.49, "amount": 0.01, "side": "buy", "timestamp": 1765583180938}, {"id": "1011325070", "price": 132.48, "amount": 0.29, "side": "sell", "timestamp": 1765583181371}, {"id": "1011325071", "price": 132.49, "amount": 1.9, "side": "buy", "timestamp": 1765583182172}, {"id": "1011325072", "price": 132.49, "amount": 5.34, "side": "buy", "timestamp": 1765583182298}, {"id": "1011325073", "price": 132.49, "amount": 20.0, "side": "buy", "timestamp": 1765583184138}, {"id": "1011325074", "price": 132.48, "amount": 0.04, "side": "sell", "timestamp": 1765583184179}, {"id": "1011325075", "price": 132.48, "amount": 3.27, "side": "sell", "timestamp": 1765583184411}, {"id": "1011325155", "price": 132.46, "amount": 8.15, "side": "sell", "timestamp": 1765583216531}, {"id": "1011325156", "price": 132.47, "amount": 2.67, "side": "buy", "timestamp": 1765583216531}, {"id": "1011325157", "price": 132.46, "amount": 14.06, "side": "sell", "timestamp": 1765583216532}, {"id": "1011325158", "price": 132.46, "amount": 1.7, "side": "sell", "timestamp": 1765583216684}, {"id": "1011325159", "price": 132.47, "amount": 0.16, "side": "buy", "timestamp": 1765583217083}, {"id": "1011325160", "price": 132.47, "amount": 0.09, "side": "buy", "timestamp": 1765583217338}, {"id": "1011325161", "price": 132.47, "amount": 100.0, "side": "buy", "timestamp": 1765583217937}, {"id": "1011325162", "price": 132.46, "amount": 0.38, "side": "sell", "timestamp": 1765583218042}, {"id": "1011325163", "price": 132.46, "amount": 5.62, "side": "sell", "timestamp": 1765583218625}, {"id": "1011325164", "price": 132.47, "amount": 73.23, "side": "buy", "timestamp": 1765583218664}, {"id": "1011325165", "price": 132.46, "amount": 0.06, "side": "sell", "timestamp": 1765583218843}, {"id": "1011325166", "price": 132.47, "amount": 3.78, "side": "buy", "timestamp": 1765583219599}, {"id": "1011325167", "price": 132.46, "amount": 0.23, "side": "sell", "timestamp": 1765583219908}, {"id": "1011325168", "price": 132.47, "amount": 0.24, "side": "buy", "timestamp": 1765583220393}, {"id": "1011325169", "price": 132.46, "amount": 162.79, "side": "sell", "timestamp": 1765583220507}, {"id": "1011325170", "price": 132.45, "amount": 1.16, "side": "sell", "timestamp": 1765583221274}, {"id": "1011325171", "price": 132.45, "amount": 0.16, "side": "sell", "timestamp": 1765583221391}, {"id": "1011325172", "price": 132.45, "amount": 0.04, "side": "sell", "timestamp": 1765583221891}, {"id": "1011325173", "price": 132.45, "amount": 0.22, "side": "sell", "timestamp": 1765583223471}, {"id": "1011325174", "price": 132.45, "amount": 0.04, "side": "sell", "timestamp": 1765583223986}, {"id": "1011325175", "price": 132.45, "amount": 0.88, "side": "sell", "timestamp": 1765583225057}, {"id": "1011325176", "price": 132.46, "amount": 0.1, "side": "buy", "timestamp": 1765583225370}, {"id": "1011325177", "price": 132.45, "amount": 0.04, "side": "sell", "timestamp": 1765583225487}, {"id": "1011325178", "price": 132.46, "amount": 9.01, "side": "buy", "timestamp": 1765583225489}, {"id": "1011325179", "price": 132.45, "amount": 0.07, "side": "sell", "timestamp": 1765583225940}, {"id": "1011325180", "price": 132.46, "amount": 0.07, "side": "buy", "timestamp": 1765583226008}, {"id": "1011325181", "price": 132.45, "amount": 3.73, "side": "sell", "timestamp": 1765583226587}, {"id": "1011325182", "price": 132.45, "amount": 5.16, "side": "sell", "timestamp": 1765583226804}, {"id": "1011325183", "price": 132.46, "amount": 7.54, "side": "buy", "timestamp": 1765583227319}, {"id": "1011325184", "price": 132.45, "amount": 174.14, "side": "sell", "timestamp": 1765583228300}, {"id": "1011325185", "price": 132.45, "amount": 2.09, "side": "buy", "timestamp": 1765583228305}, {"id": "1011325186", "price": 132.45, "amount": 20.0, "side": "buy", "timestamp": 1765583229105}, {"id": "1011325187", "price": 132.44, "amount": 10.55, "side": "sell", "timestamp": 1765583229298}, {"id": "1011325188", "price": 132.45, "amount": 114.81, "side": "buy", "timestamp": 1765583229574}, {"id": "1011325189", "price": 132.44, "amount": 0.19, "side": "sell", "timestamp": 1765583229818}, {"id": "1011325190", "price": 132.44, "amount": 0.53, "side": "sell", "timestamp": 1765583229935}, {"id": "1011325191", "price": 132.44, "amount": 0.07, "side": "sell", "timestamp": 1765583230600}, {"id": "1011325192", "price": 132.45, "amount": 0.1, "side": "buy", "timestamp": 1765583230875}, {"id": "1011325193", "price": 132.44, "amount": 0.3, "side": "sell", "timestamp": 1765583231286}, {"id": "1011325194", "price": 132.44, "amount": 0.93, "side": "sell", "timestamp": 1765583232717}, {"id": "1011325195", "price": 132.44, "amount": 1.47, "side": "sell", "timestamp": 1765583233422}, {"id": "1011325196", "price": 132.45, "amount": 7.72, "side": "buy", "timestamp": 1765583234078}, {"id": "1011325197", "price": 132.44, "amount": 133.89, "side": "sell", "timestamp": 1765583234498}, {"id": "1011325198", "price": 132.45, "amount": 2.48, "side": "buy", "timestamp": 1765583234804}, {"id": "1011325199", "price": 132.45, "amount": 0.1, "side": "buy", "timestamp": 1765583235334}, {"id": "1011325200", "price": 132.44, "amount": 2.34, "side": "sell", "timestamp": 1765583235519}, {"id": "1011325201", "price": 132.44, "amount": 0.06, "side": "sell", "timestamp": 1765583236079}, {"id": "1011325202", "price": 132.44, "amount": 0.09, "side": "sell", "timestamp": 1765583236936}, {"id": "1011325203", "price": 132.45, "amount": 137.79, "side": "buy", "timestamp": 1765583237314}, {"id": "1011325204", "price": 132.45, "amount": 0.05, "side": "sell", "timestamp": 1765583237718}, {"id": "1011325249", "price": 132.45, "amount": 0.83, "side": "sell", "timestamp": 1765583265867}, {"id": "1011325250", "price": 132.45, "amount": 0.15, "side": "sell", "timestamp": 1765583266116}, {"id": "1011325251", "price": 132.45, "amount": 0.06, "side": "sell", "timestamp": 1765583266312}, {"id": "1011325252", "price": 132.45, "amount": 0.07, "side": "sell", "timestamp": 1765583267360}, {"id": "1011325253", "price": 132.45, "amount": 7.53, "side": "sell", "timestamp": 1765583267767}, {"id": "1011325254", "price": 132.45, "amount": 0.13, "side": "sell", "timestamp": 1765583269194}, {"id": "1011325255", "price": 132.45, "amount": 0.08, "side": "sell", "timestamp": 1765583269837}, {"id": "1011325256", "price": 132.46, "amount": 0.18, "side": "buy", "timestamp": 1765583270188}, {"id": "1011325257", "price": 132.46, "amount": 0.1, "side": "buy", "timestamp": 1765583270388}, {"id": "1011325258", "price": 132.45, "amount": 0.31, "side": "sell", "timestamp": 1765583271475}, {"id": "1011325259", "price": 132.46, "amount": 0.24, "side": "buy", "timestamp": 1765583272480}, {"id": "1011325260", "price": 132.45, "amount": 0.08, "side": "sell", "timestamp": 1765583273544}, {"id": "1011325261", "price": 132.46, "amount": 0.3, "side": "buy", "timestamp": 1765583274173}, {"id": "1011325262", "price": 132.45, "amount": 0.06, "side": "sell", "timestamp": 1765583274245}, {"id": "1011325263", "price": 132.46, "amount": 1.46, "side": "buy", "timestamp": 1765583274726}, {"id": "1011325264", "price": 132.45, "amount": 29.04, "side": "sell", "timestamp": 1765583274904}, {"id": "1011325265", "price": 132.45, "amount": 6.16, "side": "sell", "timestamp": 1765583275064}, {"id": "1011325266", "price": 132.46, "amount": 0.95, "side": "buy", "timestamp": 1765583275321}, {"id": "1011325267", "price": 132.45, "amount": 0.14, "side": "sell", "timestamp": 1765583275605}, {"id": "1011325268", "price": 132.45, "amount": 0.12, "side": "sell", "timestamp": 1765583275887}, {"id": "1011325269", "price": 132.45, "amount": 0.08, "side": "sell", "timestamp": 1765583276419}, {"id": "1011325270", "price": 132.46, "amount": 0.1, "side": "buy", "timestamp": 1765583276726}, {"id": "1011325271", "price": 132.46, "amount": 0.61, "side": "buy", "timestamp": 1765583277150}, {"id": "1011325272", "price": 132.45, "amount": 0.28, "side": "sell", "timestamp": 1765583277498}, {"id": "1011325273", "price": 132.45, "amount": 0.08, "side": "sell", "timestamp": 1765583277985}, {"id": "1011325274", "price": 132.45, "amount": 0.08, "side": "sell", "timestamp": 1765583278086}, {"id": "1011325275", "price": 132.46, "amount": 0.18, "side": "buy", "timestamp": 1765583279613}, {"id": "1011325276", "price": 132.45, "amount": 0.09, "side": "sell", "timestamp": 1765583279733}, {"id": "1011325277", "price": 132.45, "amount": 13.11, "side": "sell", "timestamp": 1765583279876}, {"id": "1011325278", "price": 132.45, "amount": 0.05, "side": "sell", "timestamp": 1765583280022}, {"id": "1011325279", "price": 132.46, "amount": 3.0, "side": "buy", "timestamp": 1765583280151}, {"id": "1011325280", "price": 132.46, "amount": 3.78, "side": "buy", "timestamp": 1765583280922}, {"id": "1011325281", "price": 132.46, "amount": 0.84, "side": "buy", "timestamp": 1765583281077}, {"id": "1011325282", "price": 132.46, "amount": 0.1, "side": "buy", "timestamp": 1765583281568}, {"id": "1011325283", "price": 132.46, "amount": 2.0, "side": "buy", "timestamp": 1765583282113}, {"id": "1011325284", "price": 132.45, "amount": 0.04, "side": "sell", "timestamp": 1765583282636}, {"id": "1011325285", "price": 132.45, "amount": 0.11, "side": "sell", "timestamp": 1765583283573}, {"id": "1011325286", "price": 132.45, "amount": 0.15, "side": "sell", "timestamp": 1765583284270}, {"id": "1011325287", "price": 132.46, "amount": 0.05, "side": "buy", "timestamp": 1765583284893}, {"id": "1011325288", "price": 132.46, "amount": 0.76, "side": "buy", "timestamp": 1765583285419}, {"id": "1011325289", "price": 132.45, "amount": 32.08, "side": "sell", "timestamp": 1765583285590}, {"id": "1011325290", "price": 132.46, "amount": 0.1, "side": "buy", "timestamp": 1765583286379}, {"id": "1011325291", "price": 132.46, "amount": 0.23, "side": "buy", "timestamp": 1765583286577}, {"id": "1011325292", "price": 132.46, "amount": 0.1, "side": "buy", "timestamp": 1765583286950}, {"id": "1011325293", "price": 132.45, "amount": 221.95, "side": "sell", "timestamp": 1765583287883}, {"id": "1011325294", "price": 132.45, "amount": 3.68, "side": "buy", "timestamp": 1765583287892}, {"id": "1011325295", "price": 132.44, "amount": 0.17, "side": "sell", "timestamp": 1765583289712}, {"id": "1011325296", "price": 132.44, "amount": 0.23, "side": "sell", "timestamp": 1765583289838}, {"id": "1011325297", "price": 132.44, "amount": 0.08, "side": "sell", "timestamp": 1765583289979}, {"id": "1011325298", "price": 132.45, "amount": 9.44, "side": "buy", "timestamp": 1765583290336}, {"id": "1011325344", "price": 132.44, "amount": 0.09, "side": "sell", "timestamp": 1765583315735}, {"id": "1011325345", "price": 132.44, "amount": 0.02, "side": "sell", "timestamp": 1765583316000}, {"id": "1011325346", "price": 132.45, "amount": 3.31, "side": "buy", "timestamp": 1765583316345}, {"id": "1011325347", "price": 132.44, "amount": 0.07, "side": "sell", "timestamp": 1765583317164}, {"id": "1011325348", "price": 132.44, "amount": 0.8, "side": "sell", "timestamp": 1765583318149}, {"id": "1011325349", "price": 132.44, "amount": 0.06, "side": "sell", "timestamp": 1765583318569}, {"id": "1011325350", "price": 132.44, "amount": 3.8, "side": "sell", "timestamp": 1765583320244}, {"id": "1011325351", "price": 132.44, "amount": 4.02, "side": "sell", "timestamp": 1765583320700}, {"id": "1011325352", "price": 132.44, "amount": 15.62, "side": "sell", "timestamp": 1765583322385}, {"id": "1011325353", "price": 132.45, "amount": 4.39, "side": "buy", "timestamp": 1765583322543}, {"id": "1011325354", "price": 132.45, "amount": 0.1, "side": "buy", "timestamp": 1765583323286}, {"id": "1011325355", "price": 132.44, "amount": 0.1, "side": "sell", "timestamp": 1765583323437}, {"id": "1011325356", "price": 132.44, "amount": 0.06, "side": "sell", "timestamp": 1765583324132}, {"id": "1011325357", "price": 132.44, "amount": 0.75, "side": "sell", "timestamp": 1765583325828}, {"id": "1011325358", "price": 132.45, "amount": 0.1, "side": "buy", "timestamp": 1765583327049}, {"id": "1011325359", "price": 132.45, "amount": 0.16, "side": "buy", "timestamp": 1765583327436}, {"id": "1011325360", "price": 132.44, "amount": 0.12, "side": "sell", "timestamp": 1765583327606}, {"id": "1011325361", "price": 132.45, "amount": 1.51, "side": "buy", "timestamp": 1765583327749}, {"id": "1011325362", "price": 132.45, "amount": 4.45, "side": "buy", "timestamp": 1765583328133}, {"id": "1011325363", "price": 132.44, "amount": 1.13, "side": "sell", "timestamp": 1765583328478}, {"id": "1011325364", "price": 132.45, "amount": 3.55, "side": "buy", "timestamp": 1765583328682}, {"id": "1011325365", "price": 132.44, "amount": 3.94, "side": "sell", "timestamp": 1765583329414}, {"id": "1011325366", "price": 132.44, "amount": 0.05, "side": "sell", "timestamp": 1765583329540}, {"id": "1011325367", "price": 132.44, "amount": 0.75, "side": "sell", "timestamp": 1765583331258}, {"id": "1011325368", "price": 132.45, "amount": 0.1, "side": "buy", "timestamp": 1765583331346}, {"id": "1011325369", "price": 132.44, "amount": 0.11, "side": "sell", "timestamp": 1765583332998}, {"id": "1011325370", "price": 132.44, "amount": 18.4, "side": "sell", "timestamp": 1765583334512}, {"id": "1011325371", "price": 132.44, "amount": 0.38, "side": "sell", "timestamp": 1765583335446}, {"id": "1011325372", "price": 132.45, "amount": 0.1, "side": "buy", "timestamp": 1765583335939}, {"id": "1011325373", "price": 132.44, "amount": 1.1, "side": "sell", "timestamp": 1765583337024}, {"id": "1011325374", "price": 132.45, "amount": 0.23, "side": "buy", "timestamp": 1765583337201}, {"id": "1011325375", "price": 132.44, "amount": 0.06, "side": "sell", "timestamp": 1765583339147}, {"id": "1011325376", "price": 132.44, "amount": 0.08, "side": "sell", "timestamp": 1765583339351}, {"id": "1011325377", "price": 132.44, "amount": 0.12, "side": "sell", "timestamp": 1765583339584}, {"id": "1011325378", "price": 132.45, "amount": 4.94, "side": "buy", "timestamp": 1765583339779}, {"id": "1011325379", "price": 132.44, "amount": 0.06, "side": "sell", "timestamp": 1765583340574}, {"id": "1011325380", "price": 132.44, "amount": 0.61, "side": "sell", "timestamp": 1765583340866}, {"id": "1011325381", "price": 132.45, "amount": 0.05, "side": "buy", "timestamp": 1765583340892}, {"id": "1011325382", "price": 132.44, "amount": 3.16, "side": "sell", "timestamp": 1765583341185}, {"id": "1011325383", "price": 132.45, "amount": 0.1, "side": "buy", "timestamp": 1765583341354}, {"id": "1011325384", "price": 132.45, "amount": 0.2, "side": "buy", "timestamp": 1765583341718}, {"id": "1011325385", "price": 132.44, "amount": 0.23, "side": "sell", "timestamp": 1765583341733}, {"id": "1011325386", "price": 132.45, "amount": 3.78, "side": "buy", "timestamp": 1765583341744}, {"id": "1011325387", "price": 132.44, "amount": 0.09, "side": "sell", "timestamp": 1765583341810}, {"id": "1011325388", "price": 132.44, "amount": 3.77, "side": "sell", "timestamp": 1765583342085}, {"id": "1011325389", "price": 132.44, "amount": 0.37, "side": "sell", "timestamp": 1765583342326}, {"id": "1011325390", "price": 132.44, "amount": 0.26, "side": "sell", "timestamp": 1765583343051}, {"id": "1011325391", "price": 132.44, "amount": 56.61, "side": "sell", "timestamp": 1765583343244}, {"id": "1011325392", "price": 132.44, "amount": 0.04, "side": "sell", "timestamp": 1765583343957}, {"id": "1011325393", "price": 132.45, "amount": 408.8, "side": "buy", "timestamp": 1765583343959}, {"id": "1011325440", "price": 132.42, "amount": 13.13, "side": "sell", "timestamp": 1765583372307}, {"id": "1011325441", "price": 132.42, "amount": 67.38, "side": "sell", "timestamp": 1765583372630}, {"id": "1011325442", "price": 132.42, "amount": 39.15, "side": "sell", "timestamp": 1765583372736}, {"id": "1011325443", "price": 132.43, "amount": 0.2, "side": "buy", "timestamp": 1765583373259}, {"id": "1011325444", "price": 132.42, "amount": 5.52, "side": "sell", "timestamp": 1765583373277}, {"id": "1011325445", "price": 132.42, "amount": 3.42, "side": "sell", "timestamp": 1765583374011}, {"id": "1011325446", "price": 132.42, "amount": 8.19, "side": "sell", "timestamp": 1765583374162}, {"id": "1011325447", "price": 132.43, "amount": 0.19, "side": "buy", "timestamp": 1765583374249}, {"id": "1011325448", "price": 132.42, "amount": 0.04, "side": "sell", "timestamp": 1765583375718}, {"id": "1011325449", "price": 132.42, "amount": 37.93, "side": "sell", "timestamp": 1765583376385}, {"id": "1011325450", "price": 132.42, "amount": 0.04, "side": "sell", "timestamp": 1765583376968}, {"id": "1011325451", "price": 132.42, "amount": 43.59, "side": "sell", "timestamp": 1765583377258}, {"id": "1011325452", "price": 132.42, "amount": 383.14, "side": "sell", "timestamp": 1765583377472}, {"id": "1011325453", "price": 132.42, "amount": 2.97, "side": "sell", "timestamp": 1765583377827}, {"id": "1011325454", "price": 132.42, "amount": 0.04, "side": "sell", "timestamp": 1765583378156}, {"id": "1011325455", "price": 132.43, "amount": 614.46, "side": "buy", "timestamp": 1765583378383}, {"id": "1011325456", "price": 132.43, "amount": 0.12, "side": "sell", "timestamp": 1765583378767}, {"id": "1011325457", "price": 132.44, "amount": 5.87, "side": "buy", "timestamp": 1765583379489}, {"id": "1011325458", "price": 132.44, "amount": 2.26, "side": "buy", "timestamp": 1765583380126}, {"id": "1011325459", "price": 132.43, "amount": 0.15, "side": "sell", "timestamp": 1765583380452}, {"id": "1011325460", "price": 132.43, "amount": 5.55, "side": "sell", "timestamp": 1765583380589}, {"id": "1011325461", "price": 132.44, "amount": 0.05, "side": "buy", "timestamp": 1765583380894}, {"id": "1011325462", "price": 132.44, "amount": 3.78, "side": "buy", "timestamp": 1765583382841}, {"id": "1011325463", "price": 132.43, "amount": 5.66, "side": "sell", "timestamp": 1765583384263}, {"id": "1011325464", "price": 132.44, "amount": 0.15, "side": "buy", "timestamp": 1765583384567}, {"id": "1011325465", "price": 132.44, "amount": 0.27, "side": "buy", "timestamp": 1765583385917}, {"id": "1011325466", "price": 132.43, "amount": 5.66, "side": "sell", "timestamp": 1765583386497}, {"id": "1011325467", "price": 132.43, "amount": 10.69, "side": "sell", "timestamp": 1765583386792}, {"id": "1011325468", "price": 132.43, "amount": 0.09, "side": "sell", "timestamp": 1765583387741}, {"id": "1011325469", "price": 132.44, "amount": 0.1, "side": "buy", "timestamp": 1765583388752}, {"id": "1011325470", "price": 132.43, "amount": 20.26, "side": "sell", "timestamp": 1765583388772}, {"id": "1011325471", "price": 132.43, "amount": 3.45, "side": "sell", "timestamp": 1765583389572}, {"id": "1011325472", "price": 132.43, "amount": 34.21, "side": "sell", "timestamp": 1765583389708}, {"id": "1011325473", "price": 132.44, "amount": 5.0, "side": "buy", "timestamp": 1765583390387}, {"id": "1011325474", "price": 132.44, "amount": 10.0, "side": "buy", "timestamp": 1765583390669}, {"id": "1011325475", "price": 132.43, "amount": 5.98, "side": "sell", "timestamp": 1765583392920}, {"id": "1011325476", "price": 132.43, "amount": 5.66, "side": "sell", "timestamp": 1765583393152}, {"id": "1011325477", "price": 132.43, "amount": 1.71, "side": "sell", "timestamp": 1765583393416}, {"id": "1011325478", "price": 132.43, "amount": 2.04, "side": "sell", "timestamp": 1765583393915}, {"id": "1011325479", "price": 132.43, "amount": 305.35, "side": "sell", "timestamp": 1765583394379}, {"id": "1011325480", "price": 132.42, "amount": 0.38, "side": "sell", "timestamp": 1765583394580}, {"id": "1011325481", "price": 132.43, "amount": 0.37, "side": "buy", "timestamp": 1765583394843}, {"id": "1011325482", "price": 132.42, "amount": 0.05, "side": "sell", "timestamp": 1765583394865}, {"id": "1011325483", "price": 132.42, "amount": 0.07, "side": "sell", "timestamp": 1765583395149}, {"id": "1011325484", "price": 132.42, "amount": 0.3, "side": "sell", "timestamp": 1765583395450}, {"id": "1011325485", "price": 132.42, "amount": 0.23, "side": "sell", "timestamp": 1765583396857}, {"id": "1011325486", "price": 132.42, "amount": 38.06, "side": "sell", "timestamp": 1765583397127}, {"id": "1011325487", "price": 132.43, "amount": 35.33, "side": "buy", "timestamp": 1765583397164}, {"id": "1011325488", "price": 132.43, "amount": 2.41, "side": "buy", "timestamp": 1765583397266}, {"id": "1011325489", "price": 132.43, "amount": 0.21, "side": "buy", "timestamp": 1765583397391}, {"id": "1011325543", "price": 132.42, "amount": 0.81, "side": "sell", "timestamp": 1765583424701}, {"id": "1011325544", "price": 132.42, "amount": 0.19, "side": "sell", "timestamp": 1765583424847}, {"id": "1011325545", "price": 132.42, "amount": 166.87, "side": "sell", "timestamp": 1765583425678}, {"id": "1011325546", "price": 132.42, "amount": 3.99, "side": "sell", "timestamp": 1765583426083}, {"id": "1011325547", "price": 132.42, "amount": 0.05, "side": "sell", "timestamp": 1765583426872}, {"id": "1011325548", "price": 132.42, "amount": 0.06, "side": "sell", "timestamp": 1765583427114}, {"id": "1011325549", "price": 132.42, "amount": 0.07, "side": "sell", "timestamp": 1765583428488}, {"id": "1011325550", "price": 132.42, "amount": 0.05, "side": "sell", "timestamp": 1765583429303}, {"id": "1011325551", "price": 132.42, "amount": 0.12, "side": "sell", "timestamp": 1765583429807}, {"id": "1011325552", "price": 132.42, "amount": 0.7, "side": "sell", "timestamp": 1765583429924}, {"id": "1011325553", "price": 132.42, "amount": 0.06, "side": "sell", "timestamp": 1765583430031}, {"id": "1011325554", "price": 132.43, "amount": 0.37, "side": "buy", "timestamp": 1765583430336}, {"id": "1011325555", "price": 132.42, "amount": 0.07, "side": "sell", "timestamp": 1765583430737}, {"id": "1011325556", "price": 132.42, "amount": 0.2, "side": "sell", "timestamp": 1765583430981}, {"id": "1011325557", "price": 132.42, "amount": 3.77, "side": "sell", "timestamp": 1765583431129}, {"id": "1011325558", "price": 132.42, "amount": 0.37, "side": "sell", "timestamp": 1765583431304}, {"id": "1011325559", "price": 132.42, "amount": 1.22, "side": "sell", "timestamp": 1765583432505}, {"id": "1011325560", "price": 132.43, "amount": 128.99, "side": "buy", "timestamp": 1765583433107}, {"id": "1011325561", "price": 132.43, "amount": 153.51, "side": "buy", "timestamp": 1765583433212}, {"id": "1011325562", "price": 132.43, "amount": 0.05, "side": "sell", "timestamp": 1765583433625}, {"id": "1011325563", "price": 132.43, "amount": 7.85, "side": "sell", "timestamp": 1765583433763}, {"id": "1011325564", "price": 132.44, "amount": 0.04, "side": "buy", "timestamp": 1765583434016}, {"id": "1011325565", "price": 132.44, "amount": 0.75, "side": "buy", "timestamp": 1765583434284}, {"id": "1011325566", "price": 132.43, "amount": 0.72, "side": "sell", "timestamp": 1765583434578}, {"id": "1011325567", "price": 132.44, "amount": 4.13, "side": "buy", "timestamp": 1765583435041}, {"id": "1011325568", "price": 132.44, "amount": 0.05, "side": "buy", "timestamp": 1765583435267}, {"id": "1011325569", "price": 132.43, "amount": 7.11, "side": "sell", "timestamp": 1765583436068}, {"id": "1011325570", "price": 132.44, "amount": 32.12, "side": "buy", "timestamp": 1765583437075}, {"id": "1011325571", "price": 132.43, "amount": 0.57, "side": "sell", "timestamp": 1765583437092}, {"id": "1011325572", "price": 132.43, "amount": 0.08, "side": "sell", "timestamp": 1765583437282}, {"id": "1011325573", "price": 132.43, "amount": 30.15, "side": "sell", "timestamp": 1765583437590}, {"id": "1011325574", "price": 132.44, "amount": 11.7, "side": "buy", "timestamp": 1765583437636}, {"id": "1011325575", "price": 132.43, "amount": 2.32, "side": "sell", "timestamp": 1765583437947}, {"id": "1011325576", "price": 132.44, "amount": 0.31, "side": "buy", "timestamp": 1765583439416}, {"id": "1011325577", "price": 132.44, "amount": 207.2, "side": "buy", "timestamp": 1765583439696}, {"id": "1011325578", "price": 132.44, "amount": 3.8, "side": "buy", "timestamp": 1765583440037}, {"id": "1011325579", "price": 132.43, "amount": 0.06, "side": "sell", "timestamp": 1765583440629}, {"id": "1011325580", "price": 132.43, "amount": 1.8, "side": "sell", "timestamp": 1765583441942}, {"id": "1011325581", "price": 132.43, "amount": 9.84, "side": "sell", "timestamp": 1765583442158}, {"id": "1011325582", "price": 132.44, "amount": 1.14, "side": "buy", "timestamp": 1765583442794}, {"id": "1011325583", "price": 132.43, "amount": 3.77, "side": "sell", "timestamp": 1765583443679}, {"id": "1011325584", "price": 132.44, "amount": 90.6, "side": "buy", "timestamp": 1765583443681}, {"id": "1011325585", "price": 132.44, "amount": 0.2, "side": "buy", "timestamp": 1765583444473}, {"id": "1011325586", "price": 132.43, "amount": 8.56, "side": "sell", "timestamp": 1765583445057}, {"id": "1011325587", "price": 132.44, "amount": 0.07, "side": "buy", "timestamp": 1765583445340}, {"id": "1011325588", "price": 132.43, "amount": 0.07, "side": "sell", "timestamp": 1765583445862}, {"id": "1011325589", "price": 132.43, "amount": 0.07, "side": "sell", "timestamp": 1765583446344}, {"id": "1011325590", "price": 132.43, "amount": 12.85, "side": "sell", "timestamp": 1765583447080}, {"id": "1011325591", "price": 132.43, "amount": 0.46, "side": "sell", "timestamp": 1765583450008}, {"id": "1011325592", "price": 132.44, "amount": 0.34, "side": "buy", "timestamp": 1765583450259}, {"id": "1011325661", "price": 132.47, "amount": 0.57, "side": "sell", "timestamp": 1765583482363}, {"id": "1011325662", "price": 132.48, "amount": 352.46, "side": "buy", "timestamp": 1765583483541}, {"id": "1011325663", "price": 132.49, "amount": 26.35, "side": "buy", "timestamp": 1765583483550}, {"id": "1011325664", "price": 132.5, "amount": 176.31, "side": "buy", "timestamp": 1765583483551}, {"id": "1011325665", "price": 132.5, "amount": 83.13, "side": "buy", "timestamp": 1765583483652}, {"id": "1011325666", "price": 132.51, "amount": 14.45, "side": "buy", "timestamp": 1765583483668}, {"id": "1011325667", "price": 132.52, "amount": 27.94, "side": "buy", "timestamp": 1765583483669}, {"id": "1011325668", "price": 132.51, "amount": 0.15, "side": "sell", "timestamp": 1765583483785}, {"id": "1011325669", "price": 132.52, "amount": 0.04, "side": "buy", "timestamp": 1765583484925}, {"id": "1011325670", "price": 132.52, "amount": 10.0, "side": "buy", "timestamp": 1765583485039}, {"id": "1011325671", "price": 132.52, "amount": 219.61, "side": "buy", "timestamp": 1765583485678}, {"id": "1011325672", "price": 132.52, "amount": 0.05, "side": "buy", "timestamp": 1765583485892}, {"id": "1011325673", "price": 132.51, "amount": 0.47, "side": "sell", "timestamp": 1765583486399}, {"id": "1011325674", "price": 132.52, "amount": 12.58, "side": "buy", "timestamp": 1765583487357}, {"id": "1011325675", "price": 132.51, "amount": 0.07, "side": "sell", "timestamp": 1765583487762}, {"id": "1011325676", "price": 132.51, "amount": 0.3, "side": "sell", "timestamp": 1765583489380}, {"id": "1011325677", "price": 132.52, "amount": 44.06, "side": "buy", "timestamp": 1765583491053}, {"id": "1011325678", "price": 132.51, "amount": 1.54, "side": "sell", "timestamp": 1765583491424}, {"id": "1011325679", "price": 132.51, "amount": 3.85, "side": "sell", "timestamp": 1765583491549}, {"id": "1011325680", "price": 132.51, "amount": 0.07, "side": "sell", "timestamp": 1765583492989}, {"id": "1011325681", "price": 132.51, "amount": 0.04, "side": "sell", "timestamp": 1765583493556}, {"id": "1011325682", "price": 132.52, "amount": 10.0, "side": "buy", "timestamp": 1765583494029}, {"id": "1011325683", "price": 132.52, "amount": 30.76, "side": "buy", "timestamp": 1765583494870}, {"id": "1011325684", "price": 132.51, "amount": 0.38, "side": "sell", "timestamp": 1765583494999}, {"id": "1011325685", "price": 132.52, "amount": 81.32, "side": "buy", "timestamp": 1765583495200}, {"id": "1011325686", "price": 132.51, "amount": 0.09, "side": "sell", "timestamp": 1765583495746}, {"id": "1011325687", "price": 132.51, "amount": 0.57, "side": "sell", "timestamp": 1765583496600}, {"id": "1011325688", "price": 132.52, "amount": 3.34, "side": "buy", "timestamp": 1765583497237}, {"id": "1011325689", "price": 132.51, "amount": 0.07, "side": "sell", "timestamp": 1765583497291}, {"id": "1011325690", "price": 132.51, "amount": 0.04, "side": "sell", "timestamp": 1765583497510}, {"id": "1011325691", "price": 132.51, "amount": 506.38, "side": "sell", "timestamp": 1765583497705}, {"id": "1011325692", "price": 132.5, "amount": 0.4, "side": "sell", "timestamp": 1765583497766}, {"id": "1011325693", "price": 132.5, "amount": 1.5, "side": "sell", "timestamp": 1765583497971}, {"id": "1011325694", "price": 132.5, "amount": 0.12, "side": "sell", "timestamp": 1765583498449}, {"id": "1011325695", "price": 132.51, "amount": 0.1, "side": "buy", "timestamp": 1765583498721}, {"id": "1011325696", "price": 132.5, "amount": 0.04, "side": "sell", "timestamp": 1765583498778}, {"id": "1011325697", "price": 132.5, "amount": 0.8, "side": "sell", "timestamp": 1765583499102}, {"id": "1011325698", "price": 132.51, "amount": 0.44, "side": "buy", "timestamp": 1765583499338}, {"id": "1011325699", "price": 132.5, "amount": 182.53, "side": "sell", "timestamp": 1765583501116}, {"id": "1011325700", "price": 132.5, "amount": 1.19, "side": "buy", "timestamp": 1765583501145}, {"id": "1011325701", "price": 132.5, "amount": 240.81, "side": "buy", "timestamp": 1765583501291}, {"id": "1011325702", "price": 132.5, "amount": 0.07, "side": "buy", "timestamp": 1765583501586}, {"id": "1011325703", "price": 132.5, "amount": 0.05, "side": "buy", "timestamp": 1765583502034}, {"id": "1011325704", "price": 132.49, "amount": 0.05, "side": "sell", "timestamp": 1765583502313}, {"id": "1011325705", "price": 132.5, "amount": 7.11, "side": "buy", "timestamp": 1765583502620}, {"id": "1011325706", "price": 132.5, "amount": 105.48, "side": "buy", "timestamp": 1765583502963}, {"id": "1011325707", "price": 132.5, "amount": 0.59, "side": "sell", "timestamp": 1765583503022}, {"id": "1011325708", "price": 132.51, "amount": 1.15, "side": "buy", "timestamp": 1765583503298}, {"id": "1011325709", "price": 132.5, "amount": 0.07, "side": "sell", "timestamp": 1765583503530}, {"id": "1011325710", "price": 132.51, "amount": 0.11, "side": "buy", "timestamp": 1765583503775}, {"id": "1011325783", "price": 132.4, "amount": 0.76, "side": "sell", "timestamp": 1765583533676}, {"id": "1011325784", "price": 132.4, "amount": 0.05, "side": "sell", "timestamp": 1765583533798}, {"id": "1011325785", "price": 132.41, "amount": 0.17, "side": "buy", "timestamp": 1765583534637}, {"id": "1011325786", "price": 132.41, "amount": 3.78, "side": "buy", "timestamp": 1765583534908}, {"id": "1011325787", "price": 132.41, "amount": 2.26, "side": "buy", "timestamp": 1765583535500}, {"id": "1011325788", "price": 132.4, "amount": 0.04, "side": "sell", "timestamp": 1765583537029}, {"id": "1011325789", "price": 132.41, "amount": 0.1, "side": "buy", "timestamp": 1765583537890}, {"id": "1011325790", "price": 132.4, "amount": 0.6, "side": "sell", "timestamp": 1765583538038}, {"id": "1011325791", "price": 132.4, "amount": 0.59, "side": "sell", "timestamp": 1765583538722}, {"id": "1011325792", "price": 132.4, "amount": 0.69, "side": "sell", "timestamp": 1765583539793}, {"id": "1011325793", "price": 132.4, "amount": 52.8, "side": "sell", "timestamp": 1765583540027}, {"id": "1011325794", "price": 132.4, "amount": 14.22, "side": "sell", "timestamp": 1765583540383}, {"id": "1011325795", "price": 132.41, "amount": 11.0, "side": "buy", "timestamp": 1765583540487}, {"id": "1011325796", "price": 132.4, "amount": 0.7, "side": "sell", "timestamp": 1765583541312}, {"id": "1011325797", "price": 132.4, "amount": 0.33, "side": "sell", "timestamp": 1765583541541}, {"id": "1011325798", "price": 132.4, "amount": 0.72, "side": "sell", "timestamp": 1765583541699}, {"id": "1011325799", "price": 132.4, "amount": 0.66, "side": "sell", "timestamp": 1765583542020}, {"id": "1011325800", "price": 132.41, "amount": 0.1, "side": "buy", "timestamp": 1765583542606}, {"id": "1011325801", "price": 132.4, "amount": 0.68, "side": "sell", "timestamp": 1765583542609}, {"id": "1011325802", "price": 132.4, "amount": 0.62, "side": "sell", "timestamp": 1765583543099}, {"id": "1011325803", "price": 132.4, "amount": 0.13, "side": "sell", "timestamp": 1765583543637}, {"id": "1011325804", "price": 132.4, "amount": 0.06, "side": "sell", "timestamp": 1765583544138}, {"id": "1011325805", "price": 132.4, "amount": 3.89, "side": "sell", "timestamp": 1765583544286}, {"id": "1011325806", "price": 132.4, "amount": 1.53, "side": "sell", "timestamp": 1765583544666}, {"id": "1011325807", "price": 132.4, "amount": 0.11, "side": "sell", "timestamp": 1765583545086}, {"id": "1011325808", "price": 132.4, "amount": 0.5, "side": "sell", "timestamp": 1765583545238}, {"id": "1011325809", "price": 132.41, "amount": 0.1, "side": "buy", "timestamp": 1765583545717}, {"id": "1011325810", "price": 132.4, "amount": 6.92, "side": "sell", "timestamp": 1765583546100}, {"id": "1011325811", "price": 132.41, "amount": 7.37, "side": "buy", "timestamp": 1765583546144}, {"id": "1011325812", "price": 132.4, "amount": 0.75, "side": "sell", "timestamp": 1765583546995}, {"id": "1011325813", "price": 132.4, "amount": 4.75, "side": "sell", "timestamp": 1765583547197}, {"id": "1011325814", "price": 132.41, "amount": 3.52, "side": "buy", "timestamp": 1765583547630}, {"id": "1011325815", "price": 132.41, "amount": 0.1, "side": "buy", "timestamp": 1765583547737}, {"id": "1011325816", "price": 132.41, "amount": 100.0, "side": "buy", "timestamp": 1765583548124}, {"id": "1011325817", "price": 132.4, "amount": 0.05, "side": "sell", "timestamp": 1765583548298}, {"id": "1011325818", "price": 132.4, "amount": 0.06, "side": "sell", "timestamp": 1765583548419}, {"id": "1011325819", "price": 132.4, "amount": 0.07, "side": "sell", "timestamp": 1765583548539}, {"id": "1011325820", "price": 132.41, "amount": 0.1, "side": "buy", "timestamp": 1765583549496}, {"id": "1011325821", "price": 132.4, "amount": 13.2, "side": "sell", "timestamp": 1765583549667}, {"id": "1011325822", "price": 132.41, "amount": 5.23, "side": "buy", "timestamp": 1765583551390}, {"id": "1011325823", "price": 132.4, "amount": 0.22, "side": "sell", "timestamp": 1765583552127}, {"id": "1011325824", "price": 132.4, "amount": 0.08, "side": "sell", "timestamp": 1765583552339}, {"id": "1011325825", "price": 132.4, "amount": 1.4, "side": "sell", "timestamp": 1765583552970}, {"id": "1011325826", "price": 132.4, "amount": 0.47, "side": "sell", "timestamp": 1765583553187}, {"id": "1011325827", "price": 132.41, "amount": 1.51, "side": "buy", "timestamp": 1765583553232}, {"id": "1011325828", "price": 132.4, "amount": 0.99, "side": "sell", "timestamp": 1765583553301}, {"id": "1011325829", "price": 132.41, "amount": 0.15, "side": "buy", "timestamp": 1765583554311}, {"id": "1011325830", "price": 132.41, "amount": 0.1, "side": "buy", "timestamp": 1765583554726}, {"id": "1011325831", "price": 132.4, "amount": 0.05, "side": "sell", "timestamp": 1765583555191}, {"id": "1011325832", "price": 132.4, "amount": 1.65, "side": "sell", "timestamp": 1765583556752}, {"id": "1011325889", "price": 132.39, "amount": 0.15, "side": "sell", "timestamp": 1765583584948}, {"id": "1011325890", "price": 132.39, "amount": 4.39, "side": "sell", "timestamp": 1765583585871}, {"id": "1011325891", "price": 132.39, "amount": 4.93, "side": "sell", "timestamp": 1765583586364}, {"id": "1011325892", "price": 132.4, "amount": 0.3, "side": "buy", "timestamp": 1765583586924}, {"id": "1011325893", "price": 132.4, "amount": 0.05, "side": "buy", "timestamp": 1765583588324}, {"id": "1011325894", "price": 132.39, "amount": 0.06, "side": "sell", "timestamp": 1765583589268}, {"id": "1011325895", "price": 132.39, "amount": 0.2, "side": "sell", "timestamp": 1765583589707}, {"id": "1011325896", "price": 132.39, "amount": 0.29, "side": "sell", "timestamp": 1765583589861}, {"id": "1011325897", "price": 132.39, "amount": 0.1, "side": "sell", "timestamp": 1765583590046}, {"id": "1011325898", "price": 132.4, "amount": 3.78, "side": "buy", "timestamp": 1765583590258}, {"id": "1011325899", "price": 132.39, "amount": 53.92, "side": "sell", "timestamp": 1765583590700}, {"id": "1011325900", "price": 132.4, "amount": 0.1, "side": "buy", "timestamp": 1765583591403}, {"id": "1011325901", "price": 132.39, "amount": 0.06, "side": "sell", "timestamp": 1765583591843}, {"id": "1011325902", "price": 132.39, "amount": 0.53, "side": "sell", "timestamp": 1765583591991}, {"id": "1011325903", "price": 132.4, "amount": 0.1, "side": "buy", "timestamp": 1765583592125}, {"id": "1011325904", "price": 132.39, "amount": 7.36, "side": "sell", "timestamp": 1765583592415}, {"id": "1011325905", "price": 132.39, "amount": 0.23, "side": "sell", "timestamp": 1765583592580}, {"id": "1011325906", "price": 132.4, "amount": 0.37, "side": "buy", "timestamp": 1765583592766}, {"id": "1011325907", "price": 132.39, "amount": 0.05, "side": "sell", "timestamp": 1765583594209}, {"id": "1011325908", "price": 132.39, "amount": 0.05, "side": "sell", "timestamp": 1765583594764}, {"id": "1011325909", "price": 132.39, "amount": 9.09, "side": "sell", "timestamp": 1765583595022}, {"id": "1011325910", "price": 132.4, "amount": 0.1, "side": "buy", "timestamp": 1765583595079}, {"id": "1011325911", "price": 132.39, "amount": 0.04, "side": "sell", "timestamp": 1765583595243}, {"id": "1011325912", "price": 132.39, "amount": 0.67, "side": "sell", "timestamp": 1765583595898}, {"id": "1011325913", "price": 132.39, "amount": 85.86, "side": "sell", "timestamp": 1765583598330}, {"id": "1011325914", "price": 132.39, "amount": 0.05, "side": "sell", "timestamp": 1765583598610}, {"id": "1011325915", "price": 132.39, "amount": 0.07, "side": "sell", "timestamp": 1765583599547}, {"id": "1011325916", "price": 132.4, "amount": 0.14, "side": "buy", "timestamp": 1765583599578}, {"id": "1011325917", "price": 132.39, "amount": 0.04, "side": "sell", "timestamp": 1765583599933}, {"id": "1011325918", "price": 132.4, "amount": 5.0, "side": "buy", "timestamp": 1765583599970}, {"id": "1011325919", "price": 132.39, "amount": 211.18, "side": "sell", "timestamp": 1765583600146}, {"id": "1011325920", "price": 132.38, "amount": 0.35, "side": "sell", "timestamp": 1765583600613}, {"id": "1011325921", "price": 132.38, "amount": 1.58, "side": "sell", "timestamp": 1765583600846}, {"id": "1011325922", "price": 132.38, "amount": 3.07, "side": "sell", "timestamp": 1765583600983}, {"id": "1011325923", "price": 132.38, "amount": 0.83, "side": "sell", "timestamp": 1765583601419}, {"id": "1011325924", "price": 132.38, "amount": 0.04, "side": "sell", "timestamp": 1765583601741}, {"id": "1011325925", "price": 132.38, "amount": 6.14, "side": "sell", "timestamp": 1765583602669}, {"id": "1011325926", "price": 132.38, "amount": 0.2, "side": "sell", "timestamp": 1765583603560}, {"id": "1011325927", "price": 132.39, "amount": 1.7, "side": "buy", "timestamp": 1765583603719}, {"id": "1011325928", "price": 132.38, "amount": 0.09, "side": "sell", "timestamp": 1765583603726}, {"id": "1011325929", "price": 132.38, "amount": 18.24, "side": "sell", "timestamp": 1765583604537}, {"id": "1011325930", "price": 132.39, "amount": 0.1, "side": "buy", "timestamp": 1765583605459}, {"id": "1011325931", "price": 132.38, "amount": 0.97, "side": "sell", "timestamp": 1765583605462}, {"id": "1011325932", "price": 132.38, "amount": 10.91, "side": "sell", "timestamp": 1765583606037}, {"id": "1011325933", "price": 132.39, "amount": 0.5, "side": "buy", "timestamp": 1765583606568}, {"id": "1011325934", "price": 132.39, "amount": 0.07, "side": "buy", "timestamp": 1765583607266}, {"id": "1011325935", "price": 132.38, "amount": 0.05, "side": "sell", "timestamp": 1765583609208}, {"id": "1011325936", "price": 132.38, "amount": 0.12, "side": "sell", "timestamp": 1765583609448}, {"id": "1011325937", "price": 132.39, "amount": 0.04, "side": "buy", "timestamp": 1765583610022}, {"id": "1011325938", "price": 132.38, "amount": 0.12, "side": "sell", "timestamp": 1765583610091}, {"id": "1011326089", "price": 132.32, "amount": 2.04, "side": "buy", "timestamp": 1765583657275}, {"id": "1011326090", "price": 132.32, "amount": 53.68, "side": "buy", "timestamp": 1765583657693}, {"id": "1011326091", "price": 132.31, "amount": 5.42, "side": "sell", "timestamp": 1765583657847}, {"id": "1011326092", "price": 132.32, "amount": 3.78, "side": "buy", "timestamp": 1765583658273}, {"id": "1011326093", "price": 132.31, "amount": 0.04, "side": "sell", "timestamp": 1765583658514}, {"id": "1011326094", "price": 132.31, "amount": 0.26, "side": "sell", "timestamp": 1765583659262}, {"id": "1011326095", "price": 132.31, "amount": 22.96, "side": "sell", "timestamp": 1765583659953}, {"id": "1011326096", "price": 132.32, "amount": 0.05, "side": "buy", "timestamp": 1765583660054}, {"id": "1011326097", "price": 132.32, "amount": 1.31, "side": "buy", "timestamp": 1765583660317}, {"id": "1011326098", "price": 132.31, "amount": 0.12, "side": "sell", "timestamp": 1765583661138}, {"id": "1011326099", "price": 132.31, "amount": 0.54, "side": "sell", "timestamp": 1765583661287}, {"id": "1011326100", "price": 132.32, "amount": 283.69, "side": "buy", "timestamp": 1765583662509}, {"id": "1011326101", "price": 132.33, "amount": 1282.2, "side": "buy", "timestamp": 1765583662509}, {"id": "1011326102", "price": 132.34, "amount": 368.91, "side": "buy", "timestamp": 1765583662510}, {"id": "1011326103", "price": 132.35, "amount": 237.41, "side": "buy", "timestamp": 1765583662515}, {"id": "1011326104", "price": 132.36, "amount": 45.97, "side": "buy", "timestamp": 1765583662517}, {"id": "1011326105", "price": 132.35, "amount": 0.15, "side": "sell", "timestamp": 1765583662518}, {"id": "1011326106", "price": 132.36, "amount": 400.94, "side": "buy", "timestamp": 1765583662518}, {"id": "1011326107", "price": 132.37, "amount": 45.49, "side": "buy", "timestamp": 1765583662525}, {"id": "1011326108", "price": 132.36, "amount": 4.56, "side": "sell", "timestamp": 1765583662563}, {"id": "1011326109", "price": 132.37, "amount": 46.27, "side": "buy", "timestamp": 1765583662572}, {"id": "1011326110", "price": 132.37, "amount": 208.83, "side": "sell", "timestamp": 1765583662594}, {"id": "1011326111", "price": 132.36, "amount": 767.82, "side": "sell", "timestamp": 1765583662594}, {"id": "1011326112", "price": 132.37, "amount": 57.61, "side": "sell", "timestamp": 1765583662597}, {"id": "1011326113", "price": 132.35, "amount": 17.9, "side": "sell", "timestamp": 1765583662603}, {"id": "1011326114", "price": 132.34, "amount": 82.54, "side": "sell", "timestamp": 1765583662635}, {"id": "1011326115", "price": 132.33, "amount": 52.65, "side": "sell", "timestamp": 1765583662637}, {"id": "1011326116", "price": 132.32, "amount": 416.08, "side": "sell", "timestamp": 1765583662638}, {"id": "1011326117", "price": 132.31, "amount": 421.29, "side": "sell", "timestamp": 1765583662669}, {"id": "1011326118", "price": 132.3, "amount": 851.64, "side": "sell", "timestamp": 1765583662669}, {"id": "1011326119", "price": 132.29, "amount": 33.43, "side": "sell", "timestamp": 1765583662669}, {"id": "1011326120", "price": 132.3, "amount": 575.92, "side": "sell", "timestamp": 1765583662686}, {"id": "1011326121", "price": 132.29, "amount": 441.46, "side": "sell", "timestamp": 1765583662704}, {"id": "1011326122", "price": 132.28, "amount": 221.74, "side": "sell", "timestamp": 1765583662708}, {"id": "1011326123", "price": 132.27, "amount": 411.67, "side": "sell", "timestamp": 1765583662710}, {"id": "1011326124", "price": 132.28, "amount": 492.69, "side": "buy", "timestamp": 1765583662717}, {"id": "1011326125", "price": 132.28, "amount": 0.36, "side": "sell", "timestamp": 1765583662784}, {"id": "1011326126", "price": 132.29, "amount": 217.39, "side": "buy", "timestamp": 1765583662789}, {"id": "1011326127", "price": 132.29, "amount": 149.35, "side": "buy", "timestamp": 1765583663135}, {"id": "1011326128", "price": 132.29, "amount": 0.26, "side": "sell", "timestamp": 1765583663140}, {"id": "1011326129", "price": 132.3, "amount": 24.23, "side": "buy", "timestamp": 1765583663214}, {"id": "1011326130", "price": 132.3, "amount": 0.15, "side": "sell", "timestamp": 1765583663216}, {"id": "1011326131", "price": 132.31, "amount": 83.01, "side": "buy", "timestamp": 1765583663218}, {"id": "1011326132", "price": 132.3, "amount": 0.5, "side": "sell", "timestamp": 1765583663329}, {"id": "1011326133", "price": 132.31, "amount": 78.19, "side": "buy", "timestamp": 1765583663440}, {"id": "1011326134", "price": 132.32, "amount": 68.13, "side": "buy", "timestamp": 1765583663597}, {"id": "1011326135", "price": 132.33, "amount": 8.71, "side": "buy", "timestamp": 1765583663623}, {"id": "1011326136", "price": 132.32, "amount": 568.3, "side": "sell", "timestamp": 1765583663625}, {"id": "1011326137", "price": 132.33, "amount": 217.64, "side": "buy", "timestamp": 1765583663777}, {"id": "1011326138", "price": 132.32, "amount": 333.64, "side": "sell", "timestamp": 1765583664040}, {"id": "1011326502", "price": 132.29, "amount": 150.0, "side": "sell", "timestamp": 1765583701462}, {"id": "1011326503", "price": 132.3, "amount": 13.82, "side": "buy", "timestamp": 1765583701708}, {"id": "1011326504", "price": 132.29, "amount": 0.07, "side": "sell", "timestamp": 1765583702149}, {"id": "1011326505", "price": 132.3, "amount": 1.73, "side": "buy", "timestamp": 1765583702352}, {"id": "1011326506", "price": 132.3, "amount": 3.78, "side": "buy", "timestamp": 1765583702487}, {"id": "1011326507", "price": 132.3, "amount": 0.1, "side": "buy", "timestamp": 1765583702702}, {"id": "1011326508", "price": 132.29, "amount": 0.5, "side": "sell", "timestamp": 1765583703044}, {"id": "1011326509", "price": 132.29, "amount": 7.63, "side": "sell", "timestamp": 1765583703213}, {"id": "1011326510", "price": 132.3, "amount": 0.51, "side": "buy", "timestamp": 1765583703602}, {"id": "1011326511", "price": 132.29, "amount": 114.49, "side": "sell", "timestamp": 1765583704039}, {"id": "1011326512", "price": 132.29, "amount": 0.31, "side": "sell", "timestamp": 1765583704179}, {"id": "1011326513", "price": 132.29, "amount": 0.18, "side": "sell", "timestamp": 1765583704347}, {"id": "1011326514", "price": 132.3, "amount": 1.48, "side": "buy", "timestamp": 1765583704417}, {"id": "1011326515", "price": 132.29, "amount": 2.58, "side": "sell", "timestamp": 1765583704821}, {"id": "1011326516", "price": 132.29, "amount": 0.21, "side": "sell", "timestamp": 1765583705082}, {"id": "1011326517", "price": 132.29, "amount": 0.4, "side": "sell", "timestamp": 1765583705286}, {"id": "1011326518", "price": 132.3, "amount": 0.06, "side": "buy", "timestamp": 1765583705350}, {"id": "1011326519", "price": 132.29, "amount": 7.54, "side": "sell", "timestamp": 1765583705406}, {"id": "1011326520", "price": 132.29, "amount": 10.87, "side": "sell", "timestamp": 1765583705521}, {"id": "1011326521", "price": 132.29, "amount": 5.59, "side": "sell", "timestamp": 1765583705676}, {"id": "1011326522", "price": 132.29, "amount": 0.13, "side": "sell", "timestamp": 1765583705807}, {"id": "1011326523", "price": 132.3, "amount": 1.0, "side": "buy", "timestamp": 1765583705812}, {"id": "1011326524", "price": 132.29, "amount": 0.07, "side": "sell", "timestamp": 1765583706185}, {"id": "1011326525", "price": 132.29, "amount": 0.66, "side": "sell", "timestamp": 1765583706771}, {"id": "1011326526", "price": 132.29, "amount": 2.69, "side": "sell", "timestamp": 1765583707660}, {"id": "1011326527", "price": 132.3, "amount": 0.1, "side": "buy", "timestamp": 1765583707729}, {"id": "1011326528", "price": 132.3, "amount": 35.89, "side": "buy", "timestamp": 1765583708033}, {"id": "1011326529", "price": 132.29, "amount": 6.55, "side": "sell", "timestamp": 1765583708152}, {"id": "1011326530", "price": 132.29, "amount": 0.65, "side": "sell", "timestamp": 1765583708817}, {"id": "1011326531", "price": 132.29, "amount": 0.23, "side": "sell", "timestamp": 1765583709096}, {"id": "1011326532", "price": 132.3, "amount": 0.26, "side": "buy", "timestamp": 1765583709824}, {"id": "1011326533", "price": 132.29, "amount": 0.24, "side": "sell", "timestamp": 1765583709868}, {"id": "1011326534", "price": 132.29, "amount": 0.62, "side": "sell", "timestamp": 1765583709983}, {"id": "1011326535", "price": 132.29, "amount": 4.4, "side": "sell", "timestamp": 1765583710122}, {"id": "1011326536", "price": 132.3, "amount": 0.1, "side": "buy", "timestamp": 1765583710171}, {"id": "1011326537", "price": 132.29, "amount": 0.04, "side": "sell", "timestamp": 1765583711078}, {"id": "1011326538", "price": 132.29, "amount": 0.09, "side": "sell", "timestamp": 1765583711744}, {"id": "1011326539", "price": 132.3, "amount": 182.52, "side": "buy", "timestamp": 1765583712582}, {"id": "1011326540", "price": 132.3, "amount": 7.69, "side": "buy", "timestamp": 1765583712692}, {"id": "1011326541", "price": 132.29, "amount": 0.76, "side": "sell", "timestamp": 1765583712904}, {"id": "1011326542", "price": 132.29, "amount": 6.25, "side": "sell", "timestamp": 1765583713133}, {"id": "1011326543", "price": 132.3, "amount": 55.97, "side": "buy", "timestamp": 1765583713477}, {"id": "1011326544", "price": 132.29, "amount": 2.91, "side": "sell", "timestamp": 1765583714095}, {"id": "1011326545", "price": 132.3, "amount": 2.52, "side": "buy", "timestamp": 1765583714606}, {"id": "1011326546", "price": 132.29, "amount": 200.0, "side": "sell", "timestamp": 1765583715040}, {"id": "1011326547", "price": 132.3, "amount": 3.52, "side": "buy", "timestamp": 1765583715078}, {"id": "1011326548", "price": 132.29, "amount": 0.05, "side": "sell", "timestamp": 1765583715173}, {"id": "1011326549", "price": 132.29, "amount": 0.22, "side": "sell", "timestamp": 1765583715397}, {"id": "1011326550", "price": 132.29, "amount": 56.7, "side": "sell", "timestamp": 1765583716188}, {"id": "1011326551", "price": 132.3, "amount": 0.09, "side": "buy", "timestamp": 1765583716614}, {"id": "1011326672", "price": 132.24, "amount": 1.82, "side": "buy", "timestamp": 1765583752075}, {"id": "1011326673", "price": 132.23, "amount": 2.49, "side": "sell", "timestamp": 1765583752120}, {"id": "1011326674", "price": 132.24, "amount": 1.19, "side": "buy", "timestamp": 1765583752606}, {"id": "1011326675", "price": 132.24, "amount": 21.22, "side": "buy", "timestamp": 1765583753208}, {"id": "1011326676", "price": 132.23, "amount": 20.49, "side": "sell", "timestamp": 1765583753264}, {"id": "1011326677", "price": 132.23, "amount": 7.64, "side": "sell", "timestamp": 1765583753891}, {"id": "1011326678", "price": 132.23, "amount": 0.07, "side": "sell", "timestamp": 1765583754311}, {"id": "1011326679", "price": 132.23, "amount": 65.23, "side": "sell", "timestamp": 1765583755157}, {"id": "1011326680", "price": 132.23, "amount": 0.38, "side": "sell", "timestamp": 1765583755259}, {"id": "1011326681", "price": 132.23, "amount": 0.14, "side": "sell", "timestamp": 1765583755609}, {"id": "1011326682", "price": 132.24, "amount": 0.04, "side": "buy", "timestamp": 1765583755813}, {"id": "1011326683", "price": 132.23, "amount": 5.03, "side": "sell", "timestamp": 1765583756205}, {"id": "1011326684", "price": 132.24, "amount": 0.19, "side": "buy", "timestamp": 1765583756474}, {"id": "1011326685", "price": 132.23, "amount": 0.07, "side": "sell", "timestamp": 1765583756775}, {"id": "1011326686", "price": 132.24, "amount": 2.15, "side": "buy", "timestamp": 1765583757291}, {"id": "1011326687", "price": 132.24, "amount": 3.79, "side": "buy", "timestamp": 1765583757453}, {"id": "1011326688", "price": 132.23, "amount": 18.91, "side": "sell", "timestamp": 1765583757928}, {"id": "1011326689", "price": 132.23, "amount": 1.65, "side": "sell", "timestamp": 1765583758705}, {"id": "1011326690", "price": 132.23, "amount": 35.46, "side": "sell", "timestamp": 1765583759306}, {"id": "1011326691", "price": 132.24, "amount": 0.2, "side": "buy", "timestamp": 1765583759371}, {"id": "1011326692", "price": 132.24, "amount": 3.0, "side": "buy", "timestamp": 1765583759618}, {"id": "1011326693", "price": 132.23, "amount": 0.15, "side": "sell", "timestamp": 1765583759624}, {"id": "1011326694", "price": 132.23, "amount": 0.52, "side": "sell", "timestamp": 1765583759825}, {"id": "1011326695", "price": 132.23, "amount": 0.47, "side": "sell", "timestamp": 1765583760233}, {"id": "1011326696", "price": 132.24, "amount": 0.05, "side": "buy", "timestamp": 1765583760895}, {"id": "1011326697", "price": 132.24, "amount": 0.46, "side": "buy", "timestamp": 1765583761290}, {"id": "1011326698", "price": 132.23, "amount": 2.39, "side": "sell", "timestamp": 1765583762218}, {"id": "1011326699", "price": 132.23, "amount": 0.75, "side": "sell", "timestamp": 1765583762442}, {"id": "1011326700", "price": 132.24, "amount": 3.59, "side": "buy", "timestamp": 1765583762949}, {"id": "1011326701", "price": 132.23, "amount": 34.7, "side": "sell", "timestamp": 1765583763307}, {"id": "1011326702", "price": 132.23, "amount": 1.03, "side": "sell", "timestamp": 1765583763651}, {"id": "1011326703", "price": 132.23, "amount": 4.02, "side": "sell", "timestamp": 1765583763763}, {"id": "1011326704", "price": 132.23, "amount": 0.13, "side": "sell", "timestamp": 1765583764150}, {"id": "1011326705", "price": 132.23, "amount": 10.21, "side": "sell", "timestamp": 1765583764463}, {"id": "1011326706", "price": 132.24, "amount": 0.06, "side": "buy", "timestamp": 1765583764716}, {"id": "1011326707", "price": 132.23, "amount": 0.32, "side": "sell", "timestamp": 1765583765093}, {"id": "1011326708", "price": 132.24, "amount": 0.2, "side": "buy", "timestamp": 1765583765311}, {"id": "1011326709", "price": 132.24, "amount": 2.0, "side": "buy", "timestamp": 1765583765476}, {"id": "1011326710", "price": 132.23, "amount": 0.2, "side": "sell", "timestamp": 1765583765782}, {"id": "1011326711", "price": 132.23, "amount": 0.08, "side": "sell", "timestamp": 1765583766480}, {"id": "1011326712", "price": 132.24, "amount": 0.1, "side": "buy", "timestamp": 1765583766933}, {"id": "1011326713", "price": 132.24, "amount": 2.16, "side": "buy", "timestamp": 1765583767060}, {"id": "1011326714", "price": 132.24, "amount": 0.04, "side": "buy", "timestamp": 1765583767250}, {"id": "1011326715", "price": 132.23, "amount": 0.38, "side": "sell", "timestamp": 1765583767348}, {"id": "1011326716", "price": 132.24, "amount": 0.1, "side": "buy", "timestamp": 1765583768109}, {"id": "1011326717", "price": 132.23, "amount": 603.03, "side": "sell", "timestamp": 1765583768183}, {"id": "1011326718", "price": 132.23, "amount": 20.0, "side": "buy", "timestamp": 1765583769120}, {"id": "1011326719", "price": 132.23, "amount": 3.0, "side": "buy", "timestamp": 1765583769798}, {"id": "1011326720", "price": 132.22, "amount": 14.52, "side": "sell", "timestamp": 1765583769841}, {"id": "1011326721", "price": 132.22, "amount": 0.27, "side": "sell", "timestamp": 1765583770044}, {"id": "1011326844", "price": 132.18, "amount": 377.19, "side": "sell", "timestamp": 1765583805509}, {"id": "1011326845", "price": 132.18, "amount": 0.05, "side": "sell", "timestamp": 1765583805621}, {"id": "1011326846", "price": 132.18, "amount": 3.52, "side": "sell", "timestamp": 1765583806083}, {"id": "1011326847", "price": 132.18, "amount": 6.26, "side": "sell", "timestamp": 1765583806700}, {"id": "1011326848", "price": 132.18, "amount": 0.72, "side": "sell", "timestamp": 1765583808267}, {"id": "1011326849", "price": 132.19, "amount": 60.23, "side": "buy", "timestamp": 1765583808278}, {"id": "1011326850", "price": 132.19, "amount": 0.05, "side": "buy", "timestamp": 1765583808557}, {"id": "1011326851", "price": 132.18, "amount": 177.32, "side": "sell", "timestamp": 1765583808717}, {"id": "1011326852", "price": 132.17, "amount": 50.95, "side": "sell", "timestamp": 1765583808717}, {"id": "1011326853", "price": 132.18, "amount": 3.78, "side": "buy", "timestamp": 1765583809439}, {"id": "1011326854", "price": 132.18, "amount": 0.75, "side": "buy", "timestamp": 1765583809813}, {"id": "1011326855", "price": 132.17, "amount": 0.42, "side": "sell", "timestamp": 1765583809950}, {"id": "1011326856", "price": 132.18, "amount": 20.0, "side": "buy", "timestamp": 1765583810090}, {"id": "1011326857", "price": 132.17, "amount": 620.84, "side": "sell", "timestamp": 1765583810374}, {"id": "1011326858", "price": 132.18, "amount": 218.01, "side": "buy", "timestamp": 1765583810379}, {"id": "1011326859", "price": 132.18, "amount": 5.18, "side": "buy", "timestamp": 1765583810671}, {"id": "1011326860", "price": 132.17, "amount": 0.04, "side": "sell", "timestamp": 1765583810763}, {"id": "1011326861", "price": 132.17, "amount": 0.39, "side": "sell", "timestamp": 1765583811341}, {"id": "1011326862", "price": 132.18, "amount": 473.31, "side": "buy", "timestamp": 1765583812459}, {"id": "1011326863", "price": 132.19, "amount": 97.67, "side": "buy", "timestamp": 1765583812459}, {"id": "1011326864", "price": 132.18, "amount": 0.15, "side": "sell", "timestamp": 1765583812460}, {"id": "1011326865", "price": 132.19, "amount": 1.66, "side": "buy", "timestamp": 1765583812495}, {"id": "1011326866", "price": 132.19, "amount": 3.55, "side": "buy", "timestamp": 1765583813614}, {"id": "1011326867", "price": 132.19, "amount": 2.0, "side": "buy", "timestamp": 1765583814429}, {"id": "1011326868", "price": 132.19, "amount": 0.81, "side": "buy", "timestamp": 1765583814992}, {"id": "1011326869", "price": 132.18, "amount": 1.13, "side": "sell", "timestamp": 1765583815216}, {"id": "1011326870", "price": 132.19, "amount": 0.06, "side": "buy", "timestamp": 1765583815419}, {"id": "1011326871", "price": 132.18, "amount": 0.38, "side": "sell", "timestamp": 1765583815512}, {"id": "1011326872", "price": 132.18, "amount": 3.58, "side": "sell", "timestamp": 1765583816654}, {"id": "1011326873", "price": 132.19, "amount": 14.52, "side": "buy", "timestamp": 1765583817009}, {"id": "1011326874", "price": 132.19, "amount": 0.58, "side": "buy", "timestamp": 1765583817256}, {"id": "1011326875", "price": 132.18, "amount": 0.14, "side": "sell", "timestamp": 1765583817829}, {"id": "1011326876", "price": 132.19, "amount": 3.79, "side": "buy", "timestamp": 1765583818622}, {"id": "1011326877", "price": 132.18, "amount": 5.07, "side": "sell", "timestamp": 1765583818773}, {"id": "1011326878", "price": 132.19, "amount": 33.95, "side": "buy", "timestamp": 1765583818815}, {"id": "1011326879", "price": 132.18, "amount": 17.43, "side": "sell", "timestamp": 1765583818816}, {"id": "1011326880", "price": 132.19, "amount": 0.08, "side": "buy", "timestamp": 1765583819035}, {"id": "1011326881", "price": 132.18, "amount": 17.43, "side": "sell", "timestamp": 1765583819230}, {"id": "1011326882", "price": 132.18, "amount": 9.37, "side": "sell", "timestamp": 1765583819501}, {"id": "1011326883", "price": 132.18, "amount": 0.83, "side": "sell", "timestamp": 1765583819711}, {"id": "1011326884", "price": 132.18, "amount": 0.03, "side": "sell", "timestamp": 1765583819842}, {"id": "1011326885", "price": 132.19, "amount": 0.5, "side": "buy", "timestamp": 1765583819957}, {"id": "1011326886", "price": 132.18, "amount": 215.72, "side": "sell", "timestamp": 1765583820370}, {"id": "1011326887", "price": 132.18, "amount": 0.05, "side": "buy", "timestamp": 1765583820910}, {"id": "1011326888", "price": 132.17, "amount": 0.68, "side": "sell", "timestamp": 1765583821044}, {"id": "1011326889", "price": 132.18, "amount": 40.0, "side": "buy", "timestamp": 1765583821160}, {"id": "1011326890", "price": 132.18, "amount": 0.12, "side": "buy", "timestamp": 1765583821278}, {"id": "1011326891", "price": 132.17, "amount": 101.87, "side": "sell", "timestamp": 1765583821556}, {"id": "1011326892", "price": 132.18, "amount": 218.04, "side": "buy", "timestamp": 1765583821646}, {"id": "1011326893", "price": 132.18, "amount": 2.06, "side": "buy", "timestamp": 1765583822373}, {"id": "1011327064", "price": 132.11, "amount": 6.03, "side": "sell", "timestamp": 1765583859249}, {"id": "1011327065", "price": 132.12, "amount": 217.66, "side": "buy", "timestamp": 1765583859253}, {"id": "1011327066", "price": 132.12, "amount": 50.0, "side": "buy", "timestamp": 1765583859522}, {"id": "1011327067", "price": 132.11, "amount": 3.05, "side": "sell", "timestamp": 1765583860298}, {"id": "1011327068", "price": 132.11, "amount": 0.06, "side": "sell", "timestamp": 1765583860546}, {"id": "1011327069", "price": 132.11, "amount": 1.63, "side": "sell", "timestamp": 1765583861162}, {"id": "1011327070", "price": 132.11, "amount": 10.0, "side": "sell", "timestamp": 1765583861368}, {"id": "1011327071", "price": 132.12, "amount": 225.89, "side": "buy", "timestamp": 1765583861385}, {"id": "1011327072", "price": 132.12, "amount": 13.53, "side": "sell", "timestamp": 1765583861567}, {"id": "1011327073", "price": 132.12, "amount": 20.66, "side": "sell", "timestamp": 1765583862012}, {"id": "1011327074", "price": 132.13, "amount": 0.41, "side": "buy", "timestamp": 1765583862012}, {"id": "1011327075", "price": 132.12, "amount": 0.5, "side": "sell", "timestamp": 1765583862465}, {"id": "1011327076", "price": 132.12, "amount": 0.04, "side": "sell", "timestamp": 1765583862987}, {"id": "1011327077", "price": 132.12, "amount": 16.55, "side": "sell", "timestamp": 1765583863573}, {"id": "1011327078", "price": 132.12, "amount": 0.07, "side": "sell", "timestamp": 1765583863751}, {"id": "1011327079", "price": 132.13, "amount": 6.39, "side": "buy", "timestamp": 1765583864892}, {"id": "1011327080", "price": 132.13, "amount": 39.7, "side": "buy", "timestamp": 1765583865229}, {"id": "1011327081", "price": 132.13, "amount": 5.0, "side": "buy", "timestamp": 1765583865362}, {"id": "1011327082", "price": 132.12, "amount": 0.12, "side": "sell", "timestamp": 1765583865759}, {"id": "1011327083", "price": 132.13, "amount": 4.95, "side": "buy", "timestamp": 1765583866141}, {"id": "1011327084", "price": 132.12, "amount": 0.12, "side": "sell", "timestamp": 1765583866490}, {"id": "1011327085", "price": 132.12, "amount": 0.06, "side": "sell", "timestamp": 1765583867020}, {"id": "1011327086", "price": 132.12, "amount": 0.41, "side": "sell", "timestamp": 1765583867621}, {"id": "1011327087", "price": 132.13, "amount": 10.0, "side": "buy", "timestamp": 1765583868161}, {"id": "1011327088", "price": 132.12, "amount": 2.73, "side": "sell", "timestamp": 1765583868182}, {"id": "1011327089", "price": 132.13, "amount": 37.04, "side": "buy", "timestamp": 1765583868270}, {"id": "1011327090", "price": 132.12, "amount": 4.0, "side": "sell", "timestamp": 1765583869400}, {"id": "1011327091", "price": 132.12, "amount": 10.0, "side": "sell", "timestamp": 1765583869644}, {"id": "1011327092", "price": 132.13, "amount": 0.12, "side": "buy", "timestamp": 1765583869819}, {"id": "1011327093", "price": 132.12, "amount": 15.0, "side": "sell", "timestamp": 1765583869917}, {"id": "1011327094", "price": 132.12, "amount": 3.55, "side": "sell", "timestamp": 1765583871115}, {"id": "1011327095", "price": 132.12, "amount": 20.97, "side": "sell", "timestamp": 1765583871419}, {"id": "1011327096", "price": 132.13, "amount": 2.15, "side": "buy", "timestamp": 1765583871888}, {"id": "1011327097", "price": 132.12, "amount": 0.06, "side": "sell", "timestamp": 1765583871991}, {"id": "1011327098", "price": 132.13, "amount": 0.05, "side": "buy", "timestamp": 1765583872388}, {"id": "1011327099", "price": 132.12, "amount": 151.37, "side": "sell", "timestamp": 1765583872409}, {"id": "1011327100", "price": 132.13, "amount": 217.66, "side": "buy", "timestamp": 1765583872414}, {"id": "1011327101", "price": 132.13, "amount": 3.37, "side": "buy", "timestamp": 1765583872669}, {"id": "1011327102", "price": 132.13, "amount": 11.75, "side": "buy", "timestamp": 1765583873769}, {"id": "1011327103", "price": 132.12, "amount": 14.9, "side": "sell", "timestamp": 1765583874155}, {"id": "1011327104", "price": 132.12, "amount": 23.35, "side": "sell", "timestamp": 1765583874473}, {"id": "1011327105", "price": 132.13, "amount": 0.9, "side": "buy", "timestamp": 1765583874669}, {"id": "1011327106", "price": 132.12, "amount": 0.1, "side": "sell", "timestamp": 1765583874716}, {"id": "1011327107", "price": 132.12, "amount": 1.22, "side": "sell", "timestamp": 1765583875171}, {"id": "1011327108", "price": 132.12, "amount": 45.53, "side": "sell", "timestamp": 1765583875898}, {"id": "1011327109", "price": 132.12, "amount": 35.95, "side": "sell", "timestamp": 1765583876151}, {"id": "1011327110", "price": 132.13, "amount": 28.93, "side": "buy", "timestamp": 1765583876239}, {"id": "1011327111", "price": 132.12, "amount": 15.13, "side": "sell", "timestamp": 1765583876911}, {"id": "1011327112", "price": 132.13, "amount": 1.09, "side": "buy", "timestamp": 1765583877095}, {"id": "1011327113", "price": 132.12, "amount": 2.0, "side": "sell", "timestamp": 1765583877125}, {"id": "1011327200", "price": 132.13, "amount": 0.22, "side": "buy", "timestamp": 1765583908159}, {"id": "1011327201", "price": 132.12, "amount": 0.06, "side": "sell", "timestamp": 1765583909385}, {"id": "1011327202", "price": 132.12, "amount": 171.12, "side": "sell", "timestamp": 1765583909518}, {"id": "1011327203", "price": 132.13, "amount": 4.92, "side": "buy", "timestamp": 1765583909567}, {"id": "1011327204", "price": 132.12, "amount": 0.06, "side": "sell", "timestamp": 1765583910300}, {"id": "1011327205", "price": 132.12, "amount": 0.97, "side": "sell", "timestamp": 1765583910417}, {"id": "1011327206", "price": 132.13, "amount": 0.08, "side": "buy", "timestamp": 1765583910583}, {"id": "1011327207", "price": 132.12, "amount": 8.25, "side": "sell", "timestamp": 1765583910872}, {"id": "1011327208", "price": 132.13, "amount": 240.57, "side": "buy", "timestamp": 1765583911405}, {"id": "1011327209", "price": 132.12, "amount": 0.12, "side": "sell", "timestamp": 1765583912063}, {"id": "1011327210", "price": 132.13, "amount": 3.79, "side": "buy", "timestamp": 1765583912120}, {"id": "1011327211", "price": 132.12, "amount": 0.04, "side": "sell", "timestamp": 1765583913506}, {"id": "1011327212", "price": 132.13, "amount": 6.38, "side": "buy", "timestamp": 1765583913778}, {"id": "1011327213", "price": 132.13, "amount": 5.0, "side": "buy", "timestamp": 1765583914824}, {"id": "1011327214", "price": 132.12, "amount": 0.7, "side": "sell", "timestamp": 1765583915336}, {"id": "1011327215", "price": 132.13, "amount": 0.05, "side": "buy", "timestamp": 1765583915892}, {"id": "1011327216", "price": 132.13, "amount": 1.43, "side": "buy", "timestamp": 1765583916354}, {"id": "1011327217", "price": 132.12, "amount": 0.04, "side": "sell", "timestamp": 1765583917048}, {"id": "1011327218", "price": 132.13, "amount": 2.0, "side": "buy", "timestamp": 1765583917071}, {"id": "1011327219", "price": 132.13, "amount": 28.38, "side": "buy", "timestamp": 1765583917665}, {"id": "1011327220", "price": 132.12, "amount": 1.43, "side": "sell", "timestamp": 1765583917839}, {"id": "1011327221", "price": 132.12, "amount": 0.8, "side": "sell", "timestamp": 1765583918091}, {"id": "1011327222", "price": 132.12, "amount": 0.31, "side": "sell", "timestamp": 1765583919235}, {"id": "1011327223", "price": 132.12, "amount": 0.12, "side": "sell", "timestamp": 1765583919401}, {"id": "1011327224", "price": 132.13, "amount": 0.11, "side": "buy", "timestamp": 1765583919767}, {"id": "1011327225", "price": 132.12, "amount": 1.25, "side": "sell", "timestamp": 1765583919960}, {"id": "1011327226", "price": 132.13, "amount": 0.15, "side": "buy", "timestamp": 1765583920518}, {"id": "1011327227", "price": 132.12, "amount": 0.98, "side": "sell", "timestamp": 1765583920590}, {"id": "1011327228", "price": 132.12, "amount": 10.0, "side": "sell", "timestamp": 1765583921454}, {"id": "1011327229", "price": 132.13, "amount": 13.34, "side": "buy", "timestamp": 1765583921486}, {"id": "1011327230", "price": 132.13, "amount": 19.44, "side": "buy", "timestamp": 1765583922360}, {"id": "1011327231", "price": 132.13, "amount": 0.08, "side": "buy", "timestamp": 1765583923426}, {"id": "1011327232", "price": 132.12, "amount": 42.36, "side": "sell", "timestamp": 1765583923439}, {"id": "1011327233", "price": 132.12, "amount": 0.05, "side": "sell", "timestamp": 1765583924662}, {"id": "1011327234", "price": 132.12, "amount": 4.51, "side": "sell", "timestamp": 1765583924846}, {"id": "1011327235", "price": 132.13, "amount": 0.37, "side": "buy", "timestamp": 1765583925669}, {"id": "1011327236", "price": 132.13, "amount": 2.46, "side": "buy", "timestamp": 1765583925859}, {"id": "1011327237", "price": 132.12, "amount": 27.5, "side": "sell", "timestamp": 1765583926149}, {"id": "1011327238", "price": 132.12, "amount": 1.89, "side": "sell", "timestamp": 1765583926446}, {"id": "1011327239", "price": 132.13, "amount": 1.0, "side": "buy", "timestamp": 1765583926595}, {"id": "1011327240", "price": 132.12, "amount": 0.05, "side": "sell", "timestamp": 1765583927259}, {"id": "1011327241", "price": 132.12, "amount": 0.09, "side": "sell", "timestamp": 1765583927728}, {"id": "1011327242", "price": 132.12, "amount": 24.53, "side": "sell", "timestamp": 1765583928050}, {"id": "1011327243", "price": 132.12, "amount": 0.06, "side": "sell", "timestamp": 1765583928450}, {"id": "1011327244", "price": 132.13, "amount": 302.75, "side": "buy", "timestamp": 1765583928639}, {"id": "1011327245", "price": 132.12, "amount": 7.65, "side": "sell", "timestamp": 1765583928755}, {"id": "1011327246", "price": 132.12, "amount": 1.31, "side": "sell", "timestamp": 1765583929253}, {"id": "1011327247", "price": 132.13, "amount": 28.41, "side": "buy", "timestamp": 1765583929578}, {"id": "1011327248", "price": 132.12, "amount": 0.09, "side": "sell", "timestamp": 1765583929658}, {"id": "1011327249", "price": 132.12, "amount": 0.07, "side": "sell", "timestamp": 1765583930090}, {"id": "1011327337", "price": 132.18, "amount": 245.63, "side": "sell", "timestamp": 1765583964179}, {"id": "1011327338", "price": 132.19, "amount": 20.27, "side": "buy", "timestamp": 1765583964403}, {"id": "1011327339", "price": 132.19, "amount": 0.67, "side": "buy", "timestamp": 1765583964850}, {"id": "1011327340", "price": 132.18, "amount": 0.19, "side": "sell", "timestamp": 1765583964869}, {"id": "1011327341", "price": 132.19, "amount": 2.43, "side": "buy", "timestamp": 1765583965018}, {"id": "1011327342", "price": 132.18, "amount": 0.07, "side": "sell", "timestamp": 1765583966014}, {"id": "1011327343", "price": 132.19, "amount": 0.37, "side": "buy", "timestamp": 1765583966094}, {"id": "1011327344", "price": 132.18, "amount": 0.06, "side": "sell", "timestamp": 1765583966178}, {"id": "1011327345", "price": 132.19, "amount": 0.84, "side": "buy", "timestamp": 1765583966236}, {"id": "1011327346", "price": 132.18, "amount": 2.31, "side": "sell", "timestamp": 1765583966313}, {"id": "1011327347", "price": 132.19, "amount": 1.4, "side": "buy", "timestamp": 1765583966992}, {"id": "1011327348", "price": 132.19, "amount": 5.0, "side": "buy", "timestamp": 1765583967172}, {"id": "1011327349", "price": 132.19, "amount": 5.83, "side": "buy", "timestamp": 1765583968294}, {"id": "1011327350", "price": 132.19, "amount": 406.71, "side": "buy", "timestamp": 1765583968414}, {"id": "1011327351", "price": 132.18, "amount": 9.04, "side": "sell", "timestamp": 1765583968441}, {"id": "1011327352", "price": 132.19, "amount": 32.39, "side": "buy", "timestamp": 1765583968520}, {"id": "1011327353", "price": 132.19, "amount": 0.13, "side": "sell", "timestamp": 1765583968611}, {"id": "1011327354", "price": 132.2, "amount": 30.67, "side": "buy", "timestamp": 1765583969031}, {"id": "1011327355", "price": 132.2, "amount": 0.07, "side": "buy", "timestamp": 1765583969362}, {"id": "1011327356", "price": 132.2, "amount": 3.0, "side": "buy", "timestamp": 1765583969500}, {"id": "1011327357", "price": 132.2, "amount": 35.31, "side": "buy", "timestamp": 1765583969611}, {"id": "1011327358", "price": 132.2, "amount": 70.93, "side": "buy", "timestamp": 1765583970041}, {"id": "1011327359", "price": 132.2, "amount": 0.56, "side": "buy", "timestamp": 1765583970194}, {"id": "1011327360", "price": 132.19, "amount": 3.18, "side": "sell", "timestamp": 1765583971464}, {"id": "1011327361", "price": 132.2, "amount": 17.1, "side": "buy", "timestamp": 1765583971699}, {"id": "1011327362", "price": 132.19, "amount": 0.74, "side": "sell", "timestamp": 1765583972627}, {"id": "1011327363", "price": 132.19, "amount": 1267.71, "side": "sell", "timestamp": 1765583973100}, {"id": "1011327364", "price": 132.19, "amount": 0.74, "side": "buy", "timestamp": 1765583974068}, {"id": "1011327365", "price": 132.18, "amount": 578.17, "side": "sell", "timestamp": 1765583974498}, {"id": "1011327366", "price": 132.18, "amount": 217.82, "side": "buy", "timestamp": 1765583974505}, {"id": "1011327367", "price": 132.18, "amount": 0.64, "side": "buy", "timestamp": 1765583974813}, {"id": "1011327368", "price": 132.18, "amount": 0.07, "side": "buy", "timestamp": 1765583975647}, {"id": "1011327369", "price": 132.17, "amount": 141.67, "side": "sell", "timestamp": 1765583975828}, {"id": "1011327370", "price": 132.17, "amount": 0.18, "side": "buy", "timestamp": 1765583975830}, {"id": "1011327371", "price": 132.16, "amount": 6.56, "side": "sell", "timestamp": 1765583975838}, {"id": "1011327372", "price": 132.17, "amount": 0.27, "side": "buy", "timestamp": 1765583976291}, {"id": "1011327373", "price": 132.17, "amount": 2247.88, "side": "buy", "timestamp": 1765583977067}, {"id": "1011327374", "price": 132.18, "amount": 715.65, "side": "buy", "timestamp": 1765583977067}, {"id": "1011327375", "price": 132.17, "amount": 0.09, "side": "sell", "timestamp": 1765583977585}, {"id": "1011327376", "price": 132.17, "amount": 75.88, "side": "sell", "timestamp": 1765583978606}, {"id": "1011327377", "price": 132.17, "amount": 130.89, "side": "buy", "timestamp": 1765583978901}, {"id": "1011327378", "price": 132.16, "amount": 0.05, "side": "sell", "timestamp": 1765583978935}, {"id": "1011327379", "price": 132.17, "amount": 44.47, "side": "buy", "timestamp": 1765583980039}, {"id": "1011327380", "price": 132.16, "amount": 1.51, "side": "sell", "timestamp": 1765583980884}, {"id": "1011327381", "price": 132.16, "amount": 0.18, "side": "sell", "timestamp": 1765583981705}, {"id": "1011327382", "price": 132.16, "amount": 0.07, "side": "sell", "timestamp": 1765583981898}, {"id": "1011327383", "price": 132.17, "amount": 1.32, "side": "buy", "timestamp": 1765583982537}, {"id": "1011327384", "price": 132.16, "amount": 4.92, "side": "sell", "timestamp": 1765583982552}, {"id": "1011327385", "price": 132.17, "amount": 17.03, "side": "buy", "timestamp": 1765583983514}, {"id": "1011327386", "price": 132.17, "amount": 79.75, "side": "buy", "timestamp": 1765583983659}]