[{"id": "2649972379", "price": 3034.31, "amount": 19.91, "side": "buy", "timestamp": 1764999862448}, {"id": "2649972380", "price": 3034.32, "amount": 0.346, "side": "buy", "timestamp": 1764999862448}, {"id": "2649972381", "price": 3034.33, "amount": 0.08, "side": "buy", "timestamp": 1764999862448}, {"id": "2649972382", "price": 3034.34, "amount": 0.687, "side": "buy", "timestamp": 1764999862448}, {"id": "2649972383", "price": 3034.35, "amount": 4.017, "side": "buy", "timestamp": 1764999862448}, {"id": "2649972384", "price": 3034.35, "amount": 0.069, "side": "buy", "timestamp": 1764999863254}, {"id": "2649972385", "price": 3034.34, "amount": 1.97, "side": "sell", "timestamp": 1764999863258}, {"id": "2649972386", "price": 3034.35, "amount": 0.004, "side": "buy", "timestamp": 1764999863665}, {"id": "2649972387", "price": 3034.35, "amount": 0.032, "side": "buy", "timestamp": 1764999863890}, {"id": "2649972388", "price": 3034.34, "amount": 0.531, "side": "sell", "timestamp": 1764999865472}, {"id": "2649972389", "price": 3034.35, "amount": 0.227, "side": "buy", "timestamp": 1764999865944}, {"id": "2649972390", "price": 3034.34, "amount": 0.007, "side": "sell", "timestamp": 1764999865959}, {"id": "2649972391", "price": 3034.35, "amount": 0.01, "side": "buy", "timestamp": 1764999866338}, {"id": "2649972392", "price": 3034.34, "amount": 0.032, "side": "sell", "timestamp": 1764999866883}, {"id": "2649972393", "price": 3034.35, "amount": 0.009, "side": "buy", "timestamp": 1764999867408}, {"id": "2649972394", "price": 3034.35, "amount": 0.039, "side": "buy", "timestamp": 1764999867783}, {"id": "2649972395", "price": 3034.34, "amount": 0.01, "side": "sell", "timestamp": 1764999867850}, {"id": "2649972396", "price": 3034.35, "amount": 0.43, "side": "buy", "timestamp": 1764999867967}, {"id": "2649972397", "price": 3034.35, "amount": 0.013, "side": "buy", "timestamp": 1764999868439}, {"id": "2649972398", "price": 3034.34, "amount": 0.014, "side": "sell", "timestamp": 1764999868606}, {"id": "2649972399", "price": 3034.34, "amount": 0.162, "side": "sell", "timestamp": 1764999869857}, {"id": "2649972400", "price": 3034.35, "amount": 0.092, "side": "buy", "timestamp": 1764999869885}, {"id": "2649972401", "price": 3034.34, "amount": 1.199, "side": "sell", "timestamp": 1764999870118}, {"id": "2649972402", "price": 3034.34, "amount": 5.082, "side": "sell", "timestamp": 1764999870229}, {"id": "2649972403", "price": 3034.34, "amount": 0.014, "side": "sell", "timestamp": 1764999870344}, {"id": "2649972404", "price": 3034.35, "amount": 1.218, "side": "buy", "timestamp": 1764999870895}, {"id": "2649972405", "price": 3034.34, "amount": 0.329, "side": "sell", "timestamp": 1764999871497}, {"id": "2649972406", "price": 3034.35, "amount": 2.0, "side": "buy", "timestamp": 1764999871731}, {"id": "2649972407", "price": 3034.35, "amount": 0.051, "side": "buy", "timestamp": 1764999872669}, {"id": "2649972408", "price": 3034.34, "amount": 0.008, "side": "sell", "timestamp": 1764999872846}, {"id": "2649972409", "price": 3034.34, "amount": 0.263, "side": "sell", "timestamp": 1764999872953}, {"id": "2649972410", "price": 3034.34, "amount": 18.096, "side": "sell", "timestamp": 1764999873324}, {"id": "2649972411", "price": 3034.34, "amount": 0.316, "side": "sell", "timestamp": 1764999874223}, {"id": "2649972412", "price": 3034.34, "amount": 0.014, "side": "sell", "timestamp": 1764999874744}, {"id": "2649972413", "price": 3034.34, "amount": 1.031, "side": "sell", "timestamp": 1764999875246}, {"id": "2649972414", "price": 3034.34, "amount": 0.009, "side": "sell", "timestamp": 1764999875442}, {"id": "2649972415", "price": 3034.35, "amount": 0.01, "side": "buy", "timestamp": 1764999875498}, {"id": "2649972416", "price": 3034.34, "amount": 0.021, "side": "sell", "timestamp": 1764999876075}, {"id": "2649972417", "price": 3034.34, "amount": 0.282, "side": "sell", "timestamp": 1764999876544}, {"id": "2649972418", "price": 3034.34, "amount": 0.801, "side": "sell", "timestamp": 1764999877443}, {"id": "2649972419", "price": 3034.34, "amount": 2.408, "side": "sell", "timestamp": 1764999877762}, {"id": "2649972420", "price": 3034.34, "amount": 0.329, "side": "sell", "timestamp": 1764999879233}, {"id": "2649972421", "price": 3034.34, "amount": 0.055, "side": "sell", "timestamp": 1764999879853}, {"id": "2649972422", "price": 3034.34, "amount": 5.654, "side": "sell", "timestamp": 1764999880023}, {"id": "2649972423", "price": 3034.34, "amount": 2.765, "side": "sell", "timestamp": 1764999880408}, {"id": "2649972424", "price": 3034.35, "amount": 0.448, "side": "buy", "timestamp": 1764999880535}, {"id": "2649972425", "price": 3034.35, "amount": 0.017, "side": "buy", "timestamp": 1764999880857}, {"id": "2649972426", "price": 3034.34, "amount": 4.398, "side": "sell", "timestamp": 1764999881334}, {"id": "2649972427", "price": 3034.33, "amount": 9.374, "side": "sell", "timestamp": 1764999881412}, {"id": "2649972428", "price": 3034.32, "amount": 0.008, "side": "sell", "timestamp": 1764999881492}, {"id": "2649972668", "price": 3034.0, "amount": 0.016, "side": "sell", "timestamp": 1764999925331}, {"id": "2649972669", "price": 3034.0, "amount": 0.036, "side": "sell", "timestamp": 1764999925441}, {"id": "2649972670", "price": 3034.01, "amount": 0.011, "side": "buy", "timestamp": 1764999926456}, {"id": "2649972671", "price": 3034.0, "amount": 0.008, "side": "sell", "timestamp": 1764999926923}, {"id": "2649972672", "price": 3034.0, "amount": 0.023, "side": "sell", "timestamp": 1764999927603}, {"id": "2649972673", "price": 3034.0, "amount": 0.009, "side": "sell", "timestamp": 1764999927937}, {"id": "2649972674", "price": 3034.01, "amount": 0.027, "side": "buy", "timestamp": 1764999928174}, {"id": "2649972675", "price": 3034.0, "amount": 0.285, "side": "sell", "timestamp": 1764999928185}, {"id": "2649972676", "price": 3034.0, "amount": 1.752, "side": "sell", "timestamp": 1764999929723}, {"id": "2649972677", "price": 3034.0, "amount": 0.595, "side": "sell", "timestamp": 1764999930049}, {"id": "2649972678", "price": 3034.01, "amount": 0.027, "side": "buy", "timestamp": 1764999930170}, {"id": "2649972679", "price": 3034.01, "amount": 0.01, "side": "buy", "timestamp": 1764999930431}, {"id": "2649972680", "price": 3034.01, "amount": 8.269, "side": "buy", "timestamp": 1764999931559}, {"id": "2649972681", "price": 3034.02, "amount": 0.016, "side": "buy", "timestamp": 1764999931560}, {"id": "2649972682", "price": 3034.03, "amount": 1.039, "side": "buy", "timestamp": 1764999931560}, {"id": "2649972683", "price": 3034.04, "amount": 0.017, "side": "buy", "timestamp": 1764999931560}, {"id": "2649972684", "price": 3034.05, "amount": 0.007, "side": "buy", "timestamp": 1764999931563}, {"id": "2649972685", "price": 3034.08, "amount": 0.039, "side": "buy", "timestamp": 1764999931564}, {"id": "2649972686", "price": 3034.09, "amount": 0.028, "side": "buy", "timestamp": 1764999931564}, {"id": "2649972687", "price": 3034.09, "amount": 0.6, "side": "sell", "timestamp": 1764999931566}, {"id": "2649972688", "price": 3034.1, "amount": 0.797, "side": "buy", "timestamp": 1764999931569}, {"id": "2649972689", "price": 3034.11, "amount": 0.188, "side": "buy", "timestamp": 1764999931569}, {"id": "2649972690", "price": 3034.12, "amount": 0.403, "side": "buy", "timestamp": 1764999931569}, {"id": "2649972691", "price": 3034.14, "amount": 0.23, "side": "buy", "timestamp": 1764999931569}, {"id": "2649972692", "price": 3034.15, "amount": 0.007, "side": "buy", "timestamp": 1764999931573}, {"id": "2649972693", "price": 3034.17, "amount": 0.053, "side": "buy", "timestamp": 1764999931576}, {"id": "2649972694", "price": 3034.18, "amount": 0.053, "side": "buy", "timestamp": 1764999931576}, {"id": "2649972695", "price": 3034.2, "amount": 0.051, "side": "buy", "timestamp": 1764999931579}, {"id": "2649972696", "price": 3034.21, "amount": 0.021, "side": "buy", "timestamp": 1764999931579}, {"id": "2649972697", "price": 3034.22, "amount": 0.039, "side": "buy", "timestamp": 1764999931579}, {"id": "2649972698", "price": 3034.24, "amount": 0.014, "side": "buy", "timestamp": 1764999931579}, {"id": "2649972699", "price": 3034.26, "amount": 0.231, "side": "buy", "timestamp": 1764999931582}, {"id": "2649972700", "price": 3034.27, "amount": 0.035, "side": "buy", "timestamp": 1764999931585}, {"id": "2649972701", "price": 3034.3, "amount": 0.067, "side": "buy", "timestamp": 1764999931585}, {"id": "2649972702", "price": 3034.31, "amount": 0.344, "side": "sell", "timestamp": 1764999931589}, {"id": "2649972703", "price": 3034.31, "amount": 0.02, "side": "sell", "timestamp": 1764999931766}, {"id": "2649972704", "price": 3034.32, "amount": 0.091, "side": "buy", "timestamp": 1764999932145}, {"id": "2649972705", "price": 3034.32, "amount": 0.306, "side": "buy", "timestamp": 1764999932274}, {"id": "2649972706", "price": 3034.33, "amount": 0.021, "side": "buy", "timestamp": 1764999932274}, {"id": "2649972707", "price": 3034.34, "amount": 0.039, "side": "buy", "timestamp": 1764999932276}, {"id": "2649972708", "price": 3034.35, "amount": 0.022, "side": "buy", "timestamp": 1764999932276}, {"id": "2649972709", "price": 3034.36, "amount": 0.014, "side": "buy", "timestamp": 1764999932276}, {"id": "2649972710", "price": 3034.38, "amount": 0.039, "side": "buy", "timestamp": 1764999932276}, {"id": "2649972711", "price": 3034.39, "amount": 0.014, "side": "buy", "timestamp": 1764999932276}, {"id": "2649972712", "price": 3034.4, "amount": 0.317, "side": "buy", "timestamp": 1764999932281}, {"id": "2649972713", "price": 3034.4, "amount": 0.092, "side": "buy", "timestamp": 1764999932487}, {"id": "2649972714", "price": 3034.41, "amount": 0.007, "side": "buy", "timestamp": 1764999932487}, {"id": "2649972715", "price": 3034.42, "amount": 0.221, "side": "buy", "timestamp": 1764999932487}, {"id": "2649972716", "price": 3034.43, "amount": 0.3, "side": "sell", "timestamp": 1764999932488}, {"id": "2649972717", "price": 3034.44, "amount": 0.011, "side": "buy", "timestamp": 1764999932786}, {"id": "2649973008", "price": 3034.99, "amount": 0.5, "side": "sell", "timestamp": 1764999977025}, {"id": "2649973009", "price": 3035.0, "amount": 0.01, "side": "buy", "timestamp": 1764999977049}, {"id": "2649973010", "price": 3035.0, "amount": 22.96, "side": "buy", "timestamp": 1764999977238}, {"id": "2649973011", "price": 3035.01, "amount": 0.127, "side": "buy", "timestamp": 1764999977238}, {"id": "2649973012", "price": 3035.02, "amount": 1.014, "side": "buy", "timestamp": 1764999977238}, {"id": "2649973013", "price": 3035.04, "amount": 0.009, "side": "buy", "timestamp": 1764999977239}, {"id": "2649973014", "price": 3035.06, "amount": 0.235, "side": "buy", "timestamp": 1764999977239}, {"id": "2649973015", "price": 3035.07, "amount": 0.252, "side": "buy", "timestamp": 1764999977239}, {"id": "2649973016", "price": 3035.08, "amount": 0.208, "side": "buy", "timestamp": 1764999977239}, {"id": "2649973017", "price": 3035.09, "amount": 0.014, "side": "buy", "timestamp": 1764999977239}, {"id": "2649973018", "price": 3035.1, "amount": 0.053, "side": "buy", "timestamp": 1764999977239}, {"id": "2649973019", "price": 3035.11, "amount": 0.024, "side": "buy", "timestamp": 1764999977239}, {"id": "2649973020", "price": 3035.12, "amount": 0.007, "side": "buy", "timestamp": 1764999977239}, {"id": "2649973021", "price": 3035.13, "amount": 0.014, "side": "buy", "timestamp": 1764999977245}, {"id": "2649973022", "price": 3035.15, "amount": 0.039, "side": "buy", "timestamp": 1764999977247}, {"id": "2649973023", "price": 3035.16, "amount": 0.008, "side": "buy", "timestamp": 1764999977247}, {"id": "2649973024", "price": 3035.17, "amount": 0.014, "side": "buy", "timestamp": 1764999977247}, {"id": "2649973025", "price": 3035.19, "amount": 0.397, "side": "buy", "timestamp": 1764999977247}, {"id": "2649973026", "price": 3035.2, "amount": 0.093, "side": "buy", "timestamp": 1764999977267}, {"id": "2649973027", "price": 3035.19, "amount": 0.009, "side": "sell", "timestamp": 1764999977534}, {"id": "2649973028", "price": 3035.19, "amount": 0.046, "side": "sell", "timestamp": 1764999977799}, {"id": "2649973029", "price": 3035.19, "amount": 0.018, "side": "sell", "timestamp": 1764999977905}, {"id": "2649973030", "price": 3035.19, "amount": 0.454, "side": "sell", "timestamp": 1764999979151}, {"id": "2649973031", "price": 3035.2, "amount": 0.329, "side": "buy", "timestamp": 1764999979351}, {"id": "2649973032", "price": 3035.2, "amount": 0.055, "side": "buy", "timestamp": 1764999979500}, {"id": "2649973033", "price": 3035.19, "amount": 0.186, "side": "sell", "timestamp": 1764999979640}, {"id": "2649973034", "price": 3035.2, "amount": 0.186, "side": "buy", "timestamp": 1764999979703}, {"id": "2649973035", "price": 3035.21, "amount": 0.007, "side": "buy", "timestamp": 1764999979705}, {"id": "2649973036", "price": 3035.22, "amount": 0.3, "side": "buy", "timestamp": 1764999979713}, {"id": "2649973037", "price": 3035.21, "amount": 0.01, "side": "sell", "timestamp": 1764999979747}, {"id": "2649973038", "price": 3035.22, "amount": 0.141, "side": "buy", "timestamp": 1764999979830}, {"id": "2649973039", "price": 3035.21, "amount": 0.065, "side": "sell", "timestamp": 1764999979977}, {"id": "2649973040", "price": 3035.22, "amount": 0.007, "side": "buy", "timestamp": 1764999980104}, {"id": "2649973041", "price": 3035.21, "amount": 1.0, "side": "sell", "timestamp": 1764999980145}, {"id": "2649973042", "price": 3035.22, "amount": 0.008, "side": "buy", "timestamp": 1764999980642}, {"id": "2649973043", "price": 3035.22, "amount": 0.074, "side": "buy", "timestamp": 1764999980802}, {"id": "2649973044", "price": 3035.22, "amount": 0.03, "side": "buy", "timestamp": 1764999981139}, {"id": "2649973045", "price": 3035.22, "amount": 0.007, "side": "buy", "timestamp": 1764999981399}, {"id": "2649973046", "price": 3035.21, "amount": 0.013, "side": "sell", "timestamp": 1764999981536}, {"id": "2649973047", "price": 3035.21, "amount": 0.019, "side": "sell", "timestamp": 1764999981654}, {"id": "2649973048", "price": 3035.21, "amount": 0.329, "side": "sell", "timestamp": 1764999981836}, {"id": "2649973049", "price": 3035.21, "amount": 0.009, "side": "sell", "timestamp": 1764999982048}, {"id": "2649973050", "price": 3035.22, "amount": 3.0, "side": "buy", "timestamp": 1764999982425}, {"id": "2649973051", "price": 3035.21, "amount": 0.025, "side": "sell", "timestamp": 1764999982476}, {"id": "2649973052", "price": 3035.21, "amount": 0.007, "side": "sell", "timestamp": 1764999982829}, {"id": "2649973053", "price": 3035.21, "amount": 0.013, "side": "sell", "timestamp": 1764999983539}, {"id": "2649973054", "price": 3035.22, "amount": 0.642, "side": "buy", "timestamp": 1764999983850}, {"id": "2649973055", "price": 3035.21, "amount": 0.01, "side": "sell", "timestamp": 1764999984048}, {"id": "2649973056", "price": 3035.21, "amount": 0.025, "side": "sell", "timestamp": 1764999984477}, {"id": "2649973057", "price": 3035.21, "amount": 0.055, "side": "sell", "timestamp": 1764999984605}, {"id": "2649973208", "price": 3035.83, "amount": 0.972, "side": "buy", "timestamp": 1765000031183}, {"id": "2649973209", "price": 3035.84, "amount": 0.053, "side": "buy", "timestamp": 1765000031183}, {"id": "2649973210", "price": 3035.85, "amount": 0.524, "side": "buy", "timestamp": 1765000031183}, {"id": "2649973211", "price": 3035.86, "amount": 0.31, "side": "buy", "timestamp": 1765000031183}, {"id": "2649973212", "price": 3035.87, "amount": 0.343, "side": "buy", "timestamp": 1765000031183}, {"id": "2649973213", "price": 3035.88, "amount": 0.047, "side": "buy", "timestamp": 1765000031183}, {"id": "2649973214", "price": 3035.89, "amount": 0.013, "side": "buy", "timestamp": 1765000031183}, {"id": "2649973215", "price": 3035.9, "amount": 0.014, "side": "buy", "timestamp": 1765000031183}, {"id": "2649973216", "price": 3035.91, "amount": 0.022, "side": "buy", "timestamp": 1765000031183}, {"id": "2649973217", "price": 3035.92, "amount": 0.121, "side": "buy", "timestamp": 1765000031183}, {"id": "2649973218", "price": 3035.93, "amount": 0.514, "side": "buy", "timestamp": 1765000031183}, {"id": "2649973219", "price": 3035.94, "amount": 0.178, "side": "buy", "timestamp": 1765000031183}, {"id": "2649973220", "price": 3035.95, "amount": 0.79, "side": "buy", "timestamp": 1765000031183}, {"id": "2649973221", "price": 3035.96, "amount": 0.246, "side": "buy", "timestamp": 1765000031183}, {"id": "2649973222", "price": 3035.97, "amount": 0.008, "side": "buy", "timestamp": 1765000031183}, {"id": "2649973223", "price": 3035.98, "amount": 0.014, "side": "buy", "timestamp": 1765000031183}, {"id": "2649973224", "price": 3035.99, "amount": 0.014, "side": "buy", "timestamp": 1765000031183}, {"id": "2649973225", "price": 3036.0, "amount": 0.255, "side": "buy", "timestamp": 1765000031190}, {"id": "2649973226", "price": 3036.0, "amount": 0.189, "side": "buy", "timestamp": 1765000031627}, {"id": "2649973227", "price": 3035.99, "amount": 0.071, "side": "sell", "timestamp": 1765000031637}, {"id": "2649973228", "price": 3035.99, "amount": 10.0, "side": "sell", "timestamp": 1765000032042}, {"id": "2649973229", "price": 3035.99, "amount": 0.023, "side": "sell", "timestamp": 1765000032146}, {"id": "2649973230", "price": 3036.0, "amount": 0.036, "side": "buy", "timestamp": 1765000032271}, {"id": "2649973231", "price": 3035.99, "amount": 0.066, "side": "sell", "timestamp": 1765000033096}, {"id": "2649973232", "price": 3035.99, "amount": 0.015, "side": "sell", "timestamp": 1765000033719}, {"id": "2649973233", "price": 3036.0, "amount": 0.012, "side": "buy", "timestamp": 1765000033949}, {"id": "2649973234", "price": 3036.0, "amount": 0.007, "side": "buy", "timestamp": 1765000034154}, {"id": "2649973235", "price": 3036.0, "amount": 0.287, "side": "buy", "timestamp": 1765000034423}, {"id": "2649973236", "price": 3035.99, "amount": 0.019, "side": "sell", "timestamp": 1765000034545}, {"id": "2649973237", "price": 3036.0, "amount": 0.019, "side": "buy", "timestamp": 1765000034651}, {"id": "2649973238", "price": 3036.0, "amount": 155.336, "side": "buy", "timestamp": 1765000035416}, {"id": "2649973239", "price": 3036.01, "amount": 0.357, "side": "buy", "timestamp": 1765000035439}, {"id": "2649973240", "price": 3036.02, "amount": 0.154, "side": "buy", "timestamp": 1765000035440}, {"id": "2649973241", "price": 3036.04, "amount": 0.078, "side": "buy", "timestamp": 1765000035454}, {"id": "2649973242", "price": 3036.05, "amount": 0.021, "side": "buy", "timestamp": 1765000035454}, {"id": "2649973243", "price": 3036.06, "amount": 0.041, "side": "buy", "timestamp": 1765000035454}, {"id": "2649973244", "price": 3036.08, "amount": 0.053, "side": "buy", "timestamp": 1765000035454}, {"id": "2649973245", "price": 3036.09, "amount": 0.643, "side": "buy", "timestamp": 1765000035463}, {"id": "2649973246", "price": 3036.1, "amount": 0.024, "side": "buy", "timestamp": 1765000035469}, {"id": "2649973247", "price": 3036.11, "amount": 0.846, "side": "buy", "timestamp": 1765000035481}, {"id": "2649973248", "price": 3036.12, "amount": 0.039, "side": "buy", "timestamp": 1765000035481}, {"id": "2649973249", "price": 3036.13, "amount": 0.325, "side": "buy", "timestamp": 1765000035492}, {"id": "2649973250", "price": 3036.14, "amount": 0.014, "side": "buy", "timestamp": 1765000035492}, {"id": "2649973251", "price": 3036.15, "amount": 0.043, "side": "buy", "timestamp": 1765000035492}, {"id": "2649973252", "price": 3036.15, "amount": 0.001, "side": "sell", "timestamp": 1765000035536}, {"id": "2649973253", "price": 3036.16, "amount": 1.52, "side": "buy", "timestamp": 1765000035556}, {"id": "2649973254", "price": 3036.17, "amount": 0.35, "side": "buy", "timestamp": 1765000035558}, {"id": "2649973255", "price": 3036.17, "amount": 0.148, "side": "buy", "timestamp": 1765000035850}, {"id": "2649973256", "price": 3036.17, "amount": 0.005, "side": "buy", "timestamp": 1765000036145}, {"id": "2649973257", "price": 3036.16, "amount": 0.007, "side": "sell", "timestamp": 1765000036547}, {"id": "2649973515", "price": 3036.97, "amount": 0.125, "side": "buy", "timestamp": 1765000076564}, {"id": "2649973516", "price": 3036.97, "amount": 2.0, "side": "buy", "timestamp": 1765000076721}, {"id": "2649973517", "price": 3036.96, "amount": 5.0, "side": "sell", "timestamp": 1765000077270}, {"id": "2649973518", "price": 3036.97, "amount": 0.141, "side": "buy", "timestamp": 1765000079189}, {"id": "2649973519", "price": 3036.97, "amount": 0.013, "side": "buy", "timestamp": 1765000079571}, {"id": "2649973520", "price": 3036.96, "amount": 0.125, "side": "sell", "timestamp": 1765000080819}, {"id": "2649973521", "price": 3036.96, "amount": 0.148, "side": "sell", "timestamp": 1765000081294}, {"id": "2649973522", "price": 3036.97, "amount": 0.328, "side": "buy", "timestamp": 1765000081295}, {"id": "2649973523", "price": 3036.97, "amount": 0.012, "side": "buy", "timestamp": 1765000081407}, {"id": "2649973524", "price": 3036.97, "amount": 0.016, "side": "buy", "timestamp": 1765000081756}, {"id": "2649973525", "price": 3036.96, "amount": 1.784, "side": "sell", "timestamp": 1765000082069}, {"id": "2649973526", "price": 3036.97, "amount": 10.0, "side": "buy", "timestamp": 1765000082651}, {"id": "2649973527", "price": 3036.96, "amount": 0.007, "side": "sell", "timestamp": 1765000082658}, {"id": "2649973528", "price": 3036.97, "amount": 0.074, "side": "buy", "timestamp": 1765000083994}, {"id": "2649973529", "price": 3036.96, "amount": 0.019, "side": "sell", "timestamp": 1765000084536}, {"id": "2649973530", "price": 3036.97, "amount": 0.008, "side": "buy", "timestamp": 1765000085461}, {"id": "2649973531", "price": 3036.97, "amount": 0.03, "side": "buy", "timestamp": 1765000085596}, {"id": "2649973532", "price": 3036.97, "amount": 0.395, "side": "buy", "timestamp": 1765000086308}, {"id": "2649973533", "price": 3036.96, "amount": 0.001, "side": "sell", "timestamp": 1765000086634}, {"id": "2649973534", "price": 3036.96, "amount": 165.737, "side": "sell", "timestamp": 1765000086743}, {"id": "2649973535", "price": 3036.95, "amount": 0.598, "side": "sell", "timestamp": 1765000086752}, {"id": "2649973536", "price": 3036.94, "amount": 1.0, "side": "sell", "timestamp": 1765000086752}, {"id": "2649973537", "price": 3036.93, "amount": 0.052, "side": "sell", "timestamp": 1765000086752}, {"id": "2649973538", "price": 3036.9, "amount": 0.03, "side": "sell", "timestamp": 1765000086752}, {"id": "2649973539", "price": 3036.89, "amount": 0.039, "side": "sell", "timestamp": 1765000086752}, {"id": "2649973540", "price": 3036.88, "amount": 0.014, "side": "sell", "timestamp": 1765000086752}, {"id": "2649973541", "price": 3036.87, "amount": 0.124, "side": "sell", "timestamp": 1765000086752}, {"id": "2649973542", "price": 3036.86, "amount": 0.007, "side": "sell", "timestamp": 1765000086752}, {"id": "2649973543", "price": 3036.85, "amount": 1.225, "side": "sell", "timestamp": 1765000086753}, {"id": "2649973544", "price": 3036.83, "amount": 0.039, "side": "sell", "timestamp": 1765000086765}, {"id": "2649973545", "price": 3036.82, "amount": 0.014, "side": "sell", "timestamp": 1765000086765}, {"id": "2649973546", "price": 3036.81, "amount": 0.319, "side": "sell", "timestamp": 1765000086780}, {"id": "2649973547", "price": 3036.8, "amount": 0.023, "side": "sell", "timestamp": 1765000086787}, {"id": "2649973548", "price": 3036.79, "amount": 0.067, "side": "sell", "timestamp": 1765000086791}, {"id": "2649973549", "price": 3036.78, "amount": 0.086, "side": "sell", "timestamp": 1765000086791}, {"id": "2649973550", "price": 3036.76, "amount": 0.217, "side": "sell", "timestamp": 1765000086800}, {"id": "2649973551", "price": 3036.75, "amount": 0.007, "side": "sell", "timestamp": 1765000086800}, {"id": "2649973552", "price": 3036.74, "amount": 0.341, "side": "sell", "timestamp": 1765000086808}, {"id": "2649973553", "price": 3036.73, "amount": 2.488, "side": "sell", "timestamp": 1765000086825}, {"id": "2649973554", "price": 3036.72, "amount": 0.491, "side": "sell", "timestamp": 1765000086909}, {"id": "2649973555", "price": 3036.71, "amount": 0.146, "side": "sell", "timestamp": 1765000086911}, {"id": "2649973556", "price": 3036.7, "amount": 0.014, "side": "sell", "timestamp": 1765000086912}, {"id": "2649973557", "price": 3036.69, "amount": 0.061, "side": "sell", "timestamp": 1765000086912}, {"id": "2649973558", "price": 3036.67, "amount": 0.028, "side": "sell", "timestamp": 1765000086912}, {"id": "2649973559", "price": 3036.66, "amount": 0.115, "side": "sell", "timestamp": 1765000086912}, {"id": "2649973560", "price": 3036.65, "amount": 0.034, "side": "sell", "timestamp": 1765000086912}, {"id": "2649973561", "price": 3036.64, "amount": 0.613, "side": "sell", "timestamp": 1765000086916}, {"id": "2649973562", "price": 3036.63, "amount": 0.015, "side": "sell", "timestamp": 1765000086921}, {"id": "2649973563", "price": 3036.61, "amount": 0.014, "side": "sell", "timestamp": 1765000086921}, {"id": "2649973564", "price": 3036.6, "amount": 0.098, "side": "sell", "timestamp": 1765000087799}, {"id": "2649973986", "price": 3037.29, "amount": 0.631, "side": "sell", "timestamp": 1765000134348}, {"id": "2649973987", "price": 3037.27, "amount": 0.039, "side": "sell", "timestamp": 1765000134348}, {"id": "2649973988", "price": 3037.26, "amount": 0.085, "side": "sell", "timestamp": 1765000134348}, {"id": "2649973989", "price": 3037.25, "amount": 0.091, "side": "sell", "timestamp": 1765000134348}, {"id": "2649973990", "price": 3037.23, "amount": 0.008, "side": "sell", "timestamp": 1765000134357}, {"id": "2649973991", "price": 3037.22, "amount": 0.049, "side": "sell", "timestamp": 1765000134357}, {"id": "2649973992", "price": 3037.21, "amount": 0.094, "side": "sell", "timestamp": 1765000134357}, {"id": "2649973993", "price": 3037.2, "amount": 0.182, "side": "sell", "timestamp": 1765000134374}, {"id": "2649973994", "price": 3037.19, "amount": 0.295, "side": "sell", "timestamp": 1765000134382}, {"id": "2649973995", "price": 3037.18, "amount": 0.067, "side": "sell", "timestamp": 1765000134382}, {"id": "2649973996", "price": 3037.15, "amount": 0.014, "side": "sell", "timestamp": 1765000134382}, {"id": "2649973997", "price": 3037.14, "amount": 0.113, "side": "sell", "timestamp": 1765000134382}, {"id": "2649973998", "price": 3037.13, "amount": 0.015, "side": "sell", "timestamp": 1765000134382}, {"id": "2649973999", "price": 3037.12, "amount": 0.014, "side": "sell", "timestamp": 1765000134382}, {"id": "2649974000", "price": 3037.11, "amount": 0.008, "side": "sell", "timestamp": 1765000134382}, {"id": "2649974001", "price": 3037.1, "amount": 0.01, "side": "sell", "timestamp": 1765000134382}, {"id": "2649974002", "price": 3037.11, "amount": 18.202, "side": "buy", "timestamp": 1765000134677}, {"id": "2649974003", "price": 3037.11, "amount": 0.009, "side": "buy", "timestamp": 1765000135011}, {"id": "2649974004", "price": 3037.1, "amount": 7.569, "side": "sell", "timestamp": 1765000135610}, {"id": "2649974005", "price": 3037.09, "amount": 0.022, "side": "sell", "timestamp": 1765000135623}, {"id": "2649974006", "price": 3037.08, "amount": 0.009, "side": "sell", "timestamp": 1765000135623}, {"id": "2649974007", "price": 3037.07, "amount": 0.096, "side": "sell", "timestamp": 1765000135626}, {"id": "2649974008", "price": 3037.06, "amount": 0.053, "side": "sell", "timestamp": 1765000135626}, {"id": "2649974009", "price": 3037.05, "amount": 0.022, "side": "sell", "timestamp": 1765000135626}, {"id": "2649974010", "price": 3037.03, "amount": 3.212, "side": "sell", "timestamp": 1765000135873}, {"id": "2649974011", "price": 3037.02, "amount": 0.075, "side": "sell", "timestamp": 1765000135873}, {"id": "2649974012", "price": 3037.01, "amount": 0.039, "side": "sell", "timestamp": 1765000135876}, {"id": "2649974013", "price": 3037.0, "amount": 0.016, "side": "sell", "timestamp": 1765000135968}, {"id": "2649974014", "price": 3037.01, "amount": 0.001, "side": "buy", "timestamp": 1765000136352}, {"id": "2649974015", "price": 3037.0, "amount": 0.001, "side": "sell", "timestamp": 1765000137483}, {"id": "2649974016", "price": 3037.01, "amount": 0.001, "side": "buy", "timestamp": 1765000137780}, {"id": "2649974017", "price": 3037.0, "amount": 1.421, "side": "sell", "timestamp": 1765000137861}, {"id": "2649974018", "price": 3036.99, "amount": 0.04, "side": "sell", "timestamp": 1765000137863}, {"id": "2649974019", "price": 3036.97, "amount": 0.014, "side": "sell", "timestamp": 1765000137863}, {"id": "2649974020", "price": 3036.96, "amount": 0.086, "side": "sell", "timestamp": 1765000137868}, {"id": "2649974021", "price": 3036.94, "amount": 0.014, "side": "sell", "timestamp": 1765000137868}, {"id": "2649974022", "price": 3036.92, "amount": 0.039, "side": "sell", "timestamp": 1765000137868}, {"id": "2649974023", "price": 3036.91, "amount": 0.014, "side": "sell", "timestamp": 1765000137868}, {"id": "2649974024", "price": 3036.9, "amount": 0.053, "side": "sell", "timestamp": 1765000137872}, {"id": "2649974025", "price": 3036.89, "amount": 0.092, "side": "sell", "timestamp": 1765000137872}, {"id": "2649974026", "price": 3036.88, "amount": 0.014, "side": "sell", "timestamp": 1765000137873}, {"id": "2649974027", "price": 3036.87, "amount": 0.008, "side": "sell", "timestamp": 1765000137873}, {"id": "2649974028", "price": 3036.86, "amount": 0.046, "side": "sell", "timestamp": 1765000137873}, {"id": "2649974029", "price": 3036.85, "amount": 0.093, "side": "sell", "timestamp": 1765000137920}, {"id": "2649974030", "price": 3036.84, "amount": 0.117, "side": "sell", "timestamp": 1765000137920}, {"id": "2649974031", "price": 3036.82, "amount": 0.118, "side": "sell", "timestamp": 1765000137920}, {"id": "2649974032", "price": 3036.83, "amount": 30.0, "side": "buy", "timestamp": 1765000138441}, {"id": "2649974033", "price": 3036.83, "amount": 1.222, "side": "buy", "timestamp": 1765000138602}, {"id": "2649974034", "price": 3036.82, "amount": 0.009, "side": "sell", "timestamp": 1765000138832}, {"id": "2649974035", "price": 3036.82, "amount": 0.015, "side": "sell", "timestamp": 1765000139036}, {"id": "2649974360", "price": 3036.96, "amount": 0.325, "side": "sell", "timestamp": 1765000179807}, {"id": "2649974361", "price": 3036.96, "amount": 11.046, "side": "sell", "timestamp": 1765000180436}, {"id": "2649974362", "price": 3036.97, "amount": 0.748, "side": "buy", "timestamp": 1765000181029}, {"id": "2649974363", "price": 3036.97, "amount": 1.617, "side": "buy", "timestamp": 1765000182929}, {"id": "2649974364", "price": 3036.96, "amount": 0.1, "side": "sell", "timestamp": 1765000183494}, {"id": "2649974365", "price": 3036.97, "amount": 14.341, "side": "buy", "timestamp": 1765000183653}, {"id": "2649974366", "price": 3036.98, "amount": 0.007, "side": "buy", "timestamp": 1765000183738}, {"id": "2649974367", "price": 3036.99, "amount": 0.046, "side": "buy", "timestamp": 1765000183738}, {"id": "2649974368", "price": 3037.0, "amount": 6.762, "side": "buy", "timestamp": 1765000183738}, {"id": "2649974369", "price": 3037.02, "amount": 0.091, "side": "buy", "timestamp": 1765000183742}, {"id": "2649974370", "price": 3037.03, "amount": 0.053, "side": "buy", "timestamp": 1765000183746}, {"id": "2649974371", "price": 3037.04, "amount": 0.04, "side": "buy", "timestamp": 1765000183746}, {"id": "2649974372", "price": 3037.05, "amount": 0.157, "side": "buy", "timestamp": 1765000183793}, {"id": "2649974373", "price": 3037.06, "amount": 0.028, "side": "buy", "timestamp": 1765000183793}, {"id": "2649974374", "price": 3037.07, "amount": 0.039, "side": "buy", "timestamp": 1765000183793}, {"id": "2649974375", "price": 3037.08, "amount": 0.014, "side": "buy", "timestamp": 1765000183793}, {"id": "2649974376", "price": 3037.1, "amount": 0.007, "side": "buy", "timestamp": 1765000183793}, {"id": "2649974377", "price": 3037.11, "amount": 1.088, "side": "buy", "timestamp": 1765000183793}, {"id": "2649974378", "price": 3037.13, "amount": 0.189, "side": "buy", "timestamp": 1765000183793}, {"id": "2649974379", "price": 3037.14, "amount": 0.109, "side": "buy", "timestamp": 1765000183793}, {"id": "2649974380", "price": 3037.15, "amount": 0.053, "side": "buy", "timestamp": 1765000183793}, {"id": "2649974381", "price": 3037.16, "amount": 0.009, "side": "buy", "timestamp": 1765000183793}, {"id": "2649974382", "price": 3037.17, "amount": 0.084, "side": "buy", "timestamp": 1765000183793}, {"id": "2649974383", "price": 3037.18, "amount": 0.004, "side": "buy", "timestamp": 1765000184169}, {"id": "2649974384", "price": 3037.18, "amount": 0.459, "side": "buy", "timestamp": 1765000184492}, {"id": "2649974385", "price": 3037.17, "amount": 0.01, "side": "sell", "timestamp": 1765000184641}, {"id": "2649974386", "price": 3037.17, "amount": 0.195, "side": "sell", "timestamp": 1765000185034}, {"id": "2649974387", "price": 3037.18, "amount": 0.04, "side": "buy", "timestamp": 1765000185257}, {"id": "2649974388", "price": 3037.18, "amount": 0.249, "side": "buy", "timestamp": 1765000185680}, {"id": "2649974389", "price": 3037.17, "amount": 3.124, "side": "sell", "timestamp": 1765000185886}, {"id": "2649974390", "price": 3037.17, "amount": 0.164, "side": "sell", "timestamp": 1765000186254}, {"id": "2649974391", "price": 3037.17, "amount": 0.013, "side": "sell", "timestamp": 1765000186860}, {"id": "2649974392", "price": 3037.18, "amount": 0.007, "side": "buy", "timestamp": 1765000187584}, {"id": "2649974393", "price": 3037.17, "amount": 0.001, "side": "sell", "timestamp": 1765000187875}, {"id": "2649974394", "price": 3037.18, "amount": 0.742, "side": "buy", "timestamp": 1765000188164}, {"id": "2649974395", "price": 3037.17, "amount": 5.0, "side": "sell", "timestamp": 1765000188248}, {"id": "2649974396", "price": 3037.17, "amount": 0.164, "side": "sell", "timestamp": 1765000188412}, {"id": "2649974397", "price": 3037.18, "amount": 0.125, "side": "buy", "timestamp": 1765000188431}, {"id": "2649974398", "price": 3037.17, "amount": 0.001, "side": "sell", "timestamp": 1765000188552}, {"id": "2649974399", "price": 3037.18, "amount": 0.795, "side": "buy", "timestamp": 1765000188787}, {"id": "2649974400", "price": 3037.17, "amount": 19.944, "side": "sell", "timestamp": 1765000190171}, {"id": "2649974401", "price": 3037.16, "amount": 0.017, "side": "sell", "timestamp": 1765000190174}, {"id": "2649974402", "price": 3037.14, "amount": 0.039, "side": "sell", "timestamp": 1765000190180}, {"id": "2649974403", "price": 3037.12, "amount": 0.014, "side": "sell", "timestamp": 1765000190180}, {"id": "2649974404", "price": 3037.11, "amount": 0.141, "side": "sell", "timestamp": 1765000190189}, {"id": "2649974405", "price": 3037.1, "amount": 0.039, "side": "sell", "timestamp": 1765000190189}, {"id": "2649974406", "price": 3037.09, "amount": 0.028, "side": "sell", "timestamp": 1765000190189}, {"id": "2649974407", "price": 3037.07, "amount": 0.007, "side": "sell", "timestamp": 1765000190189}, {"id": "2649974408", "price": 3037.06, "amount": 0.077, "side": "sell", "timestamp": 1765000190189}, {"id": "2649974409", "price": 3037.05, "amount": 0.007, "side": "sell", "timestamp": 1765000190196}, {"id": "2649974681", "price": 3037.34, "amount": 0.007, "side": "sell", "timestamp": 1765000234268}, {"id": "2649974682", "price": 3037.33, "amount": 2.879, "side": "sell", "timestamp": 1765000234268}, {"id": "2649974683", "price": 3037.32, "amount": 0.197, "side": "sell", "timestamp": 1765000234273}, {"id": "2649974684", "price": 3037.31, "amount": 0.067, "side": "sell", "timestamp": 1765000234273}, {"id": "2649974685", "price": 3037.3, "amount": 0.362, "side": "sell", "timestamp": 1765000234273}, {"id": "2649974686", "price": 3037.28, "amount": 0.387, "side": "sell", "timestamp": 1765000234273}, {"id": "2649974687", "price": 3037.27, "amount": 0.014, "side": "sell", "timestamp": 1765000234277}, {"id": "2649974688", "price": 3037.26, "amount": 0.039, "side": "sell", "timestamp": 1765000234277}, {"id": "2649974689", "price": 3037.25, "amount": 0.046, "side": "sell", "timestamp": 1765000234282}, {"id": "2649974690", "price": 3037.24, "amount": 0.014, "side": "sell", "timestamp": 1765000234282}, {"id": "2649974691", "price": 3037.23, "amount": 0.008, "side": "sell", "timestamp": 1765000234285}, {"id": "2649974692", "price": 3037.22, "amount": 0.053, "side": "sell", "timestamp": 1765000234285}, {"id": "2649974693", "price": 3037.21, "amount": 0.014, "side": "sell", "timestamp": 1765000234285}, {"id": "2649974694", "price": 3037.2, "amount": 0.021, "side": "sell", "timestamp": 1765000234286}, {"id": "2649974695", "price": 3037.18, "amount": 0.021, "side": "sell", "timestamp": 1765000234286}, {"id": "2649974696", "price": 3037.16, "amount": 0.078, "side": "sell", "timestamp": 1765000234327}, {"id": "2649974697", "price": 3037.15, "amount": 0.022, "side": "sell", "timestamp": 1765000234327}, {"id": "2649974698", "price": 3037.14, "amount": 0.008, "side": "sell", "timestamp": 1765000234327}, {"id": "2649974699", "price": 3037.13, "amount": 0.028, "side": "sell", "timestamp": 1765000234327}, {"id": "2649974700", "price": 3037.12, "amount": 0.014, "side": "sell", "timestamp": 1765000234327}, {"id": "2649974701", "price": 3037.11, "amount": 0.039, "side": "sell", "timestamp": 1765000234327}, {"id": "2649974702", "price": 3037.1, "amount": 0.014, "side": "sell", "timestamp": 1765000234327}, {"id": "2649974703", "price": 3037.09, "amount": 0.022, "side": "sell", "timestamp": 1765000234328}, {"id": "2649974704", "price": 3037.08, "amount": 0.01, "side": "sell", "timestamp": 1765000234375}, {"id": "2649974705", "price": 3037.09, "amount": 0.007, "side": "buy", "timestamp": 1765000234585}, {"id": "2649974706", "price": 3037.09, "amount": 0.125, "side": "buy", "timestamp": 1765000234712}, {"id": "2649974707", "price": 3037.08, "amount": 0.009, "side": "sell", "timestamp": 1765000234828}, {"id": "2649974708", "price": 3037.09, "amount": 1.0, "side": "buy", "timestamp": 1765000234949}, {"id": "2649974709", "price": 3037.08, "amount": 0.016, "side": "sell", "timestamp": 1765000235073}, {"id": "2649974710", "price": 3037.09, "amount": 24.012, "side": "buy", "timestamp": 1765000235350}, {"id": "2649974711", "price": 3037.09, "amount": 0.313, "side": "buy", "timestamp": 1765000236000}, {"id": "2649974712", "price": 3037.09, "amount": 0.074, "side": "buy", "timestamp": 1765000236214}, {"id": "2649974713", "price": 3037.09, "amount": 0.549, "side": "buy", "timestamp": 1765000236813}, {"id": "2649974714", "price": 3037.08, "amount": 0.001, "side": "sell", "timestamp": 1765000237294}, {"id": "2649974715", "price": 3037.08, "amount": 0.039, "side": "sell", "timestamp": 1765000237462}, {"id": "2649974716", "price": 3037.08, "amount": 0.125, "side": "sell", "timestamp": 1765000237757}, {"id": "2649974717", "price": 3037.09, "amount": 0.009, "side": "buy", "timestamp": 1765000238221}, {"id": "2649974718", "price": 3037.09, "amount": 2.347, "side": "buy", "timestamp": 1765000238325}, {"id": "2649974719", "price": 3037.08, "amount": 1.201, "side": "sell", "timestamp": 1765000239422}, {"id": "2649974720", "price": 3037.08, "amount": 4.115, "side": "sell", "timestamp": 1765000239568}, {"id": "2649974721", "price": 3037.08, "amount": 0.019, "side": "sell", "timestamp": 1765000239873}, {"id": "2649974722", "price": 3037.08, "amount": 0.016, "side": "sell", "timestamp": 1765000240025}, {"id": "2649974723", "price": 3037.08, "amount": 0.017, "side": "sell", "timestamp": 1765000240337}, {"id": "2649974724", "price": 3037.08, "amount": 0.164, "side": "sell", "timestamp": 1765000240467}, {"id": "2649974725", "price": 3037.09, "amount": 0.041, "side": "buy", "timestamp": 1765000240725}, {"id": "2649974726", "price": 3037.08, "amount": 0.2, "side": "sell", "timestamp": 1765000240982}, {"id": "2649974727", "price": 3037.08, "amount": 0.034, "side": "sell", "timestamp": 1765000241102}, {"id": "2649974728", "price": 3037.08, "amount": 0.012, "side": "sell", "timestamp": 1765000241429}, {"id": "2649974729", "price": 3037.08, "amount": 0.019, "side": "sell", "timestamp": 1765000241783}, {"id": "2649974730", "price": 3037.09, "amount": 1.493, "side": "buy", "timestamp": 1765000242194}, {"id": "2649974956", "price": 3037.5, "amount": 0.458, "side": "buy", "timestamp": 1765000281146}, {"id": "2649974957", "price": 3037.51, "amount": 0.014, "side": "buy", "timestamp": 1765000281146}, {"id": "2649974958", "price": 3037.54, "amount": 0.014, "side": "buy", "timestamp": 1765000281146}, {"id": "2649974959", "price": 3037.55, "amount": 0.616, "side": "buy", "timestamp": 1765000281150}, {"id": "2649974960", "price": 3037.56, "amount": 0.007, "side": "buy", "timestamp": 1765000281157}, {"id": "2649974961", "price": 3037.57, "amount": 0.028, "side": "buy", "timestamp": 1765000281157}, {"id": "2649974962", "price": 3037.58, "amount": 0.17, "side": "buy", "timestamp": 1765000281157}, {"id": "2649974963", "price": 3037.57, "amount": 2.0, "side": "sell", "timestamp": 1765000281180}, {"id": "2649974964", "price": 3037.57, "amount": 0.009, "side": "sell", "timestamp": 1765000281340}, {"id": "2649974965", "price": 3037.57, "amount": 0.039, "side": "sell", "timestamp": 1765000281762}, {"id": "2649974966", "price": 3037.57, "amount": 0.181, "side": "sell", "timestamp": 1765000282032}, {"id": "2649974967", "price": 3037.57, "amount": 0.007, "side": "sell", "timestamp": 1765000282930}, {"id": "2649974968", "price": 3037.58, "amount": 0.295, "side": "buy", "timestamp": 1765000283045}, {"id": "2649974969", "price": 3037.58, "amount": 2.164, "side": "buy", "timestamp": 1765000283373}, {"id": "2649974970", "price": 3037.59, "amount": 0.205, "side": "buy", "timestamp": 1765000283373}, {"id": "2649974971", "price": 3037.6, "amount": 1.274, "side": "buy", "timestamp": 1765000284670}, {"id": "2649974972", "price": 3037.61, "amount": 0.007, "side": "buy", "timestamp": 1765000284670}, {"id": "2649974973", "price": 3037.64, "amount": 1.17, "side": "buy", "timestamp": 1765000284675}, {"id": "2649974974", "price": 3037.65, "amount": 0.007, "side": "buy", "timestamp": 1765000284675}, {"id": "2649974975", "price": 3037.66, "amount": 0.329, "side": "buy", "timestamp": 1765000284675}, {"id": "2649974976", "price": 3037.68, "amount": 0.335, "side": "buy", "timestamp": 1765000284688}, {"id": "2649974977", "price": 3037.69, "amount": 0.106, "side": "buy", "timestamp": 1765000284703}, {"id": "2649974978", "price": 3037.7, "amount": 0.319, "side": "buy", "timestamp": 1765000284757}, {"id": "2649974979", "price": 3037.71, "amount": 0.007, "side": "buy", "timestamp": 1765000284757}, {"id": "2649974980", "price": 3037.72, "amount": 2.366, "side": "buy", "timestamp": 1765000284765}, {"id": "2649974981", "price": 3037.73, "amount": 0.046, "side": "buy", "timestamp": 1765000284765}, {"id": "2649974982", "price": 3037.74, "amount": 0.021, "side": "buy", "timestamp": 1765000284765}, {"id": "2649974983", "price": 3037.76, "amount": 0.485, "side": "buy", "timestamp": 1765000284765}, {"id": "2649974984", "price": 3037.77, "amount": 0.27, "side": "buy", "timestamp": 1765000285525}, {"id": "2649974985", "price": 3037.76, "amount": 0.008, "side": "sell", "timestamp": 1765000285540}, {"id": "2649974986", "price": 3037.76, "amount": 1.887, "side": "sell", "timestamp": 1765000285946}, {"id": "2649974987", "price": 3037.76, "amount": 0.001, "side": "sell", "timestamp": 1765000286958}, {"id": "2649974988", "price": 3037.76, "amount": 1.0, "side": "sell", "timestamp": 1765000287079}, {"id": "2649974989", "price": 3037.77, "amount": 0.063, "side": "buy", "timestamp": 1765000287303}, {"id": "2649974990", "price": 3037.77, "amount": 0.168, "side": "buy", "timestamp": 1765000287686}, {"id": "2649974991", "price": 3037.76, "amount": 0.029, "side": "sell", "timestamp": 1765000287985}, {"id": "2649974992", "price": 3037.77, "amount": 0.03, "side": "buy", "timestamp": 1765000288171}, {"id": "2649974993", "price": 3037.77, "amount": 1.576, "side": "buy", "timestamp": 1765000289037}, {"id": "2649974994", "price": 3037.77, "amount": 0.85, "side": "buy", "timestamp": 1765000289390}, {"id": "2649974995", "price": 3037.76, "amount": 0.018, "side": "sell", "timestamp": 1765000289954}, {"id": "2649974996", "price": 3037.77, "amount": 0.031, "side": "buy", "timestamp": 1765000290160}, {"id": "2649974997", "price": 3037.76, "amount": 0.001, "side": "sell", "timestamp": 1765000290499}, {"id": "2649974998", "price": 3037.77, "amount": 0.329, "side": "buy", "timestamp": 1765000290625}, {"id": "2649974999", "price": 3037.76, "amount": 0.017, "side": "sell", "timestamp": 1765000291988}, {"id": "2649975000", "price": 3037.77, "amount": 4.642, "side": "buy", "timestamp": 1765000292144}, {"id": "2649975001", "price": 3037.77, "amount": 0.024, "side": "buy", "timestamp": 1765000292466}, {"id": "2649975002", "price": 3037.76, "amount": 1.286, "side": "sell", "timestamp": 1765000293792}, {"id": "2649975003", "price": 3037.77, "amount": 0.077, "side": "buy", "timestamp": 1765000293888}, {"id": "2649975004", "price": 3037.76, "amount": 0.031, "side": "sell", "timestamp": 1765000293907}, {"id": "2649975005", "price": 3037.77, "amount": 16.065, "side": "buy", "timestamp": 1765000294160}, {"id": "2649975259", "price": 3037.08, "amount": 0.001, "side": "sell", "timestamp": 1765000341617}, {"id": "2649975260", "price": 3037.09, "amount": 0.001, "side": "buy", "timestamp": 1765000341671}, {"id": "2649975261", "price": 3037.09, "amount": 0.182, "side": "buy", "timestamp": 1765000341944}, {"id": "2649975262", "price": 3037.08, "amount": 0.016, "side": "sell", "timestamp": 1765000342093}, {"id": "2649975263", "price": 3037.09, "amount": 0.003, "side": "buy", "timestamp": 1765000342172}, {"id": "2649975264", "price": 3037.09, "amount": 0.082, "side": "buy", "timestamp": 1765000342358}, {"id": "2649975265", "price": 3037.08, "amount": 7.338, "side": "sell", "timestamp": 1765000342401}, {"id": "2649975266", "price": 3037.07, "amount": 0.242, "side": "sell", "timestamp": 1765000342401}, {"id": "2649975267", "price": 3037.06, "amount": 0.014, "side": "sell", "timestamp": 1765000342401}, {"id": "2649975268", "price": 3037.05, "amount": 0.3, "side": "sell", "timestamp": 1765000342401}, {"id": "2649975269", "price": 3037.04, "amount": 0.007, "side": "sell", "timestamp": 1765000342401}, {"id": "2649975270", "price": 3037.03, "amount": 63.914, "side": "sell", "timestamp": 1765000342401}, {"id": "2649975271", "price": 3037.04, "amount": 0.906, "side": "buy", "timestamp": 1765000342490}, {"id": "2649975272", "price": 3037.03, "amount": 0.201, "side": "sell", "timestamp": 1765000342510}, {"id": "2649975273", "price": 3037.04, "amount": 0.007, "side": "buy", "timestamp": 1765000343141}, {"id": "2649975274", "price": 3037.04, "amount": 0.986, "side": "buy", "timestamp": 1765000343453}, {"id": "2649975275", "price": 3037.04, "amount": 0.292, "side": "buy", "timestamp": 1765000343585}, {"id": "2649975276", "price": 3037.03, "amount": 0.096, "side": "sell", "timestamp": 1765000343691}, {"id": "2649975277", "price": 3037.03, "amount": 1.502, "side": "sell", "timestamp": 1765000343857}, {"id": "2649975278", "price": 3037.04, "amount": 2.178, "side": "buy", "timestamp": 1765000344561}, {"id": "2649975279", "price": 3037.03, "amount": 0.145, "side": "sell", "timestamp": 1765000344785}, {"id": "2649975280", "price": 3037.03, "amount": 0.014, "side": "sell", "timestamp": 1765000344970}, {"id": "2649975281", "price": 3037.04, "amount": 0.065, "side": "buy", "timestamp": 1765000344974}, {"id": "2649975282", "price": 3037.04, "amount": 0.008, "side": "buy", "timestamp": 1765000345142}, {"id": "2649975283", "price": 3037.03, "amount": 54.571, "side": "sell", "timestamp": 1765000345538}, {"id": "2649975284", "price": 3037.02, "amount": 0.254, "side": "sell", "timestamp": 1765000345540}, {"id": "2649975285", "price": 3037.01, "amount": 1.0, "side": "sell", "timestamp": 1765000345540}, {"id": "2649975286", "price": 3037.0, "amount": 11.382, "side": "sell", "timestamp": 1765000345540}, {"id": "2649975287", "price": 3036.99, "amount": 0.014, "side": "sell", "timestamp": 1765000345540}, {"id": "2649975288", "price": 3036.98, "amount": 0.046, "side": "sell", "timestamp": 1765000345542}, {"id": "2649975289", "price": 3036.97, "amount": 0.021, "side": "sell", "timestamp": 1765000345542}, {"id": "2649975290", "price": 3036.96, "amount": 0.378, "side": "sell", "timestamp": 1765000345542}, {"id": "2649975291", "price": 3036.95, "amount": 0.021, "side": "sell", "timestamp": 1765000345542}, {"id": "2649975292", "price": 3036.94, "amount": 0.047, "side": "sell", "timestamp": 1765000345542}, {"id": "2649975293", "price": 3036.93, "amount": 0.014, "side": "sell", "timestamp": 1765000345542}, {"id": "2649975294", "price": 3036.92, "amount": 0.095, "side": "sell", "timestamp": 1765000345542}, {"id": "2649975295", "price": 3036.9, "amount": 0.021, "side": "sell", "timestamp": 1765000345554}, {"id": "2649975296", "price": 3036.89, "amount": 0.039, "side": "sell", "timestamp": 1765000345554}, {"id": "2649975297", "price": 3036.88, "amount": 0.023, "side": "sell", "timestamp": 1765000345554}, {"id": "2649975298", "price": 3036.87, "amount": 0.015, "side": "sell", "timestamp": 1765000345554}, {"id": "2649975299", "price": 3036.85, "amount": 0.007, "side": "sell", "timestamp": 1765000345554}, {"id": "2649975300", "price": 3036.84, "amount": 0.115, "side": "sell", "timestamp": 1765000345568}, {"id": "2649975301", "price": 3036.83, "amount": 0.015, "side": "sell", "timestamp": 1765000345568}, {"id": "2649975302", "price": 3036.82, "amount": 0.022, "side": "sell", "timestamp": 1765000345568}, {"id": "2649975303", "price": 3036.81, "amount": 0.385, "side": "sell", "timestamp": 1765000345598}, {"id": "2649975304", "price": 3036.8, "amount": 0.056, "side": "sell", "timestamp": 1765000345598}, {"id": "2649975305", "price": 3036.79, "amount": 0.53, "side": "sell", "timestamp": 1765000345598}, {"id": "2649975306", "price": 3036.78, "amount": 0.008, "side": "sell", "timestamp": 1765000345598}, {"id": "2649975307", "price": 3036.77, "amount": 0.021, "side": "sell", "timestamp": 1765000345598}, {"id": "2649975308", "price": 3036.77, "amount": 0.007, "side": "sell", "timestamp": 1765000345715}, {"id": "2649975748", "price": 3038.44, "amount": 0.053, "side": "sell", "timestamp": 1765000387616}, {"id": "2649975749", "price": 3038.43, "amount": 0.402, "side": "sell", "timestamp": 1765000387623}, {"id": "2649975750", "price": 3038.42, "amount": 0.047, "side": "sell", "timestamp": 1765000387639}, {"id": "2649975751", "price": 3038.41, "amount": 0.014, "side": "sell", "timestamp": 1765000387642}, {"id": "2649975752", "price": 3038.4, "amount": 0.036, "side": "sell", "timestamp": 1765000387642}, {"id": "2649975753", "price": 3038.39, "amount": 4.352, "side": "buy", "timestamp": 1765000388032}, {"id": "2649975754", "price": 3038.38, "amount": 1.147, "side": "sell", "timestamp": 1765000388071}, {"id": "2649975755", "price": 3038.37, "amount": 0.043, "side": "sell", "timestamp": 1765000388105}, {"id": "2649975756", "price": 3038.35, "amount": 2.793, "side": "sell", "timestamp": 1765000388105}, {"id": "2649975757", "price": 3038.36, "amount": 0.201, "side": "buy", "timestamp": 1765000388335}, {"id": "2649975758", "price": 3038.35, "amount": 0.1, "side": "sell", "timestamp": 1765000388441}, {"id": "2649975759", "price": 3038.35, "amount": 0.273, "side": "sell", "timestamp": 1765000388674}, {"id": "2649975760", "price": 3038.36, "amount": 0.091, "side": "buy", "timestamp": 1765000388771}, {"id": "2649975761", "price": 3038.35, "amount": 0.254, "side": "sell", "timestamp": 1765000388955}, {"id": "2649975762", "price": 3038.35, "amount": 2.0, "side": "sell", "timestamp": 1765000389573}, {"id": "2649975763", "price": 3038.35, "amount": 0.377, "side": "sell", "timestamp": 1765000389698}, {"id": "2649975764", "price": 3038.35, "amount": 3.627, "side": "sell", "timestamp": 1765000389856}, {"id": "2649975765", "price": 3038.36, "amount": 0.2, "side": "buy", "timestamp": 1765000389880}, {"id": "2649975766", "price": 3038.36, "amount": 0.005, "side": "buy", "timestamp": 1765000390144}, {"id": "2649975767", "price": 3038.35, "amount": 0.042, "side": "sell", "timestamp": 1765000390204}, {"id": "2649975768", "price": 3038.35, "amount": 0.368, "side": "sell", "timestamp": 1765000390893}, {"id": "2649975769", "price": 3038.34, "amount": 0.247, "side": "sell", "timestamp": 1765000390893}, {"id": "2649975770", "price": 3038.33, "amount": 0.124, "side": "sell", "timestamp": 1765000390893}, {"id": "2649975771", "price": 3038.32, "amount": 0.104, "side": "sell", "timestamp": 1765000390893}, {"id": "2649975772", "price": 3038.31, "amount": 0.795, "side": "sell", "timestamp": 1765000390893}, {"id": "2649975773", "price": 3038.3, "amount": 0.014, "side": "sell", "timestamp": 1765000390893}, {"id": "2649975774", "price": 3038.28, "amount": 3.728, "side": "sell", "timestamp": 1765000390893}, {"id": "2649975775", "price": 3038.27, "amount": 0.028, "side": "sell", "timestamp": 1765000390893}, {"id": "2649975776", "price": 3038.26, "amount": 0.008, "side": "sell", "timestamp": 1765000390893}, {"id": "2649975777", "price": 3038.25, "amount": 1.319, "side": "sell", "timestamp": 1765000390893}, {"id": "2649975778", "price": 3038.26, "amount": 0.579, "side": "buy", "timestamp": 1765000391051}, {"id": "2649975779", "price": 3038.25, "amount": 0.008, "side": "sell", "timestamp": 1765000392126}, {"id": "2649975780", "price": 3038.26, "amount": 0.06, "side": "buy", "timestamp": 1765000392777}, {"id": "2649975781", "price": 3038.25, "amount": 1.838, "side": "sell", "timestamp": 1765000393261}, {"id": "2649975782", "price": 3038.25, "amount": 0.001, "side": "sell", "timestamp": 1765000393531}, {"id": "2649975783", "price": 3038.25, "amount": 0.049, "side": "sell", "timestamp": 1765000393913}, {"id": "2649975784", "price": 3038.26, "amount": 0.237, "side": "buy", "timestamp": 1765000394149}, {"id": "2649975785", "price": 3038.25, "amount": 0.03, "side": "sell", "timestamp": 1765000394893}, {"id": "2649975786", "price": 3038.26, "amount": 12.0, "side": "buy", "timestamp": 1765000395081}, {"id": "2649975787", "price": 3038.26, "amount": 0.01, "side": "buy", "timestamp": 1765000395350}, {"id": "2649975788", "price": 3038.25, "amount": 0.129, "side": "sell", "timestamp": 1765000395633}, {"id": "2649975789", "price": 3038.25, "amount": 1.978, "side": "sell", "timestamp": 1765000395844}, {"id": "2649975790", "price": 3038.26, "amount": 1.645, "side": "buy", "timestamp": 1765000396054}, {"id": "2649975791", "price": 3038.25, "amount": 0.329, "side": "sell", "timestamp": 1765000396151}, {"id": "2649975792", "price": 3038.26, "amount": 0.005, "side": "buy", "timestamp": 1765000396153}, {"id": "2649975793", "price": 3038.25, "amount": 1.662, "side": "sell", "timestamp": 1765000396200}, {"id": "2649975794", "price": 3038.25, "amount": 0.003, "side": "sell", "timestamp": 1765000396670}, {"id": "2649975795", "price": 3038.26, "amount": 0.076, "side": "buy", "timestamp": 1765000397002}, {"id": "2649975796", "price": 3038.26, "amount": 0.008, "side": "buy", "timestamp": 1765000397477}, {"id": "2649975797", "price": 3038.25, "amount": 0.001, "side": "sell", "timestamp": 1765000397528}, {"id": "2649975995", "price": 3037.76, "amount": 0.562, "side": "sell", "timestamp": 1765000445458}, {"id": "2649975996", "price": 3037.77, "amount": 0.329, "side": "buy", "timestamp": 1765000445495}, {"id": "2649975997", "price": 3037.76, "amount": 0.018, "side": "sell", "timestamp": 1765000445845}, {"id": "2649975998", "price": 3037.76, "amount": 0.021, "side": "sell", "timestamp": 1765000446465}, {"id": "2649975999", "price": 3037.76, "amount": 0.315, "side": "sell", "timestamp": 1765000446780}, {"id": "2649976000", "price": 3037.76, "amount": 1.462, "side": "sell", "timestamp": 1765000447131}, {"id": "2649976001", "price": 3037.75, "amount": 0.033, "side": "sell", "timestamp": 1765000447150}, {"id": "2649976002", "price": 3037.74, "amount": 0.309, "side": "sell", "timestamp": 1765000447150}, {"id": "2649976003", "price": 3037.73, "amount": 0.466, "side": "sell", "timestamp": 1765000447157}, {"id": "2649976004", "price": 3037.72, "amount": 0.039, "side": "sell", "timestamp": 1765000447157}, {"id": "2649976005", "price": 3037.7, "amount": 0.558, "side": "sell", "timestamp": 1765000447166}, {"id": "2649976006", "price": 3037.71, "amount": 0.287, "side": "buy", "timestamp": 1765000447287}, {"id": "2649976007", "price": 3037.7, "amount": 4.066, "side": "sell", "timestamp": 1765000447662}, {"id": "2649976008", "price": 3037.69, "amount": 0.008, "side": "sell", "timestamp": 1765000447662}, {"id": "2649976009", "price": 3037.68, "amount": 0.047, "side": "sell", "timestamp": 1765000447662}, {"id": "2649976010", "price": 3037.67, "amount": 0.014, "side": "sell", "timestamp": 1765000447662}, {"id": "2649976011", "price": 3037.65, "amount": 0.023, "side": "sell", "timestamp": 1765000447662}, {"id": "2649976012", "price": 3037.64, "amount": 0.014, "side": "sell", "timestamp": 1765000447662}, {"id": "2649976013", "price": 3037.63, "amount": 0.046, "side": "sell", "timestamp": 1765000447662}, {"id": "2649976014", "price": 3037.62, "amount": 0.214, "side": "sell", "timestamp": 1765000447662}, {"id": "2649976015", "price": 3037.61, "amount": 0.014, "side": "sell", "timestamp": 1765000447662}, {"id": "2649976016", "price": 3037.6, "amount": 0.095, "side": "sell", "timestamp": 1765000447662}, {"id": "2649976017", "price": 3037.59, "amount": 0.047, "side": "sell", "timestamp": 1765000447662}, {"id": "2649976018", "price": 3037.58, "amount": 0.014, "side": "sell", "timestamp": 1765000447662}, {"id": "2649976019", "price": 3037.57, "amount": 0.008, "side": "sell", "timestamp": 1765000447662}, {"id": "2649976020", "price": 3037.55, "amount": 4.282, "side": "sell", "timestamp": 1765000447662}, {"id": "2649976021", "price": 3037.54, "amount": 0.031, "side": "sell", "timestamp": 1765000447662}, {"id": "2649976022", "price": 3037.53, "amount": 0.426, "side": "sell", "timestamp": 1765000447662}, {"id": "2649976023", "price": 3037.52, "amount": 0.014, "side": "sell", "timestamp": 1765000447662}, {"id": "2649976024", "price": 3037.51, "amount": 0.061, "side": "sell", "timestamp": 1765000447662}, {"id": "2649976025", "price": 3037.5, "amount": 1.023, "side": "sell", "timestamp": 1765000447662}, {"id": "2649976026", "price": 3037.49, "amount": 6.455, "side": "sell", "timestamp": 1765000447662}, {"id": "2649976027", "price": 3037.48, "amount": 0.18, "side": "sell", "timestamp": 1765000447662}, {"id": "2649976028", "price": 3037.47, "amount": 1.003, "side": "sell", "timestamp": 1765000447662}, {"id": "2649976029", "price": 3037.46, "amount": 0.121, "side": "sell", "timestamp": 1765000447662}, {"id": "2649976030", "price": 3037.45, "amount": 1.441, "side": "sell", "timestamp": 1765000447662}, {"id": "2649976031", "price": 3037.44, "amount": 3.66, "side": "sell", "timestamp": 1765000447663}, {"id": "2649976032", "price": 3037.43, "amount": 0.072, "side": "sell", "timestamp": 1765000447663}, {"id": "2649976033", "price": 3037.42, "amount": 0.454, "side": "sell", "timestamp": 1765000447663}, {"id": "2649976034", "price": 3037.41, "amount": 0.018, "side": "sell", "timestamp": 1765000447663}, {"id": "2649976035", "price": 3037.4, "amount": 0.185, "side": "sell", "timestamp": 1765000447663}, {"id": "2649976036", "price": 3037.39, "amount": 4.684, "side": "sell", "timestamp": 1765000447663}, {"id": "2649976037", "price": 3037.38, "amount": 0.007, "side": "sell", "timestamp": 1765000447663}, {"id": "2649976038", "price": 3037.37, "amount": 0.52, "side": "sell", "timestamp": 1765000447663}, {"id": "2649976039", "price": 3037.36, "amount": 0.448, "side": "sell", "timestamp": 1765000447663}, {"id": "2649976040", "price": 3037.35, "amount": 3.881, "side": "sell", "timestamp": 1765000447663}, {"id": "2649976041", "price": 3037.36, "amount": 0.128, "side": "buy", "timestamp": 1765000447857}, {"id": "2649976042", "price": 3037.35, "amount": 0.033, "side": "sell", "timestamp": 1765000448219}, {"id": "2649976043", "price": 3037.36, "amount": 0.095, "side": "buy", "timestamp": 1765000448534}, {"id": "2649976044", "price": 3037.35, "amount": 0.001, "side": "sell", "timestamp": 1765000448626}, {"id": "2649976147", "price": 3037.89, "amount": 0.009, "side": "buy", "timestamp": 1765000476554}, {"id": "2649976148", "price": 3037.88, "amount": 0.001, "side": "sell", "timestamp": 1765000477193}, {"id": "2649976149", "price": 3037.89, "amount": 0.5, "side": "buy", "timestamp": 1765000478178}, {"id": "2649976150", "price": 3037.88, "amount": 2.241, "side": "sell", "timestamp": 1765000479044}, {"id": "2649976151", "price": 3037.88, "amount": 0.001, "side": "sell", "timestamp": 1765000479157}, {"id": "2649976152", "price": 3037.88, "amount": 0.007, "side": "sell", "timestamp": 1765000479795}, {"id": "2649976153", "price": 3037.88, "amount": 5.2, "side": "sell", "timestamp": 1765000480020}, {"id": "2649976154", "price": 3037.89, "amount": 0.016, "side": "buy", "timestamp": 1765000480026}, {"id": "2649976155", "price": 3037.89, "amount": 0.012, "side": "buy", "timestamp": 1765000480219}, {"id": "2649976156", "price": 3037.88, "amount": 0.007, "side": "sell", "timestamp": 1765000481052}, {"id": "2649976157", "price": 3037.89, "amount": 0.467, "side": "buy", "timestamp": 1765000481286}, {"id": "2649976158", "price": 3037.89, "amount": 0.062, "side": "buy", "timestamp": 1765000481600}, {"id": "2649976159", "price": 3037.89, "amount": 0.094, "side": "buy", "timestamp": 1765000481759}, {"id": "2649976160", "price": 3037.89, "amount": 0.197, "side": "buy", "timestamp": 1765000482035}, {"id": "2649976161", "price": 3037.89, "amount": 0.09, "side": "buy", "timestamp": 1765000482323}, {"id": "2649976162", "price": 3037.88, "amount": 2.397, "side": "sell", "timestamp": 1765000482372}, {"id": "2649976163", "price": 3037.89, "amount": 0.509, "side": "buy", "timestamp": 1765000482885}, {"id": "2649976164", "price": 3037.88, "amount": 0.044, "side": "sell", "timestamp": 1765000484179}, {"id": "2649976165", "price": 3037.88, "amount": 0.283, "side": "sell", "timestamp": 1765000484378}, {"id": "2649976166", "price": 3037.88, "amount": 0.013, "side": "sell", "timestamp": 1765000485093}, {"id": "2649976167", "price": 3037.89, "amount": 0.009, "side": "buy", "timestamp": 1765000486489}, {"id": "2649976168", "price": 3037.88, "amount": 0.012, "side": "sell", "timestamp": 1765000486496}, {"id": "2649976169", "price": 3037.88, "amount": 0.5, "side": "sell", "timestamp": 1765000486868}, {"id": "2649976170", "price": 3037.88, "amount": 0.016, "side": "sell", "timestamp": 1765000487321}, {"id": "2649976171", "price": 3037.88, "amount": 0.008, "side": "sell", "timestamp": 1765000487933}, {"id": "2649976172", "price": 3037.88, "amount": 1.756, "side": "sell", "timestamp": 1765000488087}, {"id": "2649976173", "price": 3037.89, "amount": 0.012, "side": "buy", "timestamp": 1765000488760}, {"id": "2649976174", "price": 3037.89, "amount": 2.0, "side": "buy", "timestamp": 1765000489357}, {"id": "2649976175", "price": 3037.88, "amount": 0.077, "side": "sell", "timestamp": 1765000489451}, {"id": "2649976176", "price": 3037.88, "amount": 0.015, "side": "sell", "timestamp": 1765000489854}, {"id": "2649976177", "price": 3037.88, "amount": 0.026, "side": "sell", "timestamp": 1765000490119}, {"id": "2649976178", "price": 3037.88, "amount": 0.026, "side": "sell", "timestamp": 1765000490319}, {"id": "2649976179", "price": 3037.88, "amount": 0.009, "side": "sell", "timestamp": 1765000490427}, {"id": "2649976180", "price": 3037.88, "amount": 0.168, "side": "sell", "timestamp": 1765000490655}, {"id": "2649976181", "price": 3037.89, "amount": 0.056, "side": "buy", "timestamp": 1765000490848}, {"id": "2649976182", "price": 3037.88, "amount": 0.001, "side": "sell", "timestamp": 1765000490918}, {"id": "2649976183", "price": 3037.89, "amount": 0.036, "side": "buy", "timestamp": 1765000491537}, {"id": "2649976184", "price": 3037.89, "amount": 0.246, "side": "buy", "timestamp": 1765000492382}, {"id": "2649976185", "price": 3037.88, "amount": 0.658, "side": "sell", "timestamp": 1765000492929}, {"id": "2649976186", "price": 3037.88, "amount": 0.001, "side": "sell", "timestamp": 1765000494399}, {"id": "2649976187", "price": 3037.88, "amount": 0.314, "side": "sell", "timestamp": 1765000494512}, {"id": "2649976188", "price": 3037.88, "amount": 0.001, "side": "sell", "timestamp": 1765000494946}, {"id": "2649976189", "price": 3037.88, "amount": 0.019, "side": "sell", "timestamp": 1765000495401}, {"id": "2649976190", "price": 3037.89, "amount": 2.541, "side": "buy", "timestamp": 1765000495777}, {"id": "2649976191", "price": 3037.89, "amount": 0.019, "side": "buy", "timestamp": 1765000496578}, {"id": "2649976192", "price": 3037.88, "amount": 0.009, "side": "sell", "timestamp": 1765000498473}, {"id": "2649976193", "price": 3037.88, "amount": 0.001, "side": "sell", "timestamp": 1765000499647}, {"id": "2649976194", "price": 3037.89, "amount": 0.013, "side": "buy", "timestamp": 1765000500950}, {"id": "2649976195", "price": 3037.89, "amount": 0.045, "side": "buy", "timestamp": 1765000501275}, {"id": "2649976196", "price": 3037.89, "amount": 0.013, "side": "buy", "timestamp": 1765000501436}, {"id": "2649976357", "price": 3037.88, "amount": 0.002, "side": "sell", "timestamp": 1765000534690}, {"id": "2649976358", "price": 3037.89, "amount": 0.008, "side": "buy", "timestamp": 1765000535397}, {"id": "2649976359", "price": 3037.88, "amount": 11.253, "side": "sell", "timestamp": 1765000535497}, {"id": "2649976360", "price": 3037.89, "amount": 0.011, "side": "buy", "timestamp": 1765000535559}, {"id": "2649976361", "price": 3037.89, "amount": 0.049, "side": "buy", "timestamp": 1765000536158}, {"id": "2649976362", "price": 3037.88, "amount": 0.001, "side": "sell", "timestamp": 1765000536774}, {"id": "2649976363", "price": 3037.89, "amount": 0.305, "side": "buy", "timestamp": 1765000537539}, {"id": "2649976364", "price": 3037.89, "amount": 0.174, "side": "buy", "timestamp": 1765000537884}, {"id": "2649976365", "price": 3037.89, "amount": 10.0, "side": "buy", "timestamp": 1765000538440}, {"id": "2649976366", "price": 3037.88, "amount": 0.164, "side": "sell", "timestamp": 1765000538492}, {"id": "2649976367", "price": 3037.89, "amount": 0.02, "side": "buy", "timestamp": 1765000538630}, {"id": "2649976368", "price": 3037.89, "amount": 0.182, "side": "buy", "timestamp": 1765000539438}, {"id": "2649976369", "price": 3037.88, "amount": 0.03, "side": "sell", "timestamp": 1765000539968}, {"id": "2649976370", "price": 3037.88, "amount": 0.164, "side": "sell", "timestamp": 1765000540363}, {"id": "2649976371", "price": 3037.88, "amount": 0.019, "side": "sell", "timestamp": 1765000540605}, {"id": "2649976372", "price": 3037.89, "amount": 0.063, "side": "buy", "timestamp": 1765000541504}, {"id": "2649976373", "price": 3037.89, "amount": 0.065, "side": "buy", "timestamp": 1765000541653}, {"id": "2649976374", "price": 3037.89, "amount": 0.124, "side": "buy", "timestamp": 1765000542169}, {"id": "2649976375", "price": 3037.88, "amount": 0.002, "side": "sell", "timestamp": 1765000542305}, {"id": "2649976376", "price": 3037.88, "amount": 0.146, "side": "sell", "timestamp": 1765000542599}, {"id": "2649976377", "price": 3037.89, "amount": 0.014, "side": "buy", "timestamp": 1765000543397}, {"id": "2649976378", "price": 3037.89, "amount": 0.012, "side": "buy", "timestamp": 1765000544166}, {"id": "2649976379", "price": 3037.88, "amount": 0.035, "side": "sell", "timestamp": 1765000544677}, {"id": "2649976380", "price": 3037.88, "amount": 0.023, "side": "sell", "timestamp": 1765000544916}, {"id": "2649976381", "price": 3037.88, "amount": 0.329, "side": "sell", "timestamp": 1765000545214}, {"id": "2649976382", "price": 3037.89, "amount": 0.02, "side": "buy", "timestamp": 1765000545217}, {"id": "2649976383", "price": 3037.88, "amount": 0.001, "side": "sell", "timestamp": 1765000545221}, {"id": "2649976384", "price": 3037.88, "amount": 0.273, "side": "sell", "timestamp": 1765000545492}, {"id": "2649976385", "price": 3037.89, "amount": 3.452, "side": "buy", "timestamp": 1765000545564}, {"id": "2649976386", "price": 3037.89, "amount": 0.05, "side": "buy", "timestamp": 1765000545914}, {"id": "2649976387", "price": 3037.88, "amount": 19.367, "side": "sell", "timestamp": 1765000545961}, {"id": "2649976388", "price": 3037.89, "amount": 9.292, "side": "buy", "timestamp": 1765000546174}, {"id": "2649976389", "price": 3037.89, "amount": 0.047, "side": "buy", "timestamp": 1765000546297}, {"id": "2649976390", "price": 3037.89, "amount": 9.103, "side": "buy", "timestamp": 1765000546541}, {"id": "2649976391", "price": 3037.89, "amount": 0.474, "side": "buy", "timestamp": 1765000546806}, {"id": "2649976392", "price": 3037.89, "amount": 0.323, "side": "buy", "timestamp": 1765000547311}, {"id": "2649976393", "price": 3037.89, "amount": 0.004, "side": "buy", "timestamp": 1765000547666}, {"id": "2649976394", "price": 3037.88, "amount": 10.0, "side": "sell", "timestamp": 1765000548178}, {"id": "2649976395", "price": 3037.89, "amount": 0.013, "side": "buy", "timestamp": 1765000548549}, {"id": "2649976396", "price": 3037.88, "amount": 0.658, "side": "sell", "timestamp": 1765000548937}, {"id": "2649976397", "price": 3037.88, "amount": 0.437, "side": "sell", "timestamp": 1765000549167}, {"id": "2649976398", "price": 3037.88, "amount": 0.008, "side": "sell", "timestamp": 1765000549403}, {"id": "2649976399", "price": 3037.89, "amount": 0.069, "side": "buy", "timestamp": 1765000549477}, {"id": "2649976400", "price": 3037.88, "amount": 0.02, "side": "sell", "timestamp": 1765000549793}, {"id": "2649976401", "price": 3037.88, "amount": 0.016, "side": "sell", "timestamp": 1765000550030}, {"id": "2649976402", "price": 3037.88, "amount": 0.025, "side": "sell", "timestamp": 1765000550760}, {"id": "2649976403", "price": 3037.88, "amount": 0.571, "side": "sell", "timestamp": 1765000551138}, {"id": "2649976404", "price": 3037.88, "amount": 0.001, "side": "sell", "timestamp": 1765000551492}, {"id": "2649976405", "price": 3037.89, "amount": 0.164, "side": "buy", "timestamp": 1765000552500}, {"id": "2649976406", "price": 3037.88, "amount": 0.069, "side": "sell", "timestamp": 1765000552889}, {"id": "2649976684", "price": 3037.33, "amount": 0.007, "side": "buy", "timestamp": 1765000593008}, {"id": "2649976685", "price": 3037.32, "amount": 0.069, "side": "sell", "timestamp": 1765000593021}, {"id": "2649976686", "price": 3037.33, "amount": 0.007, "side": "buy", "timestamp": 1765000593064}, {"id": "2649976687", "price": 3037.32, "amount": 0.117, "side": "sell", "timestamp": 1765000593210}, {"id": "2649976688", "price": 3037.31, "amount": 0.061, "side": "sell", "timestamp": 1765000593214}, {"id": "2649976689", "price": 3037.3, "amount": 0.204, "side": "sell", "timestamp": 1765000593223}, {"id": "2649976690", "price": 3037.29, "amount": 0.047, "side": "sell", "timestamp": 1765000593223}, {"id": "2649976691", "price": 3037.28, "amount": 0.561, "side": "sell", "timestamp": 1765000593223}, {"id": "2649976692", "price": 3037.27, "amount": 0.03, "side": "sell", "timestamp": 1765000593234}, {"id": "2649976693", "price": 3037.27, "amount": 4.6, "side": "sell", "timestamp": 1765000593854}, {"id": "2649976694", "price": 3037.28, "amount": 0.028, "side": "buy", "timestamp": 1765000593915}, {"id": "2649976695", "price": 3037.27, "amount": 2.991, "side": "sell", "timestamp": 1765000594060}, {"id": "2649976696", "price": 3037.28, "amount": 0.166, "side": "buy", "timestamp": 1765000594100}, {"id": "2649976697", "price": 3037.28, "amount": 0.02, "side": "buy", "timestamp": 1765000594498}, {"id": "2649976698", "price": 3037.28, "amount": 0.011, "side": "buy", "timestamp": 1765000594645}, {"id": "2649976699", "price": 3037.27, "amount": 0.013, "side": "sell", "timestamp": 1765000594925}, {"id": "2649976700", "price": 3037.28, "amount": 0.007, "side": "buy", "timestamp": 1765000595043}, {"id": "2649976701", "price": 3037.27, "amount": 0.02, "side": "sell", "timestamp": 1765000595087}, {"id": "2649976702", "price": 3037.27, "amount": 1.317, "side": "sell", "timestamp": 1765000595298}, {"id": "2649976703", "price": 3037.27, "amount": 0.065, "side": "sell", "timestamp": 1765000595443}, {"id": "2649976704", "price": 3037.28, "amount": 0.013, "side": "buy", "timestamp": 1765000595672}, {"id": "2649976705", "price": 3037.27, "amount": 0.2, "side": "sell", "timestamp": 1765000595785}, {"id": "2649976706", "price": 3037.28, "amount": 20.719, "side": "buy", "timestamp": 1765000595968}, {"id": "2649976707", "price": 3037.27, "amount": 0.773, "side": "sell", "timestamp": 1765000596170}, {"id": "2649976708", "price": 3037.28, "amount": 0.02, "side": "buy", "timestamp": 1765000596500}, {"id": "2649976709", "price": 3037.27, "amount": 0.001, "side": "sell", "timestamp": 1765000596536}, {"id": "2649976710", "price": 3037.28, "amount": 0.011, "side": "buy", "timestamp": 1765000596647}, {"id": "2649976711", "price": 3037.27, "amount": 0.042, "side": "sell", "timestamp": 1765000596969}, {"id": "2649976712", "price": 3037.28, "amount": 0.031, "side": "buy", "timestamp": 1765000597337}, {"id": "2649976713", "price": 3037.27, "amount": 0.157, "side": "sell", "timestamp": 1765000598469}, {"id": "2649976714", "price": 3037.28, "amount": 0.02, "side": "buy", "timestamp": 1765000598500}, {"id": "2649976715", "price": 3037.28, "amount": 0.012, "side": "buy", "timestamp": 1765000598648}, {"id": "2649976716", "price": 3037.27, "amount": 8.068, "side": "sell", "timestamp": 1765000598722}, {"id": "2649976717", "price": 3037.27, "amount": 0.289, "side": "sell", "timestamp": 1765000599062}, {"id": "2649976718", "price": 3037.27, "amount": 0.035, "side": "sell", "timestamp": 1765000599739}, {"id": "2649976719", "price": 3037.28, "amount": 0.018, "side": "buy", "timestamp": 1765000600255}, {"id": "2649976720", "price": 3037.27, "amount": 0.262, "side": "sell", "timestamp": 1765000601106}, {"id": "2649976721", "price": 3037.28, "amount": 1.214, "side": "buy", "timestamp": 1765000601414}, {"id": "2649976722", "price": 3037.28, "amount": 0.358, "side": "buy", "timestamp": 1765000601530}, {"id": "2649976723", "price": 3037.27, "amount": 0.001, "side": "sell", "timestamp": 1765000601851}, {"id": "2649976724", "price": 3037.27, "amount": 15.0, "side": "sell", "timestamp": 1765000602294}, {"id": "2649976725", "price": 3037.28, "amount": 0.329, "side": "buy", "timestamp": 1765000602914}, {"id": "2649976726", "price": 3037.27, "amount": 0.05, "side": "sell", "timestamp": 1765000602994}, {"id": "2649976727", "price": 3037.28, "amount": 0.007, "side": "buy", "timestamp": 1765000603025}, {"id": "2649976728", "price": 3037.27, "amount": 0.013, "side": "sell", "timestamp": 1765000603114}, {"id": "2649976729", "price": 3037.28, "amount": 1.433, "side": "buy", "timestamp": 1765000604328}, {"id": "2649976730", "price": 3037.27, "amount": 0.001, "side": "sell", "timestamp": 1765000604365}, {"id": "2649976731", "price": 3037.28, "amount": 0.001, "side": "buy", "timestamp": 1765000604522}, {"id": "2649976732", "price": 3037.27, "amount": 0.014, "side": "sell", "timestamp": 1765000604762}, {"id": "2649976733", "price": 3037.27, "amount": 0.339, "side": "sell", "timestamp": 1765000604925}, {"id": "2649977002", "price": 3036.48, "amount": 1.112, "side": "sell", "timestamp": 1765000647851}, {"id": "2649977003", "price": 3036.49, "amount": 0.028, "side": "buy", "timestamp": 1765000648152}, {"id": "2649977004", "price": 3036.49, "amount": 6.173, "side": "buy", "timestamp": 1765000648400}, {"id": "2649977005", "price": 3036.49, "amount": 1.992, "side": "buy", "timestamp": 1765000648677}, {"id": "2649977006", "price": 3036.49, "amount": 0.018, "side": "buy", "timestamp": 1765000648967}, {"id": "2649977007", "price": 3036.49, "amount": 0.01, "side": "buy", "timestamp": 1765000649617}, {"id": "2649977008", "price": 3036.48, "amount": 1.151, "side": "sell", "timestamp": 1765000649688}, {"id": "2649977009", "price": 3036.48, "amount": 0.329, "side": "sell", "timestamp": 1765000649933}, {"id": "2649977010", "price": 3036.49, "amount": 0.028, "side": "buy", "timestamp": 1765000650158}, {"id": "2649977011", "price": 3036.49, "amount": 0.2, "side": "buy", "timestamp": 1765000650485}, {"id": "2649977012", "price": 3036.49, "amount": 0.01, "side": "buy", "timestamp": 1765000650697}, {"id": "2649977013", "price": 3036.48, "amount": 3.277, "side": "sell", "timestamp": 1765000650842}, {"id": "2649977014", "price": 3036.47, "amount": 0.437, "side": "sell", "timestamp": 1765000650845}, {"id": "2649977015", "price": 3036.46, "amount": 0.464, "side": "sell", "timestamp": 1765000650848}, {"id": "2649977016", "price": 3036.45, "amount": 0.053, "side": "sell", "timestamp": 1765000650848}, {"id": "2649977017", "price": 3036.44, "amount": 0.918, "side": "sell", "timestamp": 1765000650854}, {"id": "2649977018", "price": 3036.43, "amount": 0.351, "side": "sell", "timestamp": 1765000650872}, {"id": "2649977019", "price": 3036.42, "amount": 0.123, "side": "sell", "timestamp": 1765000650872}, {"id": "2649977020", "price": 3036.41, "amount": 0.167, "side": "sell", "timestamp": 1765000650872}, {"id": "2649977021", "price": 3036.4, "amount": 0.014, "side": "sell", "timestamp": 1765000650872}, {"id": "2649977022", "price": 3036.39, "amount": 0.473, "side": "sell", "timestamp": 1765000650880}, {"id": "2649977023", "price": 3036.38, "amount": 0.008, "side": "sell", "timestamp": 1765000650917}, {"id": "2649977024", "price": 3036.37, "amount": 0.024, "side": "sell", "timestamp": 1765000650918}, {"id": "2649977025", "price": 3036.36, "amount": 0.014, "side": "sell", "timestamp": 1765000650918}, {"id": "2649977026", "price": 3036.35, "amount": 0.056, "side": "sell", "timestamp": 1765000650918}, {"id": "2649977027", "price": 3036.34, "amount": 0.348, "side": "sell", "timestamp": 1765000650922}, {"id": "2649977028", "price": 3036.33, "amount": 0.078, "side": "sell", "timestamp": 1765000650922}, {"id": "2649977029", "price": 3036.32, "amount": 0.301, "side": "sell", "timestamp": 1765000651058}, {"id": "2649977030", "price": 3036.33, "amount": 1.878, "side": "buy", "timestamp": 1765000651101}, {"id": "2649977031", "price": 3036.33, "amount": 0.02, "side": "buy", "timestamp": 1765000651434}, {"id": "2649977032", "price": 3036.32, "amount": 0.102, "side": "sell", "timestamp": 1765000651533}, {"id": "2649977033", "price": 3036.32, "amount": 0.289, "side": "sell", "timestamp": 1765000651725}, {"id": "2649977034", "price": 3036.32, "amount": 0.2, "side": "sell", "timestamp": 1765000652114}, {"id": "2649977035", "price": 3036.33, "amount": 0.095, "side": "buy", "timestamp": 1765000652162}, {"id": "2649977036", "price": 3036.32, "amount": 0.399, "side": "sell", "timestamp": 1765000652621}, {"id": "2649977037", "price": 3036.31, "amount": 0.008, "side": "sell", "timestamp": 1765000652717}, {"id": "2649977038", "price": 3036.3, "amount": 0.658, "side": "sell", "timestamp": 1765000652717}, {"id": "2649977039", "price": 3036.3, "amount": 0.001, "side": "sell", "timestamp": 1765000653611}, {"id": "2649977040", "price": 3036.31, "amount": 0.666, "side": "buy", "timestamp": 1765000653992}, {"id": "2649977041", "price": 3036.31, "amount": 0.028, "side": "buy", "timestamp": 1765000654161}, {"id": "2649977042", "price": 3036.31, "amount": 0.658, "side": "buy", "timestamp": 1765000654471}, {"id": "2649977043", "price": 3036.3, "amount": 0.016, "side": "sell", "timestamp": 1765000654794}, {"id": "2649977044", "price": 3036.31, "amount": 0.01, "side": "buy", "timestamp": 1765000654862}, {"id": "2649977045", "price": 3036.3, "amount": 0.502, "side": "sell", "timestamp": 1765000654883}, {"id": "2649977046", "price": 3036.31, "amount": 0.007, "side": "buy", "timestamp": 1765000654943}, {"id": "2649977047", "price": 3036.3, "amount": 21.881, "side": "sell", "timestamp": 1765000654987}, {"id": "2649977048", "price": 3036.31, "amount": 0.004, "side": "buy", "timestamp": 1765000655667}, {"id": "2649977049", "price": 3036.31, "amount": 0.686, "side": "buy", "timestamp": 1765000656061}, {"id": "2649977050", "price": 3036.3, "amount": 3.382, "side": "sell", "timestamp": 1765000656215}, {"id": "2649977051", "price": 3036.3, "amount": 0.55, "side": "sell", "timestamp": 1765000656804}, {"id": "2649977251", "price": 3036.52, "amount": 0.004, "side": "buy", "timestamp": 1765000691664}, {"id": "2649977252", "price": 3036.51, "amount": 0.017, "side": "sell", "timestamp": 1765000691972}, {"id": "2649977253", "price": 3036.51, "amount": 0.369, "side": "sell", "timestamp": 1765000692137}, {"id": "2649977254", "price": 3036.52, "amount": 3.106, "side": "buy", "timestamp": 1765000692187}, {"id": "2649977255", "price": 3036.51, "amount": 0.009, "side": "sell", "timestamp": 1765000692702}, {"id": "2649977256", "price": 3036.52, "amount": 10.0, "side": "buy", "timestamp": 1765000693059}, {"id": "2649977257", "price": 3036.51, "amount": 7.578, "side": "sell", "timestamp": 1765000693070}, {"id": "2649977258", "price": 3036.52, "amount": 0.073, "side": "buy", "timestamp": 1765000693557}, {"id": "2649977259", "price": 3036.51, "amount": 0.007, "side": "sell", "timestamp": 1765000693633}, {"id": "2649977260", "price": 3036.51, "amount": 1.088, "side": "sell", "timestamp": 1765000694183}, {"id": "2649977261", "price": 3036.51, "amount": 0.018, "side": "sell", "timestamp": 1765000694743}, {"id": "2649977262", "price": 3036.51, "amount": 0.033, "side": "sell", "timestamp": 1765000695000}, {"id": "2649977263", "price": 3036.51, "amount": 0.001, "side": "sell", "timestamp": 1765000695728}, {"id": "2649977264", "price": 3036.52, "amount": 0.026, "side": "buy", "timestamp": 1765000697041}, {"id": "2649977265", "price": 3036.51, "amount": 5.614, "side": "sell", "timestamp": 1765000697634}, {"id": "2649977266", "price": 3036.52, "amount": 0.073, "side": "buy", "timestamp": 1765000697650}, {"id": "2649977267", "price": 3036.51, "amount": 0.001, "side": "sell", "timestamp": 1765000698620}, {"id": "2649977268", "price": 3036.52, "amount": 3.69, "side": "buy", "timestamp": 1765000698682}, {"id": "2649977269", "price": 3036.51, "amount": 0.122, "side": "sell", "timestamp": 1765000699206}, {"id": "2649977270", "price": 3036.51, "amount": 0.018, "side": "sell", "timestamp": 1765000699733}, {"id": "2649977271", "price": 3036.52, "amount": 0.453, "side": "buy", "timestamp": 1765000700760}, {"id": "2649977272", "price": 3036.51, "amount": 5.018, "side": "sell", "timestamp": 1765000701341}, {"id": "2649977273", "price": 3036.52, "amount": 0.009, "side": "buy", "timestamp": 1765000701800}, {"id": "2649977274", "price": 3036.52, "amount": 0.008, "side": "buy", "timestamp": 1765000702370}, {"id": "2649977275", "price": 3036.51, "amount": 3.41, "side": "sell", "timestamp": 1765000703110}, {"id": "2649977276", "price": 3036.5, "amount": 0.387, "side": "sell", "timestamp": 1765000703110}, {"id": "2649977277", "price": 3036.49, "amount": 0.007, "side": "sell", "timestamp": 1765000703110}, {"id": "2649977278", "price": 3036.48, "amount": 0.493, "side": "sell", "timestamp": 1765000703110}, {"id": "2649977279", "price": 3036.47, "amount": 0.039, "side": "sell", "timestamp": 1765000703110}, {"id": "2649977280", "price": 3036.46, "amount": 0.023, "side": "sell", "timestamp": 1765000703110}, {"id": "2649977281", "price": 3036.45, "amount": 1.449, "side": "sell", "timestamp": 1765000703110}, {"id": "2649977282", "price": 3036.45, "amount": 0.166, "side": "sell", "timestamp": 1765000703714}, {"id": "2649977283", "price": 3036.46, "amount": 0.008, "side": "buy", "timestamp": 1765000704759}, {"id": "2649977284", "price": 3036.45, "amount": 0.025, "side": "sell", "timestamp": 1765000704785}, {"id": "2649977285", "price": 3036.45, "amount": 1.707, "side": "sell", "timestamp": 1765000704935}, {"id": "2649977286", "price": 3036.45, "amount": 5.129, "side": "sell", "timestamp": 1765000705615}, {"id": "2649977287", "price": 3036.44, "amount": 0.02, "side": "sell", "timestamp": 1765000706473}, {"id": "2649977288", "price": 3036.44, "amount": 1.41, "side": "sell", "timestamp": 1765000706606}, {"id": "2649977289", "price": 3036.45, "amount": 1.816, "side": "buy", "timestamp": 1765000706818}, {"id": "2649977290", "price": 3036.44, "amount": 0.115, "side": "sell", "timestamp": 1765000707250}, {"id": "2649977291", "price": 3036.45, "amount": 0.035, "side": "buy", "timestamp": 1765000707304}, {"id": "2649977292", "price": 3036.44, "amount": 0.013, "side": "sell", "timestamp": 1765000707342}, {"id": "2649977293", "price": 3036.44, "amount": 0.002, "side": "sell", "timestamp": 1765000707655}, {"id": "2649977294", "price": 3036.44, "amount": 0.021, "side": "sell", "timestamp": 1765000707768}, {"id": "2649977295", "price": 3036.45, "amount": 1.849, "side": "buy", "timestamp": 1765000707770}, {"id": "2649977296", "price": 3036.46, "amount": 0.408, "side": "buy", "timestamp": 1765000707818}, {"id": "2649977297", "price": 3036.48, "amount": 0.014, "side": "buy", "timestamp": 1765000707818}, {"id": "2649977298", "price": 3036.5, "amount": 0.783, "side": "buy", "timestamp": 1765000707818}, {"id": "2649977299", "price": 3036.51, "amount": 0.178, "side": "buy", "timestamp": 1765000707818}, {"id": "2649977300", "price": 3036.51, "amount": 1.096, "side": "sell", "timestamp": 1765000707959}, {"id": "2649977486", "price": 3036.1, "amount": 0.007, "side": "sell", "timestamp": 1765000752317}, {"id": "2649977487", "price": 3036.08, "amount": 0.252, "side": "sell", "timestamp": 1765000752318}, {"id": "2649977488", "price": 3036.07, "amount": 0.121, "side": "sell", "timestamp": 1765000752318}, {"id": "2649977489", "price": 3036.06, "amount": 0.233, "side": "sell", "timestamp": 1765000752324}, {"id": "2649977490", "price": 3036.05, "amount": 0.114, "side": "sell", "timestamp": 1765000752324}, {"id": "2649977491", "price": 3036.03, "amount": 0.231, "side": "sell", "timestamp": 1765000752324}, {"id": "2649977492", "price": 3036.02, "amount": 0.459, "side": "sell", "timestamp": 1765000752333}, {"id": "2649977493", "price": 3036.01, "amount": 0.457, "side": "sell", "timestamp": 1765000752336}, {"id": "2649977494", "price": 3036.0, "amount": 4.836, "side": "sell", "timestamp": 1765000752620}, {"id": "2649977495", "price": 3035.99, "amount": 0.046, "side": "sell", "timestamp": 1765000752624}, {"id": "2649977496", "price": 3035.98, "amount": 0.007, "side": "sell", "timestamp": 1765000752624}, {"id": "2649977497", "price": 3035.97, "amount": 0.022, "side": "sell", "timestamp": 1765000752624}, {"id": "2649977498", "price": 3035.96, "amount": 0.897, "side": "sell", "timestamp": 1765000752624}, {"id": "2649977499", "price": 3035.97, "amount": 0.012, "side": "buy", "timestamp": 1765000752852}, {"id": "2649977500", "price": 3035.96, "amount": 0.008, "side": "sell", "timestamp": 1765000752901}, {"id": "2649977501", "price": 3035.97, "amount": 0.149, "side": "buy", "timestamp": 1765000753088}, {"id": "2649977502", "price": 3035.96, "amount": 1.557, "side": "sell", "timestamp": 1765000753099}, {"id": "2649977503", "price": 3035.95, "amount": 0.096, "side": "sell", "timestamp": 1765000753099}, {"id": "2649977504", "price": 3035.94, "amount": 0.079, "side": "sell", "timestamp": 1765000753099}, {"id": "2649977505", "price": 3035.93, "amount": 0.806, "side": "sell", "timestamp": 1765000753165}, {"id": "2649977506", "price": 3035.92, "amount": 0.007, "side": "sell", "timestamp": 1765000753191}, {"id": "2649977507", "price": 3035.91, "amount": 0.652, "side": "sell", "timestamp": 1765000753200}, {"id": "2649977508", "price": 3035.9, "amount": 0.007, "side": "sell", "timestamp": 1765000753242}, {"id": "2649977509", "price": 3035.89, "amount": 0.027, "side": "sell", "timestamp": 1765000753242}, {"id": "2649977510", "price": 3035.88, "amount": 0.038, "side": "sell", "timestamp": 1765000753242}, {"id": "2649977511", "price": 3035.86, "amount": 0.349, "side": "sell", "timestamp": 1765000753242}, {"id": "2649977512", "price": 3035.85, "amount": 0.014, "side": "sell", "timestamp": 1765000753242}, {"id": "2649977513", "price": 3035.83, "amount": 0.008, "side": "sell", "timestamp": 1765000753242}, {"id": "2649977514", "price": 3035.82, "amount": 0.164, "side": "sell", "timestamp": 1765000753242}, {"id": "2649977515", "price": 3035.81, "amount": 0.166, "side": "sell", "timestamp": 1765000753242}, {"id": "2649977516", "price": 3035.81, "amount": 0.008, "side": "sell", "timestamp": 1765000753985}, {"id": "2649977517", "price": 3035.81, "amount": 0.008, "side": "sell", "timestamp": 1765000754094}, {"id": "2649977518", "price": 3035.82, "amount": 0.007, "side": "buy", "timestamp": 1765000754146}, {"id": "2649977519", "price": 3035.81, "amount": 0.164, "side": "sell", "timestamp": 1765000754361}, {"id": "2649977520", "price": 3035.82, "amount": 0.007, "side": "buy", "timestamp": 1765000754633}, {"id": "2649977521", "price": 3035.81, "amount": 0.011, "side": "sell", "timestamp": 1765000754672}, {"id": "2649977522", "price": 3035.81, "amount": 0.018, "side": "sell", "timestamp": 1765000754791}, {"id": "2649977523", "price": 3035.82, "amount": 0.166, "side": "buy", "timestamp": 1765000754942}, {"id": "2649977524", "price": 3035.82, "amount": 0.01, "side": "buy", "timestamp": 1765000755047}, {"id": "2649977525", "price": 3035.82, "amount": 1.737, "side": "buy", "timestamp": 1765000755293}, {"id": "2649977526", "price": 3035.81, "amount": 0.168, "side": "sell", "timestamp": 1765000755599}, {"id": "2649977527", "price": 3035.82, "amount": 0.004, "side": "buy", "timestamp": 1765000756140}, {"id": "2649977528", "price": 3035.81, "amount": 0.187, "side": "sell", "timestamp": 1765000757150}, {"id": "2649977529", "price": 3035.82, "amount": 0.329, "side": "buy", "timestamp": 1765000757909}, {"id": "2649977530", "price": 3035.81, "amount": 0.001, "side": "sell", "timestamp": 1765000758116}, {"id": "2649977531", "price": 3035.82, "amount": 0.022, "side": "buy", "timestamp": 1765000758153}, {"id": "2649977532", "price": 3035.81, "amount": 0.338, "side": "sell", "timestamp": 1765000758653}, {"id": "2649977533", "price": 3035.82, "amount": 0.008, "side": "buy", "timestamp": 1765000758708}, {"id": "2649977534", "price": 3035.82, "amount": 0.026, "side": "buy", "timestamp": 1765000759126}, {"id": "2649977535", "price": 3035.81, "amount": 0.009, "side": "sell", "timestamp": 1765000759130}, {"id": "2649977810", "price": 3034.31, "amount": 0.092, "side": "sell", "timestamp": 1765000807216}, {"id": "2649977811", "price": 3034.3, "amount": 0.248, "side": "sell", "timestamp": 1765000807281}, {"id": "2649977812", "price": 3034.29, "amount": 0.007, "side": "sell", "timestamp": 1765000807281}, {"id": "2649977813", "price": 3034.28, "amount": 0.08, "side": "sell", "timestamp": 1765000807281}, {"id": "2649977814", "price": 3034.27, "amount": 0.039, "side": "sell", "timestamp": 1765000807281}, {"id": "2649977815", "price": 3034.26, "amount": 0.018, "side": "sell", "timestamp": 1765000807301}, {"id": "2649977816", "price": 3034.25, "amount": 0.014, "side": "sell", "timestamp": 1765000807301}, {"id": "2649977817", "price": 3034.23, "amount": 0.039, "side": "sell", "timestamp": 1765000807301}, {"id": "2649977818", "price": 3034.22, "amount": 0.021, "side": "sell", "timestamp": 1765000807301}, {"id": "2649977819", "price": 3034.22, "amount": 0.134, "side": "buy", "timestamp": 1765000807307}, {"id": "2649977820", "price": 3034.21, "amount": 0.357, "side": "sell", "timestamp": 1765000807419}, {"id": "2649977821", "price": 3034.2, "amount": 0.014, "side": "sell", "timestamp": 1765000807422}, {"id": "2649977822", "price": 3034.19, "amount": 0.039, "side": "sell", "timestamp": 1765000807422}, {"id": "2649977823", "price": 3034.18, "amount": 0.362, "side": "sell", "timestamp": 1765000807425}, {"id": "2649977824", "price": 3034.17, "amount": 0.008, "side": "sell", "timestamp": 1765000807425}, {"id": "2649977825", "price": 3034.16, "amount": 0.344, "side": "sell", "timestamp": 1765000807428}, {"id": "2649977826", "price": 3034.15, "amount": 0.411, "side": "sell", "timestamp": 1765000807431}, {"id": "2649977827", "price": 3034.14, "amount": 0.021, "side": "sell", "timestamp": 1765000807431}, {"id": "2649977828", "price": 3034.13, "amount": 0.114, "side": "sell", "timestamp": 1765000807431}, {"id": "2649977829", "price": 3034.11, "amount": 0.039, "side": "sell", "timestamp": 1765000807431}, {"id": "2649977830", "price": 3034.1, "amount": 0.012, "side": "sell", "timestamp": 1765000807706}, {"id": "2649977831", "price": 3034.1, "amount": 1.195, "side": "sell", "timestamp": 1765000808094}, {"id": "2649977832", "price": 3034.09, "amount": 0.018, "side": "sell", "timestamp": 1765000808094}, {"id": "2649977833", "price": 3034.08, "amount": 0.008, "side": "sell", "timestamp": 1765000808094}, {"id": "2649977834", "price": 3034.07, "amount": 0.062, "side": "sell", "timestamp": 1765000808094}, {"id": "2649977835", "price": 3034.06, "amount": 0.016, "side": "sell", "timestamp": 1765000808094}, {"id": "2649977836", "price": 3034.05, "amount": 0.021, "side": "sell", "timestamp": 1765000808094}, {"id": "2649977837", "price": 3034.04, "amount": 0.01, "side": "sell", "timestamp": 1765000808094}, {"id": "2649977838", "price": 3034.03, "amount": 0.046, "side": "sell", "timestamp": 1765000808094}, {"id": "2649977839", "price": 3034.02, "amount": 0.021, "side": "sell", "timestamp": 1765000808094}, {"id": "2649977840", "price": 3034.01, "amount": 3.711, "side": "sell", "timestamp": 1765000808094}, {"id": "2649977841", "price": 3034.0, "amount": 0.262, "side": "sell", "timestamp": 1765000808181}, {"id": "2649977842", "price": 3034.01, "amount": 1.481, "side": "buy", "timestamp": 1765000808183}, {"id": "2649977843", "price": 3034.0, "amount": 0.831, "side": "sell", "timestamp": 1765000808246}, {"id": "2649977844", "price": 3034.01, "amount": 0.659, "side": "buy", "timestamp": 1765000808306}, {"id": "2649977845", "price": 3034.0, "amount": 0.962, "side": "sell", "timestamp": 1765000808359}, {"id": "2649977846", "price": 3034.01, "amount": 0.449, "side": "buy", "timestamp": 1765000808960}, {"id": "2649977847", "price": 3034.0, "amount": 0.029, "side": "sell", "timestamp": 1765000809013}, {"id": "2649977848", "price": 3034.01, "amount": 0.081, "side": "buy", "timestamp": 1765000809036}, {"id": "2649977849", "price": 3034.0, "amount": 0.008, "side": "sell", "timestamp": 1765000809076}, {"id": "2649977850", "price": 3034.01, "amount": 0.008, "side": "buy", "timestamp": 1765000809167}, {"id": "2649977851", "price": 3034.01, "amount": 0.04, "side": "buy", "timestamp": 1765000809322}, {"id": "2649977852", "price": 3034.01, "amount": 13.307, "side": "buy", "timestamp": 1765000809492}, {"id": "2649977853", "price": 3034.0, "amount": 4.41, "side": "sell", "timestamp": 1765000809537}, {"id": "2649977854", "price": 3034.0, "amount": 21.629, "side": "sell", "timestamp": 1765000809645}, {"id": "2649977855", "price": 3034.01, "amount": 0.01, "side": "buy", "timestamp": 1765000809745}, {"id": "2649977856", "price": 3034.0, "amount": 0.036, "side": "sell", "timestamp": 1765000809767}, {"id": "2649977857", "price": 3034.0, "amount": 0.476, "side": "sell", "timestamp": 1765000809877}, {"id": "2649977858", "price": 3034.01, "amount": 2.009, "side": "buy", "timestamp": 1765000810038}, {"id": "2649977859", "price": 3034.0, "amount": 0.068, "side": "sell", "timestamp": 1765000810275}, {"id": "2649978001", "price": 3033.87, "amount": 0.246, "side": "sell", "timestamp": 1765000846824}, {"id": "2649978002", "price": 3033.88, "amount": 0.016, "side": "buy", "timestamp": 1765000847331}, {"id": "2649978003", "price": 3033.87, "amount": 0.04, "side": "sell", "timestamp": 1765000847513}, {"id": "2649978004", "price": 3033.87, "amount": 0.2, "side": "sell", "timestamp": 1765000847779}, {"id": "2649978005", "price": 3033.87, "amount": 1.232, "side": "sell", "timestamp": 1765000847953}, {"id": "2649978006", "price": 3033.88, "amount": 2.411, "side": "buy", "timestamp": 1765000848147}, {"id": "2649978007", "price": 3033.87, "amount": 0.001, "side": "sell", "timestamp": 1765000848207}, {"id": "2649978008", "price": 3033.87, "amount": 0.075, "side": "sell", "timestamp": 1765000848337}, {"id": "2649978009", "price": 3033.87, "amount": 0.019, "side": "sell", "timestamp": 1765000848447}, {"id": "2649978010", "price": 3033.87, "amount": 0.159, "side": "sell", "timestamp": 1765000849060}, {"id": "2649978011", "price": 3033.87, "amount": 2.492, "side": "sell", "timestamp": 1765000849371}, {"id": "2649978012", "price": 3033.87, "amount": 0.142, "side": "sell", "timestamp": 1765000849514}, {"id": "2649978013", "price": 3033.87, "amount": 0.022, "side": "sell", "timestamp": 1765000849785}, {"id": "2649978014", "price": 3033.87, "amount": 2.016, "side": "sell", "timestamp": 1765000849937}, {"id": "2649978015", "price": 3033.88, "amount": 0.024, "side": "buy", "timestamp": 1765000851146}, {"id": "2649978016", "price": 3033.87, "amount": 0.009, "side": "sell", "timestamp": 1765000851238}, {"id": "2649978017", "price": 3033.87, "amount": 0.027, "side": "sell", "timestamp": 1765000852110}, {"id": "2649978018", "price": 3033.88, "amount": 0.125, "side": "buy", "timestamp": 1765000852149}, {"id": "2649978019", "price": 3033.87, "amount": 1.319, "side": "sell", "timestamp": 1765000852173}, {"id": "2649978020", "price": 3033.87, "amount": 0.002, "side": "sell", "timestamp": 1765000852410}, {"id": "2649978021", "price": 3033.88, "amount": 0.031, "side": "buy", "timestamp": 1765000852609}, {"id": "2649978022", "price": 3033.87, "amount": 4.079, "side": "sell", "timestamp": 1765000853900}, {"id": "2649978023", "price": 3033.88, "amount": 0.008, "side": "buy", "timestamp": 1765000853938}, {"id": "2649978024", "price": 3033.87, "amount": 0.253, "side": "sell", "timestamp": 1765000854210}, {"id": "2649978025", "price": 3033.87, "amount": 0.001, "side": "sell", "timestamp": 1765000854346}, {"id": "2649978026", "price": 3033.88, "amount": 7.0, "side": "buy", "timestamp": 1765000854980}, {"id": "2649978027", "price": 3033.87, "amount": 0.125, "side": "sell", "timestamp": 1765000855115}, {"id": "2649978028", "price": 3033.87, "amount": 0.014, "side": "sell", "timestamp": 1765000855342}, {"id": "2649978029", "price": 3033.87, "amount": 0.31, "side": "sell", "timestamp": 1765000855622}, {"id": "2649978030", "price": 3033.87, "amount": 0.01, "side": "sell", "timestamp": 1765000856424}, {"id": "2649978031", "price": 3033.88, "amount": 0.016, "side": "buy", "timestamp": 1765000857111}, {"id": "2649978032", "price": 3033.87, "amount": 0.227, "side": "sell", "timestamp": 1765000857366}, {"id": "2649978033", "price": 3033.88, "amount": 0.38, "side": "buy", "timestamp": 1765000857369}, {"id": "2649978034", "price": 3033.87, "amount": 0.329, "side": "sell", "timestamp": 1765000857583}, {"id": "2649978035", "price": 3033.88, "amount": 0.01, "side": "buy", "timestamp": 1765000857688}, {"id": "2649978036", "price": 3033.88, "amount": 0.7, "side": "buy", "timestamp": 1765000858307}, {"id": "2649978037", "price": 3033.88, "amount": 0.036, "side": "buy", "timestamp": 1765000859031}, {"id": "2649978038", "price": 3033.87, "amount": 0.009, "side": "sell", "timestamp": 1765000859321}, {"id": "2649978039", "price": 3033.88, "amount": 0.042, "side": "buy", "timestamp": 1765000859637}, {"id": "2649978040", "price": 3033.87, "amount": 10.09, "side": "sell", "timestamp": 1765000860273}, {"id": "2649978041", "price": 3033.86, "amount": 2.499, "side": "sell", "timestamp": 1765000860355}, {"id": "2649978042", "price": 3033.86, "amount": 0.014, "side": "buy", "timestamp": 1765000860363}, {"id": "2649978043", "price": 3033.85, "amount": 3.058, "side": "sell", "timestamp": 1765000860593}, {"id": "2649978044", "price": 3033.85, "amount": 0.139, "side": "sell", "timestamp": 1765000860753}, {"id": "2649978045", "price": 3033.86, "amount": 2.381, "side": "buy", "timestamp": 1765000860827}, {"id": "2649978046", "price": 3033.85, "amount": 0.014, "side": "sell", "timestamp": 1765000860927}