[{"symbol": "AVAXUSDT", "bids": [[12.25, 210.0], [12.249, 321.0], [12.248, 764.0], [12.247, 862.0], [12.246, 1065.0], [12.245, 3201.0], [12.244, 1091.0], [12.243, 1305.0], [12.242, 1860.0], [12.241, 921.0], [12.24, 1373.0], [12.239, 1984.0], [12.238, 2380.0], [12.237, 2441.0], [12.236, 4096.0], [12.235, 2065.0], [12.234, 1174.0], [12.233, 2099.0], [12.232, 1986.0], [12.231, 4206.0]], "asks": [[12.251, 1127.0], [12.252, 1199.0], [12.253, 1235.0], [12.254, 1419.0], [12.255, 2660.0], [12.256, 1479.0], [12.257, 1105.0], [12.258, 2127.0], [12.259, 956.0], [12.26, 1132.0], [12.261, 1700.0], [12.262, 691.0], [12.263, 1917.0], [12.264, 1012.0], [12.265, 1162.0], [12.266, 1525.0], [12.267, 1107.0], [12.268, 791.0], [12.269, 2005.0], [12.27, 3596.0]], "timestamp": "2025-12-20T00:00:29.480916+00:00"}, {"symbol": "AVAXUSDT", "bids": [[12.263, 1399.0], [12.262, 687.0], [12.261, 1215.0], [12.26, 2587.0], [12.259, 1923.0], [12.258, 2488.0], [12.257, 3237.0], [12.256, 2133.0], [12.255, 2222.0], [12.254, 2985.0], [12.253, 1784.0], [12.252, 1812.0], [12.251, 2244.0], [12.25, 1583.0], [12.249, 1575.0], [12.248, 2374.0], [12.247, 2747.0], [12.246, 1597.0], [12.245, 3043.0], [12.244, 1871.0]], "asks": [[12.264, 374.0], [12.265, 425.0], [12.266, 1370.0], [12.267, 1645.0], [12.268, 1213.0], [12.269, 1711.0], [12.27, 1720.0], [12.271, 577.0], [12.272, 1395.0], [12.273, 1961.0], [12.274, 3507.0], [12.275, 860.0], [12.276, 2047.0], [12.277, 736.0], [12.278, 815.0], [12.279, 1281.0], [12.28, 1869.0], [12.281, 3188.0], [12.282, 17571.0], [12.283, 2433.0]], "timestamp": "2025-12-20T00:01:27.477290+00:00"}, {"symbol": "AVAXUSDT", "bids": [[12.249, 1437.0], [12.248, 663.0], [12.247, 926.0], [12.246, 1239.0], [12.245, 2706.0], [12.244, 2069.0], [12.243, 3634.0], [12.242, 3029.0], [12.241, 1417.0], [12.24, 1699.0], [12.239, 2041.0], [12.238, 2266.0], [12.237, 1550.0], [12.236, 2117.0], [12.235, 849.0], [12.234, 1449.0], [12.233, 4524.0], [12.232, 1094.0], [12.231, 1260.0], [12.23, 1921.0]], "asks": [[12.25, 240.0], [12.251, 6266.0], [12.252, 951.0], [12.253, 1861.0], [12.254, 1464.0], [12.255, 958.0], [12.256, 1483.0], [12.257, 1897.0], [12.258, 820.0], [12.259, 1369.0], [12.26, 2153.0], [12.261, 1211.0], [12.262, 1292.0], [12.263, 4247.0], [12.264, 1785.0], [12.265, 981.0], [12.266, 2807.0], [12.267, 2364.0], [12.268, 1471.0], [12.269, 1501.0]], "timestamp": "2025-12-20T00:02:34.077069+00:00"}, {"symbol": "AVAXUSDT", "bids": [[12.255, 1943.0], [12.254, 1185.0], [12.253, 929.0], [12.252, 948.0], [12.251, 2416.0], [12.25, 2808.0], [12.249, 3278.0], [12.248, 3329.0], [12.247, 3829.0], [12.246, 2455.0], [12.245, 2164.0], [12.244, 1207.0], [12.243, 1750.0], [12.242, 2199.0], [12.241, 999.0], [12.24, 1737.0], [12.239, 1923.0], [12.238, 951.0], [12.237, 1282.0], [12.236, 3549.0]], "asks": [[12.256, 382.0], [12.257, 372.0], [12.258, 445.0], [12.259, 6194.0], [12.26, 1492.0], [12.261, 396.0], [12.262, 883.0], [12.263, 1981.0], [12.264, 711.0], [12.265, 778.0], [12.266, 1879.0], [12.267, 2245.0], [12.268, 2242.0], [12.269, 1984.0], [12.27, 3884.0], [12.271, 483.0], [12.272, 957.0], [12.273, 1500.0], [12.274, 577.0], [12.275, 911.0]], "timestamp": "2025-12-20T00:03:28.472290+00:00"}, {"symbol": "AVAXUSDT", "bids": [[12.257, 267.0], [12.256, 415.0], [12.255, 1214.0], [12.254, 1561.0], [12.253, 2260.0], [12.252, 2215.0], [12.251, 2767.0], [12.25, 2847.0], [12.249, 2314.0], [12.248, 3027.0], [12.247, 2225.0], [12.246, 1978.0], [12.245, 1981.0], [12.244, 1525.0], [12.243, 1533.0], [12.242, 2643.0], [12.241, 3420.0], [12.24, 1242.0], [12.239, 2261.0], [12.238, 1950.0]], "asks": [[12.258, 7900.0], [12.259, 545.0], [12.26, 434.0], [12.261, 556.0], [12.262, 958.0], [12.263, 1269.0], [12.264, 1742.0], [12.265, 1168.0], [12.266, 1727.0], [12.267, 2213.0], [12.268, 1658.0], [12.269, 1417.0], [12.27, 2764.0], [12.271, 3558.0], [12.272, 1159.0], [12.273, 1608.0], [12.274, 637.0], [12.275, 1052.0], [12.276, 1803.0], [12.277, 1438.0]], "timestamp": "2025-12-20T00:04:32.678079+00:00"}, {"symbol": "AVAXUSDT", "bids": [[12.25, 1487.0], [12.249, 765.0], [12.248, 2080.0], [12.247, 802.0], [12.246, 2120.0], [12.245, 1829.0], [12.244, 1105.0], [12.243, 1460.0], [12.242, 2224.0], [12.241, 1513.0], [12.24, 1532.0], [12.239, 2274.0], [12.238, 1106.0], [12.237, 1988.0], [12.236, 2760.0], [12.235, 3952.0], [12.234, 863.0], [12.233, 2467.0], [12.232, 2365.0], [12.231, 1178.0]], "asks": [[12.251, 123.0], [12.252, 852.0], [12.253, 947.0], [12.254, 7268.0], [12.255, 1605.0], [12.256, 2514.0], [12.257, 2412.0], [12.258, 3383.0], [12.259, 1224.0], [12.26, 1958.0], [12.261, 3101.0], [12.262, 913.0], [12.263, 1250.0], [12.264, 2768.0], [12.265, 1356.0], [12.266, 3397.0], [12.267, 1718.0], [12.268, 1521.0], [12.269, 2388.0], [12.27, 1956.0]], "timestamp": "2025-12-20T00:05:26.679305+00:00"}, {"symbol": "AVAXUSDT", "bids": [[12.248, 342.0], [12.247, 988.0], [12.246, 1313.0], [12.245, 1248.0], [12.244, 911.0], [12.243, 1840.0], [12.242, 3276.0], [12.241, 958.0], [12.24, 1176.0], [12.239, 2370.0], [12.238, 1210.0], [12.237, 2309.0], [12.236, 3041.0], [12.235, 3720.0], [12.234, 790.0], [12.233, 2220.0], [12.232, 3228.0], [12.231, 773.0], [12.23, 1745.0], [12.229, 2821.0]], "asks": [[12.249, 1051.0], [12.25, 6410.0], [12.251, 643.0], [12.252, 758.0], [12.253, 1035.0], [12.254, 1306.0], [12.255, 2935.0], [12.256, 2899.0], [12.257, 2638.0], [12.258, 3169.0], [12.259, 964.0], [12.26, 1732.0], [12.261, 3527.0], [12.262, 1697.0], [12.263, 3764.0], [12.264, 2330.0], [12.265, 1356.0], [12.266, 831.0], [12.267, 2110.0], [12.268, 1494.0]], "timestamp": "2025-12-20T00:06:19.686952+00:00"}, {"symbol": "AVAXUSDT", "bids": [[12.246, 512.0], [12.245, 388.0], [12.244, 921.0], [12.243, 1064.0], [12.242, 3017.0], [12.241, 1119.0], [12.24, 1100.0], [12.239, 2588.0], [12.238, 1300.0], [12.237, 2376.0], [12.236, 2817.0], [12.235, 1609.0], [12.234, 1186.0], [12.233, 1967.0], [12.232, 2648.0], [12.231, 4481.0], [12.23, 1758.0], [12.229, 2805.0], [12.228, 14174.0], [12.227, 3855.0]], "asks": [[12.247, 1365.0], [12.248, 5521.0], [12.249, 1078.0], [12.25, 877.0], [12.251, 1468.0], [12.252, 1282.0], [12.253, 1439.0], [12.254, 1653.0], [12.255, 3049.0], [12.256, 2391.0], [12.257, 1568.0], [12.258, 2193.0], [12.259, 960.0], [12.26, 3912.0], [12.261, 4014.0], [12.262, 1250.0], [12.263, 1129.0], [12.264, 1751.0], [12.265, 941.0], [12.266, 1148.0]], "timestamp": "2025-12-20T00:07:11.913964+00:00"}, {"symbol": "AVAXUSDT", "bids": [[12.241, 1067.0], [12.24, 715.0], [12.239, 1758.0], [12.238, 670.0], [12.237, 1736.0], [12.236, 2577.0], [12.235, 842.0], [12.234, 931.0], [12.233, 2094.0], [12.232, 1164.0], [12.231, 1835.0], [12.23, 2910.0], [12.229, 1059.0], [12.228, 1835.0], [12.227, 2263.0], [12.226, 1863.0], [12.225, 3514.0], [12.224, 2010.0], [12.223, 1041.0], [12.222, 2333.0]], "asks": [[12.242, 512.0], [12.243, 523.0], [12.244, 1249.0], [12.245, 1452.0], [12.246, 2897.0], [12.247, 2039.0], [12.248, 1583.0], [12.249, 1952.0], [12.25, 2680.0], [12.251, 3587.0], [12.252, 1077.0], [12.253, 1354.0], [12.254, 2157.0], [12.255, 4400.0], [12.256, 2006.0], [12.257, 970.0], [12.258, 1717.0], [12.259, 874.0], [12.26, 1458.0], [12.261, 1631.0]], "timestamp": "2025-12-20T00:08:04.936588+00:00"}, {"symbol": "AVAXUSDT", "bids": [[12.238, 498.0], [12.237, 540.0], [12.236, 1643.0], [12.235, 2368.0], [12.234, 3419.0], [12.233, 1396.0], [12.232, 1142.0], [12.231, 1582.0], [12.23, 1985.0], [12.229, 1663.0], [12.228, 1207.0], [12.227, 2646.0], [12.226, 1474.0], [12.225, 1119.0], [12.224, 1508.0], [12.223, 1691.0], [12.222, 4346.0], [12.221, 981.0], [12.22, 3015.0], [12.219, 3791.0]], "asks": [[12.239, 1177.0], [12.24, 2613.0], [12.241, 1904.0], [12.242, 1483.0], [12.243, 940.0], [12.244, 1463.0], [12.245, 1458.0], [12.246, 1217.0], [12.247, 1947.0], [12.248, 1360.0], [12.249, 1324.0], [12.25, 2575.0], [12.251, 2609.0], [12.252, 2838.0], [12.253, 1884.0], [12.254, 2281.0], [12.255, 2196.0], [12.256, 685.0], [12.257, 702.0], [12.258, 1622.0]], "timestamp": "2025-12-20T00:08:58.394808+00:00"}, {"symbol": "AVAXUSDT", "bids": [[12.239, 46.0], [12.238, 545.0], [12.237, 1389.0], [12.236, 1277.0], [12.235, 3304.0], [12.234, 2861.0], [12.233, 1411.0], [12.232, 1018.0], [12.231, 1091.0], [12.23, 2100.0], [12.229, 1577.0], [12.228, 1133.0], [12.227, 3154.0], [12.226, 2308.0], [12.225, 1654.0], [12.224, 1252.0], [12.223, 3772.0], [12.222, 1869.0], [12.221, 822.0], [12.22, 2240.0]], "asks": [[12.24, 1388.0], [12.241, 2065.0], [12.242, 1577.0], [12.243, 622.0], [12.244, 1041.0], [12.245, 1496.0], [12.246, 1589.0], [12.247, 2208.0], [12.248, 1446.0], [12.249, 1823.0], [12.25, 3071.0], [12.251, 5310.0], [12.252, 1232.0], [12.253, 1312.0], [12.254, 2512.0], [12.255, 1805.0], [12.256, 814.0], [12.257, 1063.0], [12.258, 1826.0], [12.259, 2732.0]], "timestamp": "2025-12-20T00:09:51.749053+00:00"}, {"symbol": "AVAXUSDT", "bids": [[12.24, 967.0], [12.239, 361.0], [12.238, 1053.0], [12.237, 1848.0], [12.236, 2088.0], [12.235, 3229.0], [12.234, 2601.0], [12.233, 1965.0], [12.232, 1361.0], [12.231, 1237.0], [12.23, 2006.0], [12.229, 1544.0], [12.228, 1376.0], [12.227, 2817.0], [12.226, 3495.0], [12.225, 1579.0], [12.224, 2177.0], [12.223, 1564.0], [12.222, 2882.0], [12.221, 1121.0]], "asks": [[12.241, 1083.0], [12.242, 899.0], [12.243, 633.0], [12.244, 719.0], [12.245, 830.0], [12.246, 1163.0], [12.247, 2192.0], [12.248, 1307.0], [12.249, 1655.0], [12.25, 2685.0], [12.251, 2416.0], [12.252, 1821.0], [12.253, 1151.0], [12.254, 4442.0], [12.255, 2293.0], [12.256, 790.0], [12.257, 1019.0], [12.258, 1881.0], [12.259, 3189.0], [12.26, 15100.0]], "timestamp": "2025-12-20T00:10:45.215541+00:00"}, {"symbol": "AVAXUSDT", "bids": [[12.242, 370.0], [12.241, 1019.0], [12.24, 1869.0], [12.239, 765.0], [12.238, 1286.0], [12.237, 2489.0], [12.236, 1491.0], [12.235, 2874.0], [12.234, 2672.0], [12.233, 1260.0], [12.232, 1121.0], [12.231, 1856.0], [12.23, 2030.0], [12.229, 1033.0], [12.228, 1530.0], [12.227, 2706.0], [12.226, 3286.0], [12.225, 929.0], [12.224, 841.0], [12.223, 1712.0]], "asks": [[12.243, 332.0], [12.244, 1026.0], [12.245, 1200.0], [12.246, 717.0], [12.247, 804.0], [12.248, 1413.0], [12.249, 1533.0], [12.25, 2490.0], [12.251, 968.0], [12.252, 1843.0], [12.253, 1171.0], [12.254, 2010.0], [12.255, 4253.0], [12.256, 1145.0], [12.257, 897.0], [12.258, 1869.0], [12.259, 1083.0], [12.26, 1327.0], [12.261, 1749.0], [12.262, 1109.0]], "timestamp": "2025-12-20T00:11:38.360136+00:00"}, {"symbol": "AVAXUSDT", "bids": [[12.251, 877.0], [12.25, 1260.0], [12.249, 1992.0], [12.248, 621.0], [12.247, 1184.0], [12.246, 4219.0], [12.245, 2868.0], [12.244, 2087.0], [12.243, 2208.0], [12.242, 2081.0], [12.241, 1573.0], [12.24, 2430.0], [12.239, 1438.0], [12.238, 1198.0], [12.237, 2478.0], [12.236, 3467.0], [12.235, 2211.0], [12.234, 1827.0], [12.233, 834.0], [12.232, 1191.0]], "asks": [[12.252, 557.0], [12.253, 253.0], [12.254, 1124.0], [12.255, 258.0], [12.256, 695.0], [12.257, 1228.0], [12.258, 2444.0], [12.259, 1025.0], [12.26, 1256.0], [12.261, 1488.0], [12.262, 611.0], [12.263, 1056.0], [12.264, 3866.0], [12.265, 1746.0], [12.266, 952.0], [12.267, 2188.0], [12.268, 1101.0], [12.269, 2293.0], [12.27, 3028.0], [12.271, 1426.0]], "timestamp": "2025-12-20T00:12:33.451533+00:00"}, {"symbol": "AVAXUSDT", "bids": [[12.259, 645.0], [12.258, 1341.0], [12.257, 518.0], [12.256, 1438.0], [12.255, 2733.0], [12.254, 1682.0], [12.253, 1814.0], [12.252, 2488.0], [12.251, 1409.0], [12.25, 1771.0], [12.249, 2312.0], [12.248, 2884.0], [12.247, 2561.0], [12.246, 1992.0], [12.245, 888.0], [12.244, 1256.0], [12.243, 3897.0], [12.242, 846.0], [12.241, 1445.0], [12.24, 2301.0]], "asks": [[12.26, 1047.0], [12.261, 651.0], [12.262, 7704.0], [12.263, 1911.0], [12.264, 1450.0], [12.265, 605.0], [12.266, 587.0], [12.267, 2200.0], [12.268, 1725.0], [12.269, 2581.0], [12.27, 2177.0], [12.271, 921.0], [12.272, 1078.0], [12.273, 1504.0], [12.274, 929.0], [12.275, 3810.0], [12.276, 1907.0], [12.277, 1393.0], [12.278, 675.0], [12.279, 946.0]], "timestamp": "2025-12-20T00:13:26.904459+00:00"}, {"symbol": "AVAXUSDT", "bids": [[12.259, 1577.0], [12.258, 225.0], [12.257, 1390.0], [12.256, 2149.0], [12.255, 858.0], [12.254, 1218.0], [12.253, 944.0], [12.252, 2576.0], [12.251, 1815.0], [12.25, 4314.0], [12.249, 2134.0], [12.248, 2028.0], [12.247, 1415.0], [12.246, 2234.0], [12.245, 1198.0], [12.244, 1155.0], [12.243, 1660.0], [12.242, 910.0], [12.241, 1523.0], [12.24, 2537.0]], "asks": [[12.26, 487.0], [12.261, 357.0], [12.262, 982.0], [12.263, 1979.0], [12.264, 6946.0], [12.265, 1163.0], [12.266, 1933.0], [12.267, 2212.0], [12.268, 2513.0], [12.269, 1170.0], [12.27, 1295.0], [12.271, 2048.0], [12.272, 957.0], [12.273, 783.0], [12.274, 1977.0], [12.275, 1865.0], [12.276, 1403.0], [12.277, 4815.0], [12.278, 2060.0], [12.279, 2024.0]], "timestamp": "2025-12-20T00:14:20.806366+00:00"}, {"symbol": "AVAXUSDT", "bids": [[12.259, 133.0], [12.258, 562.0], [12.257, 1569.0], [12.256, 2209.0], [12.255, 1762.0], [12.254, 2693.0], [12.253, 3325.0], [12.252, 2817.0], [12.251, 2276.0], [12.25, 3065.0], [12.249, 1898.0], [12.248, 1825.0], [12.247, 4235.0], [12.246, 2233.0], [12.245, 1053.0], [12.244, 1116.0], [12.243, 1933.0], [12.242, 1060.0], [12.241, 1316.0], [12.24, 2287.0]], "asks": [[12.26, 912.0], [12.261, 5934.0], [12.262, 714.0], [12.263, 183.0], [12.264, 1282.0], [12.265, 7082.0], [12.266, 1835.0], [12.267, 1347.0], [12.268, 1932.0], [12.269, 612.0], [12.27, 1096.0], [12.271, 2175.0], [12.272, 1546.0], [12.273, 3847.0], [12.274, 2182.0], [12.275, 1798.0], [12.276, 1149.0], [12.277, 1728.0], [12.278, 951.0], [12.279, 1942.0]], "timestamp": "2025-12-20T00:15:23.008406+00:00"}, {"symbol": "AVAXUSDT", "bids": [[12.256, 636.0], [12.255, 928.0], [12.254, 830.0], [12.253, 1985.0], [12.252, 881.0], [12.251, 1517.0], [12.25, 2162.0], [12.249, 1346.0], [12.248, 2118.0], [12.247, 5562.0], [12.246, 2876.0], [12.245, 1458.0], [12.244, 1559.0], [12.243, 1983.0], [12.242, 1149.0], [12.241, 1359.0], [12.24, 1868.0], [12.239, 2605.0], [12.238, 14187.0], [12.237, 1674.0]], "asks": [[12.257, 33.0], [12.258, 552.0], [12.259, 6568.0], [12.26, 2338.0], [12.261, 2472.0], [12.262, 8281.0], [12.263, 1550.0], [12.264, 2543.0], [12.265, 2255.0], [12.266, 1234.0], [12.267, 1124.0], [12.268, 2154.0], [12.269, 847.0], [12.27, 1535.0], [12.271, 5122.0], [12.272, 1567.0], [12.273, 946.0], [12.274, 2094.0], [12.275, 903.0], [12.276, 1055.0]], "timestamp": "2025-12-20T00:16:16.472022+00:00"}]