[{"id": "530389775", "price": 12.251, "amount": 412.0, "side": "buy", "timestamp": 1766188801321}, {"id": "530389776", "price": 12.251, "amount": 253.0, "side": "buy", "timestamp": 1766188801424}, {"id": "530389777", "price": 12.251, "amount": 8.0, "side": "sell", "timestamp": 1766188801457}, {"id": "530389778", "price": 12.252, "amount": 1.0, "side": "buy", "timestamp": 1766188801503}, {"id": "530389779", "price": 12.251, "amount": 1.0, "side": "sell", "timestamp": 1766188802752}, {"id": "530389780", "price": 12.251, "amount": 5.0, "side": "sell", "timestamp": 1766188803025}, {"id": "530389781", "price": 12.251, "amount": 144.0, "side": "sell", "timestamp": 1766188803392}, {"id": "530389782", "price": 12.251, "amount": 165.0, "side": "sell", "timestamp": 1766188803965}, {"id": "530389783", "price": 12.25, "amount": 202.0, "side": "sell", "timestamp": 1766188804036}, {"id": "530389784", "price": 12.249, "amount": 8.0, "side": "sell", "timestamp": 1766188804087}, {"id": "530389785", "price": 12.249, "amount": 4.0, "side": "sell", "timestamp": 1766188804493}, {"id": "530389786", "price": 12.249, "amount": 1.0, "side": "sell", "timestamp": 1766188805355}, {"id": "530389787", "price": 12.249, "amount": 5.0, "side": "buy", "timestamp": 1766188805407}, {"id": "530389788", "price": 12.249, "amount": 1.0, "side": "buy", "timestamp": 1766188805512}, {"id": "530389789", "price": 12.249, "amount": 7.0, "side": "buy", "timestamp": 1766188805626}, {"id": "530389790", "price": 12.248, "amount": 2002.0, "side": "sell", "timestamp": 1766188805887}, {"id": "530389791", "price": 12.247, "amount": 9.0, "side": "sell", "timestamp": 1766188806697}, {"id": "530389792", "price": 12.247, "amount": 6.0, "side": "sell", "timestamp": 1766188806926}, {"id": "530389793", "price": 12.247, "amount": 31.0, "side": "sell", "timestamp": 1766188808064}, {"id": "530389794", "price": 12.248, "amount": 22.0, "side": "buy", "timestamp": 1766188809531}, {"id": "530389795", "price": 12.247, "amount": 1.0, "side": "sell", "timestamp": 1766188809726}, {"id": "530389796", "price": 12.247, "amount": 8.0, "side": "sell", "timestamp": 1766188810188}, {"id": "530389797", "price": 12.248, "amount": 38.0, "side": "buy", "timestamp": 1766188810693}, {"id": "530389798", "price": 12.247, "amount": 13.0, "side": "sell", "timestamp": 1766188810884}, {"id": "530389799", "price": 12.248, "amount": 91.0, "side": "buy", "timestamp": 1766188810886}, {"id": "530389800", "price": 12.248, "amount": 24.0, "side": "buy", "timestamp": 1766188811009}, {"id": "530389801", "price": 12.248, "amount": 216.0, "side": "buy", "timestamp": 1766188811361}, {"id": "530389802", "price": 12.249, "amount": 57.0, "side": "buy", "timestamp": 1766188811455}, {"id": "530389803", "price": 12.25, "amount": 40.0, "side": "buy", "timestamp": 1766188811712}, {"id": "530389804", "price": 12.25, "amount": 12.0, "side": "buy", "timestamp": 1766188811836}, {"id": "530389805", "price": 12.25, "amount": 11.0, "side": "sell", "timestamp": 1766188812001}, {"id": "530389806", "price": 12.251, "amount": 204.0, "side": "buy", "timestamp": 1766188813235}, {"id": "530389807", "price": 12.252, "amount": 29.0, "side": "buy", "timestamp": 1766188813262}, {"id": "530389808", "price": 12.252, "amount": 4.0, "side": "sell", "timestamp": 1766188813655}, {"id": "530389809", "price": 12.253, "amount": 2.0, "side": "buy", "timestamp": 1766188815859}, {"id": "530389810", "price": 12.252, "amount": 22.0, "side": "sell", "timestamp": 1766188816440}, {"id": "530389811", "price": 12.252, "amount": 269.0, "side": "sell", "timestamp": 1766188817061}, {"id": "530389812", "price": 12.251, "amount": 72.0, "side": "sell", "timestamp": 1766188817112}, {"id": "530389813", "price": 12.251, "amount": 3.0, "side": "buy", "timestamp": 1766188817296}, {"id": "530389814", "price": 12.251, "amount": 173.0, "side": "buy", "timestamp": 1766188817585}, {"id": "530389815", "price": 12.252, "amount": 1.0, "side": "buy", "timestamp": 1766188817732}, {"id": "530389816", "price": 12.251, "amount": 5.0, "side": "sell", "timestamp": 1766188818292}, {"id": "530389817", "price": 12.252, "amount": 21.0, "side": "buy", "timestamp": 1766188818423}, {"id": "530389818", "price": 12.252, "amount": 1.0, "side": "buy", "timestamp": 1766188818641}, {"id": "530389819", "price": 12.253, "amount": 20.0, "side": "buy", "timestamp": 1766188818641}, {"id": "530389820", "price": 12.252, "amount": 1.0, "side": "sell", "timestamp": 1766188820986}, {"id": "530389821", "price": 12.252, "amount": 2.0, "side": "sell", "timestamp": 1766188821393}, {"id": "530389822", "price": 12.251, "amount": 36.0, "side": "sell", "timestamp": 1766188821405}, {"id": "530389823", "price": 12.251, "amount": 5.0, "side": "buy", "timestamp": 1766188825966}, {"id": "530389824", "price": 12.251, "amount": 6.0, "side": "buy", "timestamp": 1766188828549}, {"id": "530389853", "price": 12.251, "amount": 2.0, "side": "sell", "timestamp": 1766188862012}, {"id": "530389854", "price": 12.251, "amount": 1.0, "side": "sell", "timestamp": 1766188862199}, {"id": "530389855", "price": 12.251, "amount": 3.0, "side": "sell", "timestamp": 1766188863467}, {"id": "530389856", "price": 12.252, "amount": 1.0, "side": "buy", "timestamp": 1766188863530}, {"id": "530389857", "price": 12.252, "amount": 322.0, "side": "buy", "timestamp": 1766188864312}, {"id": "530389858", "price": 12.253, "amount": 3.0, "side": "buy", "timestamp": 1766188864757}, {"id": "530389859", "price": 12.253, "amount": 1.0, "side": "buy", "timestamp": 1766188865742}, {"id": "530389860", "price": 12.253, "amount": 2.0, "side": "buy", "timestamp": 1766188866170}, {"id": "530389861", "price": 12.252, "amount": 2.0, "side": "sell", "timestamp": 1766188867874}, {"id": "530389862", "price": 12.253, "amount": 165.0, "side": "buy", "timestamp": 1766188868548}, {"id": "530389863", "price": 12.254, "amount": 69.0, "side": "buy", "timestamp": 1766188869473}, {"id": "530389864", "price": 12.255, "amount": 6.0, "side": "buy", "timestamp": 1766188870459}, {"id": "530389865", "price": 12.255, "amount": 60.0, "side": "buy", "timestamp": 1766188870805}, {"id": "530389866", "price": 12.256, "amount": 4.0, "side": "buy", "timestamp": 1766188870973}, {"id": "530389867", "price": 12.256, "amount": 4.0, "side": "buy", "timestamp": 1766188871150}, {"id": "530389868", "price": 12.256, "amount": 2.0, "side": "buy", "timestamp": 1766188872147}, {"id": "530389869", "price": 12.256, "amount": 519.0, "side": "buy", "timestamp": 1766188873014}, {"id": "530389870", "price": 12.257, "amount": 580.0, "side": "buy", "timestamp": 1766188873021}, {"id": "530389871", "price": 12.258, "amount": 123.0, "side": "buy", "timestamp": 1766188873024}, {"id": "530389872", "price": 12.259, "amount": 113.0, "side": "buy", "timestamp": 1766188873027}, {"id": "530389873", "price": 12.258, "amount": 3.0, "side": "sell", "timestamp": 1766188873083}, {"id": "530389874", "price": 12.259, "amount": 14.0, "side": "buy", "timestamp": 1766188873221}, {"id": "530389875", "price": 12.259, "amount": 2.0, "side": "buy", "timestamp": 1766188874018}, {"id": "530389876", "price": 12.259, "amount": 1.0, "side": "buy", "timestamp": 1766188876876}, {"id": "530389877", "price": 12.258, "amount": 53.0, "side": "sell", "timestamp": 1766188877000}, {"id": "530389878", "price": 12.259, "amount": 1.0, "side": "buy", "timestamp": 1766188878478}, {"id": "530389879", "price": 12.258, "amount": 5.0, "side": "sell", "timestamp": 1766188878718}, {"id": "530389880", "price": 12.259, "amount": 16.0, "side": "buy", "timestamp": 1766188879140}, {"id": "530389881", "price": 12.258, "amount": 1.0, "side": "sell", "timestamp": 1766188880972}, {"id": "530389882", "price": 12.258, "amount": 1.0, "side": "sell", "timestamp": 1766188881633}, {"id": "530389883", "price": 12.259, "amount": 2.0, "side": "buy", "timestamp": 1766188881913}, {"id": "530389884", "price": 12.259, "amount": 606.0, "side": "buy", "timestamp": 1766188882328}, {"id": "530389885", "price": 12.26, "amount": 275.0, "side": "buy", "timestamp": 1766188883761}, {"id": "530389886", "price": 12.261, "amount": 2.0, "side": "buy", "timestamp": 1766188883788}, {"id": "530389887", "price": 12.262, "amount": 1.0, "side": "buy", "timestamp": 1766188884515}, {"id": "530389888", "price": 12.262, "amount": 248.0, "side": "buy", "timestamp": 1766188885190}, {"id": "530389889", "price": 12.263, "amount": 21.0, "side": "buy", "timestamp": 1766188885386}, {"id": "530389890", "price": 12.264, "amount": 1.0, "side": "buy", "timestamp": 1766188885395}, {"id": "530389891", "price": 12.263, "amount": 1.0, "side": "sell", "timestamp": 1766188885561}, {"id": "530389892", "price": 12.264, "amount": 1.0, "side": "buy", "timestamp": 1766188885949}, {"id": "530389893", "price": 12.263, "amount": 1.0, "side": "sell", "timestamp": 1766188888517}, {"id": "530389894", "price": 12.264, "amount": 7.0, "side": "buy", "timestamp": 1766188888542}, {"id": "530389895", "price": 12.264, "amount": 13.0, "side": "buy", "timestamp": 1766188888696}, {"id": "530389896", "price": 12.264, "amount": 121.0, "side": "buy", "timestamp": 1766188889253}, {"id": "530389897", "price": 12.263, "amount": 1174.0, "side": "sell", "timestamp": 1766188889385}, {"id": "530389898", "price": 12.263, "amount": 13.0, "side": "buy", "timestamp": 1766188889394}, {"id": "530389899", "price": 12.262, "amount": 4.0, "side": "sell", "timestamp": 1766188889510}, {"id": "530389900", "price": 12.262, "amount": 2.0, "side": "buy", "timestamp": 1766188890095}, {"id": "530389901", "price": 12.261, "amount": 65.0, "side": "sell", "timestamp": 1766188890646}, {"id": "530389902", "price": 12.262, "amount": 1.0, "side": "buy", "timestamp": 1766188890736}, {"id": "530389956", "price": 12.257, "amount": 648.0, "side": "sell", "timestamp": 1766188930385}, {"id": "530389957", "price": 12.257, "amount": 5.0, "side": "buy", "timestamp": 1766188930616}, {"id": "530389958", "price": 12.256, "amount": 60.0, "side": "sell", "timestamp": 1766188930641}, {"id": "530389959", "price": 12.257, "amount": 2.0, "side": "buy", "timestamp": 1766188931645}, {"id": "530389960", "price": 12.256, "amount": 3.0, "side": "sell", "timestamp": 1766188931965}, {"id": "530389961", "price": 12.257, "amount": 12.0, "side": "buy", "timestamp": 1766188932653}, {"id": "530389962", "price": 12.257, "amount": 1.0, "side": "buy", "timestamp": 1766188932864}, {"id": "530389963", "price": 12.257, "amount": 660.0, "side": "buy", "timestamp": 1766188933055}, {"id": "530389964", "price": 12.258, "amount": 80.0, "side": "buy", "timestamp": 1766188933064}, {"id": "530389965", "price": 12.257, "amount": 4.0, "side": "sell", "timestamp": 1766188933536}, {"id": "530389966", "price": 12.258, "amount": 1.0, "side": "buy", "timestamp": 1766188933793}, {"id": "530389967", "price": 12.257, "amount": 119.0, "side": "sell", "timestamp": 1766188935105}, {"id": "530389968", "price": 12.256, "amount": 2.0, "side": "sell", "timestamp": 1766188935133}, {"id": "530389969", "price": 12.257, "amount": 1.0, "side": "buy", "timestamp": 1766188937454}, {"id": "530389970", "price": 12.257, "amount": 1.0, "side": "buy", "timestamp": 1766188938012}, {"id": "530389971", "price": 12.257, "amount": 3.0, "side": "buy", "timestamp": 1766188939213}, {"id": "530389972", "price": 12.257, "amount": 1.0, "side": "buy", "timestamp": 1766188939746}, {"id": "530389973", "price": 12.256, "amount": 1.0, "side": "sell", "timestamp": 1766188941290}, {"id": "530389974", "price": 12.256, "amount": 39.0, "side": "sell", "timestamp": 1766188942487}, {"id": "530389975", "price": 12.255, "amount": 386.0, "side": "sell", "timestamp": 1766188942490}, {"id": "530389976", "price": 12.254, "amount": 285.0, "side": "sell", "timestamp": 1766188942520}, {"id": "530389977", "price": 12.254, "amount": 40.0, "side": "buy", "timestamp": 1766188942665}, {"id": "530389978", "price": 12.253, "amount": 57.0, "side": "sell", "timestamp": 1766188942836}, {"id": "530389979", "price": 12.252, "amount": 80.0, "side": "sell", "timestamp": 1766188942836}, {"id": "530389980", "price": 12.252, "amount": 914.0, "side": "sell", "timestamp": 1766188942987}, {"id": "530389981", "price": 12.251, "amount": 100.0, "side": "sell", "timestamp": 1766188943029}, {"id": "530389982", "price": 12.25, "amount": 77.0, "side": "sell", "timestamp": 1766188943387}, {"id": "530389983", "price": 12.249, "amount": 68.0, "side": "sell", "timestamp": 1766188943394}, {"id": "530389984", "price": 12.249, "amount": 3.0, "side": "buy", "timestamp": 1766188943593}, {"id": "530389985", "price": 12.249, "amount": 2.0, "side": "buy", "timestamp": 1766188945004}, {"id": "530389986", "price": 12.248, "amount": 31.0, "side": "sell", "timestamp": 1766188945431}, {"id": "530389987", "price": 12.247, "amount": 25.0, "side": "sell", "timestamp": 1766188946094}, {"id": "530389988", "price": 12.246, "amount": 179.0, "side": "sell", "timestamp": 1766188946209}, {"id": "530389989", "price": 12.246, "amount": 1.0, "side": "buy", "timestamp": 1766188946219}, {"id": "530389990", "price": 12.246, "amount": 1.0, "side": "buy", "timestamp": 1766188946404}, {"id": "530389991", "price": 12.245, "amount": 308.0, "side": "sell", "timestamp": 1766188947872}, {"id": "530389992", "price": 12.244, "amount": 103.0, "side": "sell", "timestamp": 1766188948091}, {"id": "530389993", "price": 12.243, "amount": 162.0, "side": "sell", "timestamp": 1766188948098}, {"id": "530389994", "price": 12.243, "amount": 735.0, "side": "sell", "timestamp": 1766188948206}, {"id": "530389995", "price": 12.243, "amount": 337.0, "side": "buy", "timestamp": 1766188949096}, {"id": "530389996", "price": 12.243, "amount": 51.0, "side": "sell", "timestamp": 1766188949114}, {"id": "530389997", "price": 12.243, "amount": 17.0, "side": "sell", "timestamp": 1766188949219}, {"id": "530389998", "price": 12.244, "amount": 421.0, "side": "buy", "timestamp": 1766188949410}, {"id": "530389999", "price": 12.245, "amount": 40.0, "side": "buy", "timestamp": 1766188949415}, {"id": "530390000", "price": 12.246, "amount": 122.0, "side": "buy", "timestamp": 1766188949643}, {"id": "530390001", "price": 12.246, "amount": 5.0, "side": "sell", "timestamp": 1766188949647}, {"id": "530390002", "price": 12.247, "amount": 130.0, "side": "buy", "timestamp": 1766188949649}, {"id": "530390003", "price": 12.248, "amount": 1.0, "side": "buy", "timestamp": 1766188949850}, {"id": "530390004", "price": 12.248, "amount": 438.0, "side": "buy", "timestamp": 1766188951564}, {"id": "530390005", "price": 12.249, "amount": 311.0, "side": "buy", "timestamp": 1766188953646}, {"id": "530390012", "price": 12.248, "amount": 3.0, "side": "sell", "timestamp": 1766188958184}, {"id": "530390013", "price": 12.247, "amount": 22.0, "side": "sell", "timestamp": 1766188958302}, {"id": "530390014", "price": 12.246, "amount": 126.0, "side": "sell", "timestamp": 1766188958352}, {"id": "530390015", "price": 12.247, "amount": 1.0, "side": "buy", "timestamp": 1766188964056}, {"id": "530390016", "price": 12.247, "amount": 204.0, "side": "buy", "timestamp": 1766188965524}, {"id": "530390017", "price": 12.247, "amount": 2.0, "side": "sell", "timestamp": 1766188965654}, {"id": "530390018", "price": 12.247, "amount": 1.0, "side": "sell", "timestamp": 1766188966184}, {"id": "530390019", "price": 12.247, "amount": 12.0, "side": "sell", "timestamp": 1766188966389}, {"id": "530390020", "price": 12.247, "amount": 18.0, "side": "sell", "timestamp": 1766188966532}, {"id": "530390021", "price": 12.248, "amount": 2.0, "side": "buy", "timestamp": 1766188968050}, {"id": "530390022", "price": 12.247, "amount": 5.0, "side": "sell", "timestamp": 1766188969690}, {"id": "530390023", "price": 12.248, "amount": 460.0, "side": "buy", "timestamp": 1766188970930}, {"id": "530390024", "price": 12.248, "amount": 2.0, "side": "sell", "timestamp": 1766188971621}, {"id": "530390025", "price": 12.248, "amount": 31.0, "side": "sell", "timestamp": 1766188974995}, {"id": "530390026", "price": 12.248, "amount": 91.0, "side": "buy", "timestamp": 1766188975035}, {"id": "530390027", "price": 12.247, "amount": 250.0, "side": "sell", "timestamp": 1766188975826}, {"id": "530390028", "price": 12.246, "amount": 404.0, "side": "sell", "timestamp": 1766188975826}, {"id": "530390029", "price": 12.247, "amount": 740.0, "side": "buy", "timestamp": 1766188976302}, {"id": "530390030", "price": 12.248, "amount": 360.0, "side": "buy", "timestamp": 1766188976325}, {"id": "530390031", "price": 12.248, "amount": 1.0, "side": "sell", "timestamp": 1766188977715}, {"id": "530390032", "price": 12.249, "amount": 1.0, "side": "buy", "timestamp": 1766188978080}, {"id": "530390033", "price": 12.248, "amount": 1.0, "side": "sell", "timestamp": 1766188980170}, {"id": "530390034", "price": 12.249, "amount": 383.0, "side": "buy", "timestamp": 1766188980190}, {"id": "530390035", "price": 12.249, "amount": 5.0, "side": "sell", "timestamp": 1766188981325}, {"id": "530390036", "price": 12.25, "amount": 519.0, "side": "buy", "timestamp": 1766188983153}, {"id": "530390037", "price": 12.251, "amount": 5.0, "side": "buy", "timestamp": 1766188983165}, {"id": "530390038", "price": 12.252, "amount": 3.0, "side": "buy", "timestamp": 1766188983445}, {"id": "530390039", "price": 12.252, "amount": 1.0, "side": "buy", "timestamp": 1766188985622}, {"id": "530390040", "price": 12.252, "amount": 8.0, "side": "buy", "timestamp": 1766188986179}, {"id": "530390041", "price": 12.252, "amount": 318.0, "side": "buy", "timestamp": 1766188987946}, {"id": "530390042", "price": 12.253, "amount": 4.0, "side": "buy", "timestamp": 1766188988064}, {"id": "530390043", "price": 12.253, "amount": 488.0, "side": "buy", "timestamp": 1766188988415}, {"id": "530390044", "price": 12.254, "amount": 242.0, "side": "buy", "timestamp": 1766188988865}, {"id": "530390045", "price": 12.254, "amount": 1.0, "side": "sell", "timestamp": 1766188989268}, {"id": "530390046", "price": 12.254, "amount": 2.0, "side": "sell", "timestamp": 1766188989443}, {"id": "530390047", "price": 12.254, "amount": 32.0, "side": "buy", "timestamp": 1766188990620}, {"id": "530390048", "price": 12.255, "amount": 4.0, "side": "buy", "timestamp": 1766188991665}, {"id": "530390049", "price": 12.255, "amount": 4.0, "side": "buy", "timestamp": 1766188993303}, {"id": "530390050", "price": 12.254, "amount": 83.0, "side": "sell", "timestamp": 1766188994667}, {"id": "530390051", "price": 12.254, "amount": 1.0, "side": "sell", "timestamp": 1766188995047}, {"id": "530390052", "price": 12.254, "amount": 1.0, "side": "sell", "timestamp": 1766188997538}, {"id": "530390053", "price": 12.255, "amount": 1.0, "side": "buy", "timestamp": 1766188998081}, {"id": "530390054", "price": 12.255, "amount": 4.0, "side": "buy", "timestamp": 1766188999041}, {"id": "530390055", "price": 12.255, "amount": 3.0, "side": "buy", "timestamp": 1766188999225}, {"id": "530390056", "price": 12.255, "amount": 6.0, "side": "buy", "timestamp": 1766189002560}, {"id": "530390057", "price": 12.255, "amount": 414.0, "side": "buy", "timestamp": 1766189002737}, {"id": "530390058", "price": 12.256, "amount": 80.0, "side": "buy", "timestamp": 1766189002738}, {"id": "530390059", "price": 12.256, "amount": 93.0, "side": "buy", "timestamp": 1766189004081}, {"id": "530390060", "price": 12.256, "amount": 16.0, "side": "buy", "timestamp": 1766189006534}, {"id": "530390061", "price": 12.255, "amount": 10.0, "side": "sell", "timestamp": 1766189008283}, {"id": "530390050", "price": 12.254, "amount": 83.0, "side": "sell", "timestamp": 1766188994667}, {"id": "530390051", "price": 12.254, "amount": 1.0, "side": "sell", "timestamp": 1766188995047}, {"id": "530390052", "price": 12.254, "amount": 1.0, "side": "sell", "timestamp": 1766188997538}, {"id": "530390053", "price": 12.255, "amount": 1.0, "side": "buy", "timestamp": 1766188998081}, {"id": "530390054", "price": 12.255, "amount": 4.0, "side": "buy", "timestamp": 1766188999041}, {"id": "530390055", "price": 12.255, "amount": 3.0, "side": "buy", "timestamp": 1766188999225}, {"id": "530390056", "price": 12.255, "amount": 6.0, "side": "buy", "timestamp": 1766189002560}, {"id": "530390057", "price": 12.255, "amount": 414.0, "side": "buy", "timestamp": 1766189002737}, {"id": "530390058", "price": 12.256, "amount": 80.0, "side": "buy", "timestamp": 1766189002738}, {"id": "530390059", "price": 12.256, "amount": 93.0, "side": "buy", "timestamp": 1766189004081}, {"id": "530390060", "price": 12.256, "amount": 16.0, "side": "buy", "timestamp": 1766189006534}, {"id": "530390061", "price": 12.255, "amount": 10.0, "side": "sell", "timestamp": 1766189008283}, {"id": "530390062", "price": 12.256, "amount": 5.0, "side": "buy", "timestamp": 1766189010208}, {"id": "530390063", "price": 12.256, "amount": 488.0, "side": "buy", "timestamp": 1766189010499}, {"id": "530390064", "price": 12.257, "amount": 276.0, "side": "buy", "timestamp": 1766189010499}, {"id": "530390065", "price": 12.258, "amount": 1.0, "side": "buy", "timestamp": 1766189014834}, {"id": "530390066", "price": 12.257, "amount": 2.0, "side": "sell", "timestamp": 1766189021070}, {"id": "530390067", "price": 12.258, "amount": 1.0, "side": "buy", "timestamp": 1766189025818}, {"id": "530390068", "price": 12.257, "amount": 8.0, "side": "sell", "timestamp": 1766189025865}, {"id": "530390069", "price": 12.258, "amount": 16.0, "side": "buy", "timestamp": 1766189027265}, {"id": "530390070", "price": 12.258, "amount": 1.0, "side": "buy", "timestamp": 1766189028823}, {"id": "530390071", "price": 12.257, "amount": 1.0, "side": "sell", "timestamp": 1766189029705}, {"id": "530390072", "price": 12.258, "amount": 134.0, "side": "buy", "timestamp": 1766189032348}, {"id": "530390073", "price": 12.258, "amount": 407.0, "side": "buy", "timestamp": 1766189034213}, {"id": "530390074", "price": 12.257, "amount": 2.0, "side": "sell", "timestamp": 1766189040722}, {"id": "530390075", "price": 12.257, "amount": 1.0, "side": "sell", "timestamp": 1766189040939}, {"id": "530390076", "price": 12.257, "amount": 2.0, "side": "sell", "timestamp": 1766189041081}, {"id": "530390077", "price": 12.258, "amount": 4.0, "side": "buy", "timestamp": 1766189041419}, {"id": "530390078", "price": 12.258, "amount": 1.0, "side": "buy", "timestamp": 1766189042570}, {"id": "530390079", "price": 12.258, "amount": 2.0, "side": "buy", "timestamp": 1766189043774}, {"id": "530390080", "price": 12.257, "amount": 1.0, "side": "sell", "timestamp": 1766189044233}, {"id": "530390081", "price": 12.258, "amount": 18.0, "side": "buy", "timestamp": 1766189047445}, {"id": "530390082", "price": 12.257, "amount": 3.0, "side": "sell", "timestamp": 1766189049737}, {"id": "530390083", "price": 12.257, "amount": 3.0, "side": "sell", "timestamp": 1766189049879}, {"id": "530390084", "price": 12.257, "amount": 2.0, "side": "sell", "timestamp": 1766189049983}, {"id": "530390085", "price": 12.257, "amount": 2042.0, "side": "sell", "timestamp": 1766189051485}, {"id": "530390086", "price": 12.256, "amount": 375.0, "side": "sell", "timestamp": 1766189051782}, {"id": "530390087", "price": 12.256, "amount": 37.0, "side": "buy", "timestamp": 1766189053183}, {"id": "530390088", "price": 12.256, "amount": 1.0, "side": "buy", "timestamp": 1766189056941}, {"id": "530390089", "price": 12.255, "amount": 82.0, "side": "sell", "timestamp": 1766189058017}, {"id": "530390090", "price": 12.256, "amount": 1.0, "side": "buy", "timestamp": 1766189058872}, {"id": "530390091", "price": 12.256, "amount": 798.0, "side": "buy", "timestamp": 1766189060321}, {"id": "530390092", "price": 12.256, "amount": 2677.0, "side": "buy", "timestamp": 1766189062184}, {"id": "530390093", "price": 12.257, "amount": 1946.0, "side": "buy", "timestamp": 1766189062189}, {"id": "530390094", "price": 12.258, "amount": 2.0, "side": "buy", "timestamp": 1766189064141}, {"id": "530390095", "price": 12.257, "amount": 1.0, "side": "sell", "timestamp": 1766189066698}, {"id": "530390096", "price": 12.258, "amount": 5.0, "side": "buy", "timestamp": 1766189067849}, {"id": "530390097", "price": 12.258, "amount": 1018.0, "side": "buy", "timestamp": 1766189069482}, {"id": "530390098", "price": 12.257, "amount": 27.0, "side": "sell", "timestamp": 1766189071284}, {"id": "530390099", "price": 12.257, "amount": 2.0, "side": "sell", "timestamp": 1766189071949}, {"id": "530390101", "price": 12.257, "amount": 155.0, "side": "sell", "timestamp": 1766189073946}, {"id": "530390102", "price": 12.257, "amount": 46.0, "side": "sell", "timestamp": 1766189074239}, {"id": "530390103", "price": 12.256, "amount": 3.0, "side": "sell", "timestamp": 1766189074400}, {"id": "530390104", "price": 12.255, "amount": 33.0, "side": "sell", "timestamp": 1766189074848}, {"id": "530390105", "price": 12.254, "amount": 463.0, "side": "sell", "timestamp": 1766189074848}, {"id": "530390106", "price": 12.255, "amount": 1.0, "side": "buy", "timestamp": 1766189076642}, {"id": "530390107", "price": 12.255, "amount": 1.0, "side": "buy", "timestamp": 1766189077161}, {"id": "530390108", "price": 12.254, "amount": 1.0, "side": "sell", "timestamp": 1766189078073}, {"id": "530390109", "price": 12.255, "amount": 2086.0, "side": "buy", "timestamp": 1766189081089}, {"id": "530390110", "price": 12.256, "amount": 117.0, "side": "buy", "timestamp": 1766189081097}, {"id": "530390111", "price": 12.257, "amount": 11.0, "side": "buy", "timestamp": 1766189081208}, {"id": "530390112", "price": 12.258, "amount": 4.0, "side": "buy", "timestamp": 1766189082659}, {"id": "530390113", "price": 12.257, "amount": 8.0, "side": "sell", "timestamp": 1766189085209}, {"id": "530390114", "price": 12.256, "amount": 61.0, "side": "sell", "timestamp": 1766189085210}, {"id": "530390115", "price": 12.256, "amount": 7.0, "side": "sell", "timestamp": 1766189085344}, {"id": "530390116", "price": 12.256, "amount": 1.0, "side": "sell", "timestamp": 1766189085457}, {"id": "530390117", "price": 12.256, "amount": 344.0, "side": "sell", "timestamp": 1766189086322}, {"id": "530390118", "price": 12.255, "amount": 56.0, "side": "sell", "timestamp": 1766189086373}, {"id": "530390119", "price": 12.254, "amount": 16.0, "side": "sell", "timestamp": 1766189086378}, {"id": "530390120", "price": 12.254, "amount": 20.0, "side": "buy", "timestamp": 1766189087780}, {"id": "530390121", "price": 12.255, "amount": 271.0, "side": "buy", "timestamp": 1766189088259}, {"id": "530390122", "price": 12.256, "amount": 5.0, "side": "buy", "timestamp": 1766189088365}, {"id": "530390123", "price": 12.256, "amount": 2.0, "side": "sell", "timestamp": 1766189089773}, {"id": "530390124", "price": 12.257, "amount": 18.0, "side": "buy", "timestamp": 1766189092399}, {"id": "530390125", "price": 12.257, "amount": 6.0, "side": "buy", "timestamp": 1766189093612}, {"id": "530390126", "price": 12.256, "amount": 197.0, "side": "sell", "timestamp": 1766189094195}, {"id": "530390127", "price": 12.255, "amount": 4.0, "side": "sell", "timestamp": 1766189094248}, {"id": "530390128", "price": 12.254, "amount": 24.0, "side": "sell", "timestamp": 1766189097323}, {"id": "530390129", "price": 12.253, "amount": 279.0, "side": "sell", "timestamp": 1766189097331}, {"id": "530390130", "price": 12.252, "amount": 80.0, "side": "sell", "timestamp": 1766189097333}, {"id": "530390131", "price": 12.252, "amount": 21.0, "side": "sell", "timestamp": 1766189099632}, {"id": "530390132", "price": 12.251, "amount": 33.0, "side": "sell", "timestamp": 1766189100989}, {"id": "530390133", "price": 12.251, "amount": 19.0, "side": "buy", "timestamp": 1766189102136}, {"id": "530390134", "price": 12.251, "amount": 88.0, "side": "buy", "timestamp": 1766189102379}, {"id": "530390135", "price": 12.252, "amount": 4.0, "side": "buy", "timestamp": 1766189102413}, {"id": "530390136", "price": 12.252, "amount": 1.0, "side": "sell", "timestamp": 1766189102629}, {"id": "530390137", "price": 12.251, "amount": 3.0, "side": "sell", "timestamp": 1766189103311}, {"id": "530390138", "price": 12.25, "amount": 405.0, "side": "sell", "timestamp": 1766189103311}, {"id": "530390139", "price": 12.251, "amount": 1.0, "side": "buy", "timestamp": 1766189103394}, {"id": "530390140", "price": 12.251, "amount": 6.0, "side": "buy", "timestamp": 1766189105614}, {"id": "530390141", "price": 12.251, "amount": 166.0, "side": "buy", "timestamp": 1766189105909}, {"id": "530390142", "price": 12.251, "amount": 2.0, "side": "sell", "timestamp": 1766189107587}, {"id": "530390143", "price": 12.251, "amount": 6.0, "side": "buy", "timestamp": 1766189107590}, {"id": "530390144", "price": 12.252, "amount": 1.0, "side": "buy", "timestamp": 1766189113577}, {"id": "530390145", "price": 12.252, "amount": 1.0, "side": "buy", "timestamp": 1766189118106}, {"id": "530390146", "price": 12.251, "amount": 139.0, "side": "sell", "timestamp": 1766189120214}, {"id": "530390147", "price": 12.251, "amount": 19.0, "side": "buy", "timestamp": 1766189121584}, {"id": "530390148", "price": 12.251, "amount": 19.0, "side": "buy", "timestamp": 1766189122338}, {"id": "530390149", "price": 12.251, "amount": 1.0, "side": "buy", "timestamp": 1766189123667}, {"id": "530390150", "price": 12.25, "amount": 1.0, "side": "sell", "timestamp": 1766189125452}, {"id": "530390127", "price": 12.255, "amount": 4.0, "side": "sell", "timestamp": 1766189094248}, {"id": "530390128", "price": 12.254, "amount": 24.0, "side": "sell", "timestamp": 1766189097323}, {"id": "530390129", "price": 12.253, "amount": 279.0, "side": "sell", "timestamp": 1766189097331}, {"id": "530390130", "price": 12.252, "amount": 80.0, "side": "sell", "timestamp": 1766189097333}, {"id": "530390131", "price": 12.252, "amount": 21.0, "side": "sell", "timestamp": 1766189099632}, {"id": "530390132", "price": 12.251, "amount": 33.0, "side": "sell", "timestamp": 1766189100989}, {"id": "530390133", "price": 12.251, "amount": 19.0, "side": "buy", "timestamp": 1766189102136}, {"id": "530390134", "price": 12.251, "amount": 88.0, "side": "buy", "timestamp": 1766189102379}, {"id": "530390135", "price": 12.252, "amount": 4.0, "side": "buy", "timestamp": 1766189102413}, {"id": "530390136", "price": 12.252, "amount": 1.0, "side": "sell", "timestamp": 1766189102629}, {"id": "530390137", "price": 12.251, "amount": 3.0, "side": "sell", "timestamp": 1766189103311}, {"id": "530390138", "price": 12.25, "amount": 405.0, "side": "sell", "timestamp": 1766189103311}, {"id": "530390139", "price": 12.251, "amount": 1.0, "side": "buy", "timestamp": 1766189103394}, {"id": "530390140", "price": 12.251, "amount": 6.0, "side": "buy", "timestamp": 1766189105614}, {"id": "530390141", "price": 12.251, "amount": 166.0, "side": "buy", "timestamp": 1766189105909}, {"id": "530390142", "price": 12.251, "amount": 2.0, "side": "sell", "timestamp": 1766189107587}, {"id": "530390143", "price": 12.251, "amount": 6.0, "side": "buy", "timestamp": 1766189107590}, {"id": "530390144", "price": 12.252, "amount": 1.0, "side": "buy", "timestamp": 1766189113577}, {"id": "530390145", "price": 12.252, "amount": 1.0, "side": "buy", "timestamp": 1766189118106}, {"id": "530390146", "price": 12.251, "amount": 139.0, "side": "sell", "timestamp": 1766189120214}, {"id": "530390147", "price": 12.251, "amount": 19.0, "side": "buy", "timestamp": 1766189121584}, {"id": "530390148", "price": 12.251, "amount": 19.0, "side": "buy", "timestamp": 1766189122338}, {"id": "530390149", "price": 12.251, "amount": 1.0, "side": "buy", "timestamp": 1766189123667}, {"id": "530390150", "price": 12.25, "amount": 1.0, "side": "sell", "timestamp": 1766189125452}, {"id": "530390151", "price": 12.251, "amount": 18.0, "side": "buy", "timestamp": 1766189128127}, {"id": "530390152", "price": 12.251, "amount": 30.0, "side": "buy", "timestamp": 1766189128656}, {"id": "530390153", "price": 12.251, "amount": 90.0, "side": "buy", "timestamp": 1766189128869}, {"id": "530390154", "price": 12.252, "amount": 1.0, "side": "buy", "timestamp": 1766189134140}, {"id": "530390155", "price": 12.251, "amount": 1.0, "side": "sell", "timestamp": 1766189134231}, {"id": "530390156", "price": 12.252, "amount": 635.0, "side": "buy", "timestamp": 1766189135378}, {"id": "530390157", "price": 12.253, "amount": 12.0, "side": "buy", "timestamp": 1766189141932}, {"id": "530390158", "price": 12.253, "amount": 11.0, "side": "buy", "timestamp": 1766189142396}, {"id": "530390159", "price": 12.252, "amount": 170.0, "side": "sell", "timestamp": 1766189149593}, {"id": "530390160", "price": 12.252, "amount": 1.0, "side": "buy", "timestamp": 1766189153040}, {"id": "530390161", "price": 12.251, "amount": 365.0, "side": "sell", "timestamp": 1766189154076}, {"id": "530390162", "price": 12.251, "amount": 1.0, "side": "buy", "timestamp": 1766189156193}, {"id": "530390163", "price": 12.25, "amount": 1.0, "side": "sell", "timestamp": 1766189158838}, {"id": "530390164", "price": 12.251, "amount": 1.0, "side": "buy", "timestamp": 1766189159664}, {"id": "530390165", "price": 12.25, "amount": 29.0, "side": "sell", "timestamp": 1766189160093}, {"id": "530390166", "price": 12.25, "amount": 1.0, "side": "sell", "timestamp": 1766189162812}, {"id": "530390167", "price": 12.251, "amount": 2.0, "side": "buy", "timestamp": 1766189164069}, {"id": "530390168", "price": 12.251, "amount": 2.0, "side": "buy", "timestamp": 1766189166319}, {"id": "530390169", "price": 12.25, "amount": 6.0, "side": "sell", "timestamp": 1766189169856}, {"id": "530390170", "price": 12.25, "amount": 1.0, "side": "sell", "timestamp": 1766189170097}, {"id": "530390171", "price": 12.25, "amount": 501.0, "side": "sell", "timestamp": 1766189171809}, {"id": "530390172", "price": 12.249, "amount": 512.0, "side": "sell", "timestamp": 1766189171819}, {"id": "530390173", "price": 12.248, "amount": 1.0, "side": "sell", "timestamp": 1766189174841}, {"id": "530390174", "price": 12.248, "amount": 1.0, "side": "sell", "timestamp": 1766189174979}, {"id": "530390175", "price": 12.249, "amount": 2.0, "side": "buy", "timestamp": 1766189176893}, {"id": "530390176", "price": 12.248, "amount": 1.0, "side": "sell", "timestamp": 1766189179474}, {"id": "530390186", "price": 12.249, "amount": 172.0, "side": "buy", "timestamp": 1766189188842}, {"id": "530390187", "price": 12.248, "amount": 1.0, "side": "sell", "timestamp": 1766189189749}, {"id": "530390188", "price": 12.248, "amount": 1.0, "side": "sell", "timestamp": 1766189189900}, {"id": "530390189", "price": 12.248, "amount": 121.0, "side": "sell", "timestamp": 1766189193534}, {"id": "530390190", "price": 12.249, "amount": 2.0, "side": "buy", "timestamp": 1766189194210}, {"id": "530390191", "price": 12.248, "amount": 1.0, "side": "sell", "timestamp": 1766189194787}, {"id": "530390192", "price": 12.248, "amount": 84.0, "side": "sell", "timestamp": 1766189195231}, {"id": "530390193", "price": 12.249, "amount": 1.0, "side": "buy", "timestamp": 1766189195670}, {"id": "530390194", "price": 12.249, "amount": 5.0, "side": "buy", "timestamp": 1766189196205}, {"id": "530390195", "price": 12.248, "amount": 3.0, "side": "sell", "timestamp": 1766189196262}, {"id": "530390196", "price": 12.249, "amount": 40.0, "side": "buy", "timestamp": 1766189196410}, {"id": "530390197", "price": 12.249, "amount": 40.0, "side": "buy", "timestamp": 1766189196611}, {"id": "530390198", "price": 12.248, "amount": 2.0, "side": "sell", "timestamp": 1766189198323}, {"id": "530390199", "price": 12.248, "amount": 6.0, "side": "sell", "timestamp": 1766189198998}, {"id": "530390200", "price": 12.248, "amount": 1.0, "side": "sell", "timestamp": 1766189200028}, {"id": "530390201", "price": 12.248, "amount": 1.0, "side": "sell", "timestamp": 1766189201219}, {"id": "530390202", "price": 12.248, "amount": 1.0, "side": "sell", "timestamp": 1766189201361}, {"id": "530390203", "price": 12.249, "amount": 7.0, "side": "buy", "timestamp": 1766189202508}, {"id": "530390204", "price": 12.248, "amount": 217.0, "side": "sell", "timestamp": 1766189205420}, {"id": "530390205", "price": 12.247, "amount": 11.0, "side": "sell", "timestamp": 1766189205506}, {"id": "530390206", "price": 12.247, "amount": 98.0, "side": "sell", "timestamp": 1766189206056}, {"id": "530390207", "price": 12.248, "amount": 20.0, "side": "buy", "timestamp": 1766189206275}, {"id": "530390208", "price": 12.248, "amount": 2.0, "side": "buy", "timestamp": 1766189206501}, {"id": "530390209", "price": 12.248, "amount": 2.0, "side": "buy", "timestamp": 1766189206977}, {"id": "530390210", "price": 12.248, "amount": 3.0, "side": "buy", "timestamp": 1766189207878}, {"id": "530390211", "price": 12.247, "amount": 1.0, "side": "sell", "timestamp": 1766189208455}, {"id": "530390212", "price": 12.247, "amount": 446.0, "side": "sell", "timestamp": 1766189208980}, {"id": "530390213", "price": 12.247, "amount": 56.0, "side": "buy", "timestamp": 1766189211756}, {"id": "530390214", "price": 12.246, "amount": 43.0, "side": "sell", "timestamp": 1766189212290}, {"id": "530390215", "price": 12.246, "amount": 40.0, "side": "sell", "timestamp": 1766189212490}, {"id": "530390216", "price": 12.246, "amount": 1.0, "side": "sell", "timestamp": 1766189214414}, {"id": "530390217", "price": 12.246, "amount": 1.0, "side": "sell", "timestamp": 1766189215390}, {"id": "530390218", "price": 12.247, "amount": 11.0, "side": "buy", "timestamp": 1766189215516}, {"id": "530390219", "price": 12.247, "amount": 2.0, "side": "buy", "timestamp": 1766189219353}, {"id": "530390220", "price": 12.247, "amount": 90.0, "side": "buy", "timestamp": 1766189220642}, {"id": "530390221", "price": 12.247, "amount": 1.0, "side": "buy", "timestamp": 1766189221656}, {"id": "530390222", "price": 12.246, "amount": 89.0, "side": "sell", "timestamp": 1766189222813}, {"id": "530390223", "price": 12.247, "amount": 4.0, "side": "buy", "timestamp": 1766189223014}, {"id": "530390224", "price": 12.247, "amount": 3.0, "side": "buy", "timestamp": 1766189223755}, {"id": "530390225", "price": 12.246, "amount": 1.0, "side": "sell", "timestamp": 1766189223960}, {"id": "530390226", "price": 12.247, "amount": 1.0, "side": "buy", "timestamp": 1766189225310}, {"id": "530390227", "price": 12.247, "amount": 4.0, "side": "buy", "timestamp": 1766189225506}, {"id": "530390228", "price": 12.246, "amount": 12.0, "side": "sell", "timestamp": 1766189225883}, {"id": "530390229", "price": 12.247, "amount": 21.0, "side": "buy", "timestamp": 1766189226684}, {"id": "530390230", "price": 12.247, "amount": 4.0, "side": "buy", "timestamp": 1766189227863}, {"id": "530390231", "price": 12.247, "amount": 6.0, "side": "buy", "timestamp": 1766189228560}, {"id": "530390232", "price": 12.247, "amount": 7.0, "side": "buy", "timestamp": 1766189229815}, {"id": "530390233", "price": 12.247, "amount": 2.0, "side": "buy", "timestamp": 1766189229969}, {"id": "530390234", "price": 12.246, "amount": 1.0, "side": "sell", "timestamp": 1766189230262}, {"id": "530390235", "price": 12.247, "amount": 1.0, "side": "buy", "timestamp": 1766189231670}, {"id": "530390262", "price": 12.242, "amount": 24.0, "side": "sell", "timestamp": 1766189254999}, {"id": "530390263", "price": 12.242, "amount": 13.0, "side": "sell", "timestamp": 1766189255107}, {"id": "530390264", "price": 12.243, "amount": 3905.0, "side": "buy", "timestamp": 1766189255202}, {"id": "530390265", "price": 12.244, "amount": 22.0, "side": "buy", "timestamp": 1766189255205}, {"id": "530390266", "price": 12.245, "amount": 138.0, "side": "buy", "timestamp": 1766189255207}, {"id": "530390267", "price": 12.246, "amount": 428.0, "side": "buy", "timestamp": 1766189255216}, {"id": "530390268", "price": 12.247, "amount": 130.0, "side": "buy", "timestamp": 1766189255238}, {"id": "530390269", "price": 12.247, "amount": 13.0, "side": "buy", "timestamp": 1766189255363}, {"id": "530390270", "price": 12.246, "amount": 37.0, "side": "sell", "timestamp": 1766189255813}, {"id": "530390271", "price": 12.247, "amount": 11.0, "side": "buy", "timestamp": 1766189255964}, {"id": "530390272", "price": 12.246, "amount": 214.0, "side": "sell", "timestamp": 1766189256276}, {"id": "530390273", "price": 12.245, "amount": 3.0, "side": "sell", "timestamp": 1766189256359}, {"id": "530390274", "price": 12.244, "amount": 6.0, "side": "sell", "timestamp": 1766189256543}, {"id": "530390275", "price": 12.243, "amount": 46.0, "side": "sell", "timestamp": 1766189257054}, {"id": "530390276", "price": 12.243, "amount": 21.0, "side": "buy", "timestamp": 1766189258549}, {"id": "530390277", "price": 12.242, "amount": 269.0, "side": "sell", "timestamp": 1766189258954}, {"id": "530390278", "price": 12.242, "amount": 1.0, "side": "buy", "timestamp": 1766189259713}, {"id": "530390279", "price": 12.241, "amount": 21.0, "side": "sell", "timestamp": 1766189260723}, {"id": "530390280", "price": 12.241, "amount": 8.0, "side": "sell", "timestamp": 1766189262344}, {"id": "530390281", "price": 12.242, "amount": 54.0, "side": "buy", "timestamp": 1766189262663}, {"id": "530390282", "price": 12.241, "amount": 30.0, "side": "sell", "timestamp": 1766189263007}, {"id": "530390283", "price": 12.241, "amount": 8.0, "side": "sell", "timestamp": 1766189265119}, {"id": "530390284", "price": 12.241, "amount": 27.0, "side": "sell", "timestamp": 1766189266457}, {"id": "530390285", "price": 12.242, "amount": 1.0, "side": "buy", "timestamp": 1766189267661}, {"id": "530390286", "price": 12.242, "amount": 1.0, "side": "buy", "timestamp": 1766189268610}, {"id": "530390287", "price": 12.241, "amount": 37.0, "side": "sell", "timestamp": 1766189269015}, {"id": "530390288", "price": 12.242, "amount": 1.0, "side": "buy", "timestamp": 1766189269016}, {"id": "530390289", "price": 12.241, "amount": 7.0, "side": "sell", "timestamp": 1766189269590}, {"id": "530390290", "price": 12.241, "amount": 158.0, "side": "sell", "timestamp": 1766189270419}, {"id": "530390291", "price": 12.241, "amount": 89.0, "side": "sell", "timestamp": 1766189270825}, {"id": "530390292", "price": 12.241, "amount": 2.0, "side": "sell", "timestamp": 1766189274207}, {"id": "530390293", "price": 12.241, "amount": 8.0, "side": "sell", "timestamp": 1766189274309}, {"id": "530390294", "price": 12.241, "amount": 18.0, "side": "sell", "timestamp": 1766189274441}, {"id": "530390295", "price": 12.241, "amount": 2.0, "side": "sell", "timestamp": 1766189276233}, {"id": "530390296", "price": 12.242, "amount": 40.0, "side": "buy", "timestamp": 1766189276619}, {"id": "530390297", "price": 12.241, "amount": 29.0, "side": "sell", "timestamp": 1766189276828}, {"id": "530390298", "price": 12.241, "amount": 8.0, "side": "sell", "timestamp": 1766189277102}, {"id": "530390299", "price": 12.242, "amount": 21.0, "side": "buy", "timestamp": 1766189278993}, {"id": "530390300", "price": 12.241, "amount": 1.0, "side": "sell", "timestamp": 1766189279082}, {"id": "530390301", "price": 12.241, "amount": 7.0, "side": "sell", "timestamp": 1766189280157}, {"id": "530390302", "price": 12.242, "amount": 1.0, "side": "buy", "timestamp": 1766189280606}, {"id": "530390303", "price": 12.241, "amount": 14.0, "side": "sell", "timestamp": 1766189280660}, {"id": "530390304", "price": 12.241, "amount": 3.0, "side": "sell", "timestamp": 1766189280785}, {"id": "530390305", "price": 12.241, "amount": 27.0, "side": "sell", "timestamp": 1766189281764}, {"id": "530390306", "price": 12.241, "amount": 45.0, "side": "sell", "timestamp": 1766189283145}, {"id": "530390307", "price": 12.242, "amount": 1.0, "side": "buy", "timestamp": 1766189283314}, {"id": "530390308", "price": 12.242, "amount": 4.0, "side": "buy", "timestamp": 1766189283466}, {"id": "530390309", "price": 12.242, "amount": 2.0, "side": "buy", "timestamp": 1766189283714}, {"id": "530390310", "price": 12.241, "amount": 14.0, "side": "sell", "timestamp": 1766189284175}, {"id": "530390311", "price": 12.242, "amount": 1.0, "side": "buy", "timestamp": 1766189284743}, {"id": "530390316", "price": 12.24, "amount": 166.0, "side": "sell", "timestamp": 1766189288546}, {"id": "530390317", "price": 12.239, "amount": 30.0, "side": "sell", "timestamp": 1766189289373}, {"id": "530390318", "price": 12.239, "amount": 8.0, "side": "sell", "timestamp": 1766189290906}, {"id": "530390319", "price": 12.239, "amount": 13.0, "side": "sell", "timestamp": 1766189292483}, {"id": "530390320", "price": 12.239, "amount": 18.0, "side": "sell", "timestamp": 1766189293056}, {"id": "530390321", "price": 12.239, "amount": 83.0, "side": "sell", "timestamp": 1766189293730}, {"id": "530390322", "price": 12.24, "amount": 986.0, "side": "buy", "timestamp": 1766189294550}, {"id": "530390323", "price": 12.241, "amount": 3.0, "side": "buy", "timestamp": 1766189295543}, {"id": "530390324", "price": 12.24, "amount": 2.0, "side": "buy", "timestamp": 1766189295811}, {"id": "530390325", "price": 12.24, "amount": 27.0, "side": "sell", "timestamp": 1766189296094}, {"id": "530390326", "price": 12.24, "amount": 8.0, "side": "sell", "timestamp": 1766189297368}, {"id": "530390327", "price": 12.24, "amount": 18.0, "side": "sell", "timestamp": 1766189297697}, {"id": "530390328", "price": 12.24, "amount": 125.0, "side": "sell", "timestamp": 1766189299716}, {"id": "530390329", "price": 12.24, "amount": 90.0, "side": "sell", "timestamp": 1766189299951}, {"id": "530390330", "price": 12.24, "amount": 25.0, "side": "sell", "timestamp": 1766189300500}, {"id": "530390331", "price": 12.239, "amount": 29.0, "side": "sell", "timestamp": 1766189300727}, {"id": "530390332", "price": 12.239, "amount": 7.0, "side": "sell", "timestamp": 1766189301376}, {"id": "530390333", "price": 12.24, "amount": 1.0, "side": "buy", "timestamp": 1766189303658}, {"id": "530390334", "price": 12.239, "amount": 14.0, "side": "sell", "timestamp": 1766189304772}, {"id": "530390335", "price": 12.24, "amount": 49.0, "side": "sell", "timestamp": 1766189305944}, {"id": "530390336", "price": 12.239, "amount": 150.0, "side": "sell", "timestamp": 1766189305944}, {"id": "530390337", "price": 12.239, "amount": 183.0, "side": "sell", "timestamp": 1766189306579}, {"id": "530390338", "price": 12.238, "amount": 338.0, "side": "sell", "timestamp": 1766189306596}, {"id": "530390339", "price": 12.237, "amount": 189.0, "side": "sell", "timestamp": 1766189306643}, {"id": "530390340", "price": 12.236, "amount": 20.0, "side": "sell", "timestamp": 1766189306687}, {"id": "530390341", "price": 12.235, "amount": 53.0, "side": "sell", "timestamp": 1766189306721}, {"id": "530390342", "price": 12.234, "amount": 16.0, "side": "sell", "timestamp": 1766189306991}, {"id": "530390343", "price": 12.235, "amount": 170.0, "side": "buy", "timestamp": 1766189307131}, {"id": "530390344", "price": 12.235, "amount": 173.0, "side": "buy", "timestamp": 1766189310167}, {"id": "530390345", "price": 12.236, "amount": 53.0, "side": "buy", "timestamp": 1766189310340}, {"id": "530390346", "price": 12.237, "amount": 8.0, "side": "buy", "timestamp": 1766189310379}, {"id": "530390347", "price": 12.237, "amount": 5.0, "side": "sell", "timestamp": 1766189310838}, {"id": "530390348", "price": 12.238, "amount": 165.0, "side": "buy", "timestamp": 1766189312135}, {"id": "530390349", "price": 12.238, "amount": 471.0, "side": "sell", "timestamp": 1766189312928}, {"id": "530390350", "price": 12.238, "amount": 20.0, "side": "sell", "timestamp": 1766189313439}, {"id": "530390351", "price": 12.238, "amount": 2.0, "side": "buy", "timestamp": 1766189314148}, {"id": "530390352", "price": 12.238, "amount": 153.0, "side": "sell", "timestamp": 1766189316047}, {"id": "530390353", "price": 12.239, "amount": 309.0, "side": "buy", "timestamp": 1766189316916}, {"id": "530390354", "price": 12.24, "amount": 189.0, "side": "buy", "timestamp": 1766189316991}, {"id": "530390355", "price": 12.241, "amount": 42.0, "side": "buy", "timestamp": 1766189317785}, {"id": "530390356", "price": 12.241, "amount": 355.0, "side": "buy", "timestamp": 1766189317996}, {"id": "530390357", "price": 12.241, "amount": 1.0, "side": "sell", "timestamp": 1766189328265}, {"id": "530390358", "price": 12.242, "amount": 92.0, "side": "buy", "timestamp": 1766189328509}, {"id": "530390359", "price": 12.242, "amount": 1.0, "side": "buy", "timestamp": 1766189329073}, {"id": "530390360", "price": 12.241, "amount": 469.0, "side": "sell", "timestamp": 1766189329774}, {"id": "530390361", "price": 12.24, "amount": 70.0, "side": "sell", "timestamp": 1766189329786}, {"id": "530390362", "price": 12.241, "amount": 1.0, "side": "buy", "timestamp": 1766189329910}, {"id": "530390363", "price": 12.24, "amount": 15.0, "side": "sell", "timestamp": 1766189330308}, {"id": "530390364", "price": 12.239, "amount": 31.0, "side": "sell", "timestamp": 1766189333874}, {"id": "530390365", "price": 12.239, "amount": 26.0, "side": "buy", "timestamp": 1766189336368}, {"id": "530390360", "price": 12.241, "amount": 469.0, "side": "sell", "timestamp": 1766189329774}, {"id": "530390361", "price": 12.24, "amount": 70.0, "side": "sell", "timestamp": 1766189329786}, {"id": "530390362", "price": 12.241, "amount": 1.0, "side": "buy", "timestamp": 1766189329910}, {"id": "530390363", "price": 12.24, "amount": 15.0, "side": "sell", "timestamp": 1766189330308}, {"id": "530390364", "price": 12.239, "amount": 31.0, "side": "sell", "timestamp": 1766189333874}, {"id": "530390365", "price": 12.239, "amount": 26.0, "side": "buy", "timestamp": 1766189336368}, {"id": "530390366", "price": 12.239, "amount": 1.0, "side": "buy", "timestamp": 1766189339674}, {"id": "530390367", "price": 12.238, "amount": 20.0, "side": "sell", "timestamp": 1766189340043}, {"id": "530390368", "price": 12.239, "amount": 1.0, "side": "buy", "timestamp": 1766189340321}, {"id": "530390369", "price": 12.239, "amount": 1.0, "side": "buy", "timestamp": 1766189340923}, {"id": "530390370", "price": 12.239, "amount": 414.0, "side": "buy", "timestamp": 1766189341420}, {"id": "530390371", "price": 12.24, "amount": 55.0, "side": "buy", "timestamp": 1766189341430}, {"id": "530390372", "price": 12.241, "amount": 25.0, "side": "buy", "timestamp": 1766189341615}, {"id": "530390373", "price": 12.242, "amount": 283.0, "side": "buy", "timestamp": 1766189341932}, {"id": "530390374", "price": 12.243, "amount": 1.0, "side": "buy", "timestamp": 1766189342467}, {"id": "530390375", "price": 12.243, "amount": 2.0, "side": "buy", "timestamp": 1766189343546}, {"id": "530390376", "price": 12.243, "amount": 1.0, "side": "buy", "timestamp": 1766189344970}, {"id": "530390377", "price": 12.242, "amount": 1.0, "side": "sell", "timestamp": 1766189344987}, {"id": "530390378", "price": 12.242, "amount": 942.0, "side": "sell", "timestamp": 1766189349146}, {"id": "530390379", "price": 12.241, "amount": 54.0, "side": "sell", "timestamp": 1766189351804}, {"id": "530390380", "price": 12.241, "amount": 1.0, "side": "buy", "timestamp": 1766189352536}, {"id": "530390381", "price": 12.24, "amount": 3.0, "side": "sell", "timestamp": 1766189354737}, {"id": "530390382", "price": 12.239, "amount": 18.0, "side": "sell", "timestamp": 1766189354901}, {"id": "530390383", "price": 12.238, "amount": 4.0, "side": "sell", "timestamp": 1766189356845}, {"id": "530390384", "price": 12.239, "amount": 49.0, "side": "sell", "timestamp": 1766189358527}, {"id": "530390385", "price": 12.238, "amount": 104.0, "side": "sell", "timestamp": 1766189358527}, {"id": "530390386", "price": 12.238, "amount": 1.0, "side": "sell", "timestamp": 1766189359766}, {"id": "530390387", "price": 12.238, "amount": 1.0, "side": "sell", "timestamp": 1766189359980}, {"id": "530390388", "price": 12.238, "amount": 1.0, "side": "sell", "timestamp": 1766189364795}, {"id": "530390389", "price": 12.238, "amount": 1.0, "side": "sell", "timestamp": 1766189364937}, {"id": "530390390", "price": 12.239, "amount": 1.0, "side": "buy", "timestamp": 1766189367571}, {"id": "530390391", "price": 12.239, "amount": 1.0, "side": "buy", "timestamp": 1766189369551}, {"id": "530390392", "price": 12.238, "amount": 1.0, "side": "sell", "timestamp": 1766189369739}, {"id": "530390393", "price": 12.239, "amount": 8.0, "side": "buy", "timestamp": 1766189369836}, {"id": "530390394", "price": 12.238, "amount": 1.0, "side": "sell", "timestamp": 1766189370080}, {"id": "530390395", "price": 12.239, "amount": 6.0, "side": "buy", "timestamp": 1766189372088}, {"id": "530390396", "price": 12.238, "amount": 1.0, "side": "sell", "timestamp": 1766189374845}, {"id": "530390397", "price": 12.238, "amount": 7.0, "side": "sell", "timestamp": 1766189375272}, {"id": "530390398", "price": 12.239, "amount": 1.0, "side": "buy", "timestamp": 1766189375666}, {"id": "530390399", "price": 12.239, "amount": 1.0, "side": "buy", "timestamp": 1766189379481}, {"id": "530390400", "price": 12.239, "amount": 110.0, "side": "buy", "timestamp": 1766189381217}, {"id": "530390401", "price": 12.239, "amount": 79.0, "side": "buy", "timestamp": 1766189382680}, {"id": "530390402", "price": 12.238, "amount": 62.0, "side": "sell", "timestamp": 1766189383006}, {"id": "530390403", "price": 12.239, "amount": 341.0, "side": "buy", "timestamp": 1766189385702}, {"id": "530390404", "price": 12.24, "amount": 261.0, "side": "buy", "timestamp": 1766189385887}, {"id": "530390405", "price": 12.241, "amount": 75.0, "side": "buy", "timestamp": 1766189386103}, {"id": "530390406", "price": 12.241, "amount": 579.0, "side": "sell", "timestamp": 1766189390961}, {"id": "530390407", "price": 12.24, "amount": 386.0, "side": "sell", "timestamp": 1766189391080}, {"id": "530390408", "price": 12.239, "amount": 225.0, "side": "sell", "timestamp": 1766189391196}, {"id": "530390409", "price": 12.239, "amount": 2.0, "side": "sell", "timestamp": 1766189391327}, {"id": "530390404", "price": 12.24, "amount": 261.0, "side": "buy", "timestamp": 1766189385887}, {"id": "530390405", "price": 12.241, "amount": 75.0, "side": "buy", "timestamp": 1766189386103}, {"id": "530390406", "price": 12.241, "amount": 579.0, "side": "sell", "timestamp": 1766189390961}, {"id": "530390407", "price": 12.24, "amount": 386.0, "side": "sell", "timestamp": 1766189391080}, {"id": "530390408", "price": 12.239, "amount": 225.0, "side": "sell", "timestamp": 1766189391196}, {"id": "530390409", "price": 12.239, "amount": 2.0, "side": "sell", "timestamp": 1766189391327}, {"id": "530390410", "price": 12.239, "amount": 1.0, "side": "sell", "timestamp": 1766189394835}, {"id": "530390411", "price": 12.239, "amount": 42.0, "side": "sell", "timestamp": 1766189396742}, {"id": "530390412", "price": 12.239, "amount": 19.0, "side": "sell", "timestamp": 1766189397314}, {"id": "530390413", "price": 12.239, "amount": 91.0, "side": "buy", "timestamp": 1766189400325}, {"id": "530390414", "price": 12.239, "amount": 1.0, "side": "buy", "timestamp": 1766189400591}, {"id": "530390415", "price": 12.238, "amount": 1.0, "side": "sell", "timestamp": 1766189400758}, {"id": "530390416", "price": 12.239, "amount": 1.0, "side": "buy", "timestamp": 1766189401457}, {"id": "530390417", "price": 12.239, "amount": 3.0, "side": "buy", "timestamp": 1766189403660}, {"id": "530390418", "price": 12.239, "amount": 1.0, "side": "buy", "timestamp": 1766189404062}, {"id": "530390419", "price": 12.239, "amount": 1.0, "side": "buy", "timestamp": 1766189404217}, {"id": "530390420", "price": 12.239, "amount": 3.0, "side": "buy", "timestamp": 1766189404326}, {"id": "530390421", "price": 12.239, "amount": 1.0, "side": "buy", "timestamp": 1766189404906}, {"id": "530390422", "price": 12.239, "amount": 1.0, "side": "buy", "timestamp": 1766189405251}, {"id": "530390423", "price": 12.239, "amount": 1.0, "side": "buy", "timestamp": 1766189406138}, {"id": "530390424", "price": 12.238, "amount": 74.0, "side": "sell", "timestamp": 1766189406966}, {"id": "530390425", "price": 12.238, "amount": 1.0, "side": "sell", "timestamp": 1766189408813}, {"id": "530390426", "price": 12.238, "amount": 6.0, "side": "sell", "timestamp": 1766189409909}, {"id": "530390427", "price": 12.238, "amount": 3.0, "side": "sell", "timestamp": 1766189410048}, {"id": "530390428", "price": 12.239, "amount": 967.0, "side": "buy", "timestamp": 1766189410810}, {"id": "530390429", "price": 12.239, "amount": 98.0, "side": "sell", "timestamp": 1766189410879}, {"id": "530390430", "price": 12.24, "amount": 1.0, "side": "buy", "timestamp": 1766189411661}, {"id": "530390431", "price": 12.239, "amount": 17.0, "side": "sell", "timestamp": 1766189411968}, {"id": "530390432", "price": 12.24, "amount": 10.0, "side": "buy", "timestamp": 1766189414164}, {"id": "530390433", "price": 12.239, "amount": 4.0, "side": "sell", "timestamp": 1766189416204}, {"id": "530390434", "price": 12.239, "amount": 1.0, "side": "sell", "timestamp": 1766189417610}, {"id": "530390435", "price": 12.239, "amount": 86.0, "side": "sell", "timestamp": 1766189420351}, {"id": "530390436", "price": 12.239, "amount": 37.0, "side": "sell", "timestamp": 1766189420636}, {"id": "530390437", "price": 12.24, "amount": 2.0, "side": "buy", "timestamp": 1766189421845}, {"id": "530390438", "price": 12.24, "amount": 1027.0, "side": "buy", "timestamp": 1766189422659}, {"id": "530390439", "price": 12.241, "amount": 5.0, "side": "buy", "timestamp": 1766189422759}, {"id": "530390440", "price": 12.241, "amount": 47.0, "side": "buy", "timestamp": 1766189422876}, {"id": "530390441", "price": 12.241, "amount": 46.0, "side": "buy", "timestamp": 1766189423021}, {"id": "530390442", "price": 12.241, "amount": 21.0, "side": "buy", "timestamp": 1766189423239}, {"id": "530390443", "price": 12.241, "amount": 16.0, "side": "buy", "timestamp": 1766189425093}, {"id": "530390444", "price": 12.24, "amount": 12.0, "side": "sell", "timestamp": 1766189425263}, {"id": "530390445", "price": 12.241, "amount": 246.0, "side": "buy", "timestamp": 1766189425324}, {"id": "530390446", "price": 12.241, "amount": 6.0, "side": "sell", "timestamp": 1766189427688}, {"id": "530390447", "price": 12.241, "amount": 13.0, "side": "sell", "timestamp": 1766189428050}, {"id": "530390448", "price": 12.241, "amount": 5.0, "side": "sell", "timestamp": 1766189428887}, {"id": "530390449", "price": 12.241, "amount": 1.0, "side": "sell", "timestamp": 1766189431583}, {"id": "530390450", "price": 12.241, "amount": 1.0, "side": "sell", "timestamp": 1766189438705}, {"id": "530390451", "price": 12.242, "amount": 1.0, "side": "buy", "timestamp": 1766189440029}, {"id": "530390452", "price": 12.241, "amount": 939.0, "side": "sell", "timestamp": 1766189441901}, {"id": "530390453", "price": 12.24, "amount": 3.0, "side": "sell", "timestamp": 1766189443718}, {"id": "530390460", "price": 12.241, "amount": 1196.0, "side": "buy", "timestamp": 1766189450057}, {"id": "530390461", "price": 12.242, "amount": 279.0, "side": "buy", "timestamp": 1766189450057}, {"id": "530390462", "price": 12.242, "amount": 293.0, "side": "sell", "timestamp": 1766189457417}, {"id": "530390463", "price": 12.241, "amount": 5.0, "side": "sell", "timestamp": 1766189457470}, {"id": "530390464", "price": 12.24, "amount": 12.0, "side": "sell", "timestamp": 1766189457470}, {"id": "530390465", "price": 12.24, "amount": 2.0, "side": "sell", "timestamp": 1766189458648}, {"id": "530390466", "price": 12.241, "amount": 1.0, "side": "buy", "timestamp": 1766189462573}, {"id": "530390467", "price": 12.241, "amount": 2.0, "side": "buy", "timestamp": 1766189463295}, {"id": "530390468", "price": 12.241, "amount": 1.0, "side": "buy", "timestamp": 1766189463471}, {"id": "530390469", "price": 12.241, "amount": 1.0, "side": "buy", "timestamp": 1766189464639}, {"id": "530390470", "price": 12.241, "amount": 1.0, "side": "buy", "timestamp": 1766189466059}, {"id": "530390471", "price": 12.241, "amount": 770.0, "side": "buy", "timestamp": 1766189466594}, {"id": "530390472", "price": 12.242, "amount": 692.0, "side": "buy", "timestamp": 1766189466619}, {"id": "530390473", "price": 12.243, "amount": 10.0, "side": "buy", "timestamp": 1766189468878}, {"id": "530390474", "price": 12.243, "amount": 1.0, "side": "buy", "timestamp": 1766189470015}, {"id": "530390475", "price": 12.243, "amount": 1.0, "side": "buy", "timestamp": 1766189470940}, {"id": "530390476", "price": 12.242, "amount": 323.0, "side": "sell", "timestamp": 1766189471279}, {"id": "530390477", "price": 12.242, "amount": 3.0, "side": "buy", "timestamp": 1766189472346}, {"id": "530390478", "price": 12.242, "amount": 1.0, "side": "buy", "timestamp": 1766189473503}, {"id": "530390479", "price": 12.242, "amount": 1.0, "side": "buy", "timestamp": 1766189478467}, {"id": "530390480", "price": 12.241, "amount": 1.0, "side": "sell", "timestamp": 1766189479885}, {"id": "530390481", "price": 12.242, "amount": 883.0, "side": "buy", "timestamp": 1766189479917}, {"id": "530390482", "price": 12.241, "amount": 221.0, "side": "sell", "timestamp": 1766189481145}, {"id": "530390483", "price": 12.241, "amount": 336.0, "side": "buy", "timestamp": 1766189482389}, {"id": "530390484", "price": 12.242, "amount": 298.0, "side": "buy", "timestamp": 1766189482489}, {"id": "530390485", "price": 12.243, "amount": 1.0, "side": "buy", "timestamp": 1766189483662}, {"id": "530390486", "price": 12.242, "amount": 1.0, "side": "sell", "timestamp": 1766189487396}, {"id": "530390487", "price": 12.243, "amount": 3.0, "side": "buy", "timestamp": 1766189487475}, {"id": "530390488", "price": 12.242, "amount": 3.0, "side": "sell", "timestamp": 1766189487693}, {"id": "530390489", "price": 12.242, "amount": 1.0, "side": "sell", "timestamp": 1766189488012}, {"id": "530390490", "price": 12.243, "amount": 1.0, "side": "buy", "timestamp": 1766189488925}, {"id": "530390491", "price": 12.242, "amount": 2.0, "side": "sell", "timestamp": 1766189488972}, {"id": "530390492", "price": 12.243, "amount": 342.0, "side": "buy", "timestamp": 1766189490468}, {"id": "530390493", "price": 12.244, "amount": 13.0, "side": "buy", "timestamp": 1766189490615}, {"id": "530390494", "price": 12.244, "amount": 1684.0, "side": "sell", "timestamp": 1766189490633}, {"id": "530390495", "price": 12.243, "amount": 768.0, "side": "sell", "timestamp": 1766189490641}, {"id": "530390496", "price": 12.243, "amount": 2.0, "side": "sell", "timestamp": 1766189490783}, {"id": "530390497", "price": 12.243, "amount": 1.0, "side": "sell", "timestamp": 1766189490951}, {"id": "530390498", "price": 12.242, "amount": 173.0, "side": "sell", "timestamp": 1766189490951}, {"id": "530390499", "price": 12.241, "amount": 1338.0, "side": "sell", "timestamp": 1766189490951}, {"id": "530390500", "price": 12.241, "amount": 16.0, "side": "sell", "timestamp": 1766189491627}, {"id": "530390501", "price": 12.242, "amount": 1.0, "side": "buy", "timestamp": 1766189491708}, {"id": "530390502", "price": 12.241, "amount": 1.0, "side": "sell", "timestamp": 1766189491792}, {"id": "530390503", "price": 12.241, "amount": 2.0, "side": "sell", "timestamp": 1766189493428}, {"id": "530390504", "price": 12.242, "amount": 40.0, "side": "buy", "timestamp": 1766189494015}, {"id": "530390505", "price": 12.242, "amount": 23.0, "side": "buy", "timestamp": 1766189494216}, {"id": "530390506", "price": 12.243, "amount": 64.0, "side": "buy", "timestamp": 1766189494216}, {"id": "530390507", "price": 12.243, "amount": 2.0, "side": "sell", "timestamp": 1766189495300}, {"id": "530390508", "price": 12.242, "amount": 1.0, "side": "sell", "timestamp": 1766189495874}, {"id": "530390509", "price": 12.243, "amount": 2.0, "side": "buy", "timestamp": 1766189498258}, {"id": "530390506", "price": 12.243, "amount": 64.0, "side": "buy", "timestamp": 1766189494216}, {"id": "530390507", "price": 12.243, "amount": 2.0, "side": "sell", "timestamp": 1766189495300}, {"id": "530390508", "price": 12.242, "amount": 1.0, "side": "sell", "timestamp": 1766189495874}, {"id": "530390509", "price": 12.243, "amount": 2.0, "side": "buy", "timestamp": 1766189498258}, {"id": "530390510", "price": 12.242, "amount": 1.0, "side": "sell", "timestamp": 1766189500553}, {"id": "530390511", "price": 12.243, "amount": 79.0, "side": "buy", "timestamp": 1766189500557}, {"id": "530390512", "price": 12.244, "amount": 57.0, "side": "buy", "timestamp": 1766189500805}, {"id": "530390513", "price": 12.245, "amount": 426.0, "side": "buy", "timestamp": 1766189501155}, {"id": "530390514", "price": 12.245, "amount": 1.0, "side": "sell", "timestamp": 1766189503004}, {"id": "530390515", "price": 12.246, "amount": 2.0, "side": "buy", "timestamp": 1766189505137}, {"id": "530390516", "price": 12.246, "amount": 4.0, "side": "buy", "timestamp": 1766189505894}, {"id": "530390517", "price": 12.245, "amount": 212.0, "side": "sell", "timestamp": 1766189507080}, {"id": "530390518", "price": 12.244, "amount": 43.0, "side": "sell", "timestamp": 1766189508650}, {"id": "530390519", "price": 12.244, "amount": 40.0, "side": "sell", "timestamp": 1766189508849}, {"id": "530390520", "price": 12.244, "amount": 1.0, "side": "sell", "timestamp": 1766189509479}, {"id": "530390521", "price": 12.244, "amount": 8.0, "side": "sell", "timestamp": 1766189510033}, {"id": "530390522", "price": 12.244, "amount": 1.0, "side": "sell", "timestamp": 1766189511571}, {"id": "530390523", "price": 12.244, "amount": 16.0, "side": "sell", "timestamp": 1766189512735}, {"id": "530390524", "price": 12.245, "amount": 446.0, "side": "buy", "timestamp": 1766189518355}, {"id": "530390525", "price": 12.246, "amount": 37.0, "side": "buy", "timestamp": 1766189518359}, {"id": "530390526", "price": 12.247, "amount": 9.0, "side": "buy", "timestamp": 1766189518359}, {"id": "530390527", "price": 12.248, "amount": 393.0, "side": "buy", "timestamp": 1766189518362}, {"id": "530390528", "price": 12.249, "amount": 194.0, "side": "buy", "timestamp": 1766189518364}, {"id": "530390529", "price": 12.249, "amount": 1.0, "side": "sell", "timestamp": 1766189518854}, {"id": "530390530", "price": 12.25, "amount": 1.0, "side": "buy", "timestamp": 1766189519659}, {"id": "530390531", "price": 12.25, "amount": 296.0, "side": "buy", "timestamp": 1766189521454}, {"id": "530390532", "price": 12.251, "amount": 1.0, "side": "buy", "timestamp": 1766189522956}, {"id": "530390533", "price": 12.25, "amount": 1.0, "side": "sell", "timestamp": 1766189524414}, {"id": "530390534", "price": 12.251, "amount": 2.0, "side": "buy", "timestamp": 1766189525009}, {"id": "530390535", "price": 12.251, "amount": 5.0, "side": "buy", "timestamp": 1766189526094}, {"id": "530390536", "price": 12.251, "amount": 5.0, "side": "buy", "timestamp": 1766189527241}, {"id": "530390537", "price": 12.25, "amount": 1.0, "side": "sell", "timestamp": 1766189527883}, {"id": "530390538", "price": 12.251, "amount": 140.0, "side": "buy", "timestamp": 1766189528485}, {"id": "530390539", "price": 12.252, "amount": 80.0, "side": "buy", "timestamp": 1766189528488}, {"id": "530390540", "price": 12.251, "amount": 12.0, "side": "sell", "timestamp": 1766189529411}, {"id": "530390541", "price": 12.251, "amount": 1.0, "side": "sell", "timestamp": 1766189533540}, {"id": "530390542", "price": 12.251, "amount": 1.0, "side": "sell", "timestamp": 1766189534573}, {"id": "530390543", "price": 12.251, "amount": 2.0, "side": "sell", "timestamp": 1766189535043}, {"id": "530390544", "price": 12.251, "amount": 1.0, "side": "sell", "timestamp": 1766189538959}, {"id": "530390545", "price": 12.251, "amount": 1.0, "side": "sell", "timestamp": 1766189541711}, {"id": "530390546", "price": 12.252, "amount": 1.0, "side": "buy", "timestamp": 1766189541991}, {"id": "530390547", "price": 12.251, "amount": 1.0, "side": "sell", "timestamp": 1766189542194}, {"id": "530390548", "price": 12.252, "amount": 1.0, "side": "buy", "timestamp": 1766189542591}, {"id": "530390549", "price": 12.251, "amount": 421.0, "side": "sell", "timestamp": 1766189542972}, {"id": "530390550", "price": 12.25, "amount": 47.0, "side": "sell", "timestamp": 1766189543644}, {"id": "530390551", "price": 12.25, "amount": 1.0, "side": "buy", "timestamp": 1766189544423}, {"id": "530390552", "price": 12.251, "amount": 252.0, "side": "buy", "timestamp": 1766189546339}, {"id": "530390553", "price": 12.251, "amount": 1.0, "side": "sell", "timestamp": 1766189546545}, {"id": "530390554", "price": 12.251, "amount": 1.0, "side": "sell", "timestamp": 1766189547025}, {"id": "530390555", "price": 12.252, "amount": 1.0, "side": "buy", "timestamp": 1766189550619}, {"id": "530390579", "price": 12.258, "amount": 2.0, "side": "buy", "timestamp": 1766189567033}, {"id": "530390580", "price": 12.259, "amount": 8.0, "side": "buy", "timestamp": 1766189568710}, {"id": "530390581", "price": 12.259, "amount": 33.0, "side": "buy", "timestamp": 1766189570653}, {"id": "530390582", "price": 12.259, "amount": 477.0, "side": "sell", "timestamp": 1766189573119}, {"id": "530390583", "price": 12.259, "amount": 7.0, "side": "buy", "timestamp": 1766189573610}, {"id": "530390584", "price": 12.258, "amount": 3.0, "side": "sell", "timestamp": 1766189574556}, {"id": "530390585", "price": 12.259, "amount": 1.0, "side": "buy", "timestamp": 1766189578407}, {"id": "530390586", "price": 12.258, "amount": 1.0, "side": "sell", "timestamp": 1766189579098}, {"id": "530390587", "price": 12.259, "amount": 6.0, "side": "buy", "timestamp": 1766189579363}, {"id": "530390588", "price": 12.259, "amount": 120.0, "side": "buy", "timestamp": 1766189580185}, {"id": "530390589", "price": 12.26, "amount": 108.0, "side": "buy", "timestamp": 1766189580360}, {"id": "530390590", "price": 12.261, "amount": 6.0, "side": "buy", "timestamp": 1766189580373}, {"id": "530390591", "price": 12.262, "amount": 3.0, "side": "buy", "timestamp": 1766189583366}, {"id": "530390592", "price": 12.261, "amount": 1.0, "side": "sell", "timestamp": 1766189584487}, {"id": "530390593", "price": 12.261, "amount": 1.0, "side": "sell", "timestamp": 1766189584973}, {"id": "530390594", "price": 12.262, "amount": 1.0, "side": "buy", "timestamp": 1766189585008}, {"id": "530390595", "price": 12.262, "amount": 6.0, "side": "buy", "timestamp": 1766189585507}, {"id": "530390596", "price": 12.262, "amount": 2.0, "side": "buy", "timestamp": 1766189589393}, {"id": "530390597", "price": 12.261, "amount": 2.0, "side": "sell", "timestamp": 1766189589739}, {"id": "530390598", "price": 12.261, "amount": 2.0, "side": "sell", "timestamp": 1766189589900}, {"id": "530390599", "price": 12.261, "amount": 3.0, "side": "sell", "timestamp": 1766189590027}, {"id": "530390600", "price": 12.262, "amount": 5.0, "side": "buy", "timestamp": 1766189591047}, {"id": "530390601", "price": 12.262, "amount": 1.0, "side": "buy", "timestamp": 1766189591673}, {"id": "530390602", "price": 12.261, "amount": 1.0, "side": "sell", "timestamp": 1766189592465}, {"id": "530390603", "price": 12.261, "amount": 1.0, "side": "sell", "timestamp": 1766189593437}, {"id": "530390604", "price": 12.261, "amount": 2.0, "side": "sell", "timestamp": 1766189593553}, {"id": "530390605", "price": 12.262, "amount": 5.0, "side": "buy", "timestamp": 1766189594584}, {"id": "530390606", "price": 12.262, "amount": 4.0, "side": "buy", "timestamp": 1766189595493}, {"id": "530390607", "price": 12.261, "amount": 1.0, "side": "sell", "timestamp": 1766189596765}, {"id": "530390608", "price": 12.262, "amount": 1.0, "side": "buy", "timestamp": 1766189596785}, {"id": "530390609", "price": 12.262, "amount": 1.0, "side": "buy", "timestamp": 1766189597588}, {"id": "530390610", "price": 12.262, "amount": 140.0, "side": "buy", "timestamp": 1766189597995}, {"id": "530390611", "price": 12.261, "amount": 1.0, "side": "sell", "timestamp": 1766189598571}, {"id": "530390612", "price": 12.262, "amount": 20.0, "side": "buy", "timestamp": 1766189599219}, {"id": "530390613", "price": 12.262, "amount": 186.0, "side": "buy", "timestamp": 1766189599434}, {"id": "530390614", "price": 12.263, "amount": 2.0, "side": "buy", "timestamp": 1766189599440}, {"id": "530390615", "price": 12.264, "amount": 216.0, "side": "buy", "timestamp": 1766189600418}, {"id": "530390616", "price": 12.264, "amount": 50.0, "side": "buy", "timestamp": 1766189600582}, {"id": "530390617", "price": 12.263, "amount": 251.0, "side": "sell", "timestamp": 1766189600763}, {"id": "530390618", "price": 12.262, "amount": 347.0, "side": "sell", "timestamp": 1766189600779}, {"id": "530390619", "price": 12.261, "amount": 146.0, "side": "sell", "timestamp": 1766189600794}, {"id": "530390620", "price": 12.26, "amount": 146.0, "side": "sell", "timestamp": 1766189600959}, {"id": "530390621", "price": 12.259, "amount": 102.0, "side": "sell", "timestamp": 1766189601006}, {"id": "530390622", "price": 12.259, "amount": 14.0, "side": "buy", "timestamp": 1766189602228}, {"id": "530390623", "price": 12.26, "amount": 1.0, "side": "buy", "timestamp": 1766189603043}, {"id": "530390624", "price": 12.26, "amount": 1.0, "side": "buy", "timestamp": 1766189603511}, {"id": "530390625", "price": 12.26, "amount": 1.0, "side": "buy", "timestamp": 1766189604242}, {"id": "530390626", "price": 12.259, "amount": 1.0, "side": "sell", "timestamp": 1766189604672}, {"id": "530390627", "price": 12.26, "amount": 4.0, "side": "buy", "timestamp": 1766189604874}, {"id": "530390628", "price": 12.259, "amount": 524.0, "side": "sell", "timestamp": 1766189606202}, {"id": "530390647", "price": 12.267, "amount": 44.0, "side": "sell", "timestamp": 1766189615815}, {"id": "530390648", "price": 12.266, "amount": 35.0, "side": "sell", "timestamp": 1766189615818}, {"id": "530390649", "price": 12.266, "amount": 25.0, "side": "buy", "timestamp": 1766189616056}, {"id": "530390650", "price": 12.265, "amount": 2.0, "side": "sell", "timestamp": 1766189616724}, {"id": "530390651", "price": 12.265, "amount": 8.0, "side": "sell", "timestamp": 1766189617884}, {"id": "530390652", "price": 12.265, "amount": 5.0, "side": "sell", "timestamp": 1766189618303}, {"id": "530390653", "price": 12.266, "amount": 67.0, "side": "buy", "timestamp": 1766189620323}, {"id": "530390654", "price": 12.266, "amount": 120.0, "side": "buy", "timestamp": 1766189622267}, {"id": "530390655", "price": 12.265, "amount": 1.0, "side": "sell", "timestamp": 1766189624086}, {"id": "530390656", "price": 12.266, "amount": 1.0, "side": "buy", "timestamp": 1766189624449}, {"id": "530390657", "price": 12.265, "amount": 2.0, "side": "sell", "timestamp": 1766189624650}, {"id": "530390658", "price": 12.266, "amount": 29.0, "side": "buy", "timestamp": 1766189625071}, {"id": "530390659", "price": 12.265, "amount": 2.0, "side": "sell", "timestamp": 1766189625654}, {"id": "530390660", "price": 12.265, "amount": 1.0, "side": "sell", "timestamp": 1766189626984}, {"id": "530390661", "price": 12.266, "amount": 1.0, "side": "buy", "timestamp": 1766189626993}, {"id": "530390662", "price": 12.265, "amount": 1.0, "side": "sell", "timestamp": 1766189627663}, {"id": "530390663", "price": 12.266, "amount": 5.0, "side": "buy", "timestamp": 1766189628095}, {"id": "530390664", "price": 12.266, "amount": 1.0, "side": "buy", "timestamp": 1766189628284}, {"id": "530390665", "price": 12.265, "amount": 1.0, "side": "sell", "timestamp": 1766189628632}, {"id": "530390666", "price": 12.266, "amount": 2.0, "side": "buy", "timestamp": 1766189630015}, {"id": "530390667", "price": 12.265, "amount": 2.0, "side": "sell", "timestamp": 1766189630105}, {"id": "530390668", "price": 12.266, "amount": 1.0, "side": "buy", "timestamp": 1766189630329}, {"id": "530390669", "price": 12.265, "amount": 1.0, "side": "sell", "timestamp": 1766189632079}, {"id": "530390670", "price": 12.266, "amount": 21.0, "side": "buy", "timestamp": 1766189636294}, {"id": "530390671", "price": 12.265, "amount": 1.0, "side": "sell", "timestamp": 1766189636965}, {"id": "530390672", "price": 12.265, "amount": 2.0, "side": "sell", "timestamp": 1766189637146}, {"id": "530390673", "price": 12.265, "amount": 1.0, "side": "sell", "timestamp": 1766189639931}, {"id": "530390674", "price": 12.266, "amount": 327.0, "side": "buy", "timestamp": 1766189640054}, {"id": "530390675", "price": 12.267, "amount": 1.0, "side": "buy", "timestamp": 1766189640064}, {"id": "530390676", "price": 12.268, "amount": 3.0, "side": "buy", "timestamp": 1766189643463}, {"id": "530390677", "price": 12.267, "amount": 87.0, "side": "sell", "timestamp": 1766189644186}, {"id": "530390678", "price": 12.267, "amount": 528.0, "side": "sell", "timestamp": 1766189644735}, {"id": "530390679", "price": 12.267, "amount": 2.0, "side": "buy", "timestamp": 1766189645067}, {"id": "530390680", "price": 12.266, "amount": 20.0, "side": "sell", "timestamp": 1766189645456}, {"id": "530390681", "price": 12.266, "amount": 1.0, "side": "buy", "timestamp": 1766189645666}, {"id": "530390682", "price": 12.265, "amount": 1.0, "side": "sell", "timestamp": 1766189645820}, {"id": "530390683", "price": 12.265, "amount": 266.0, "side": "sell", "timestamp": 1766189651725}, {"id": "530390684", "price": 12.264, "amount": 157.0, "side": "sell", "timestamp": 1766189651836}, {"id": "530390685", "price": 12.264, "amount": 1.0, "side": "buy", "timestamp": 1766189654161}, {"id": "530390686", "price": 12.263, "amount": 97.0, "side": "sell", "timestamp": 1766189655312}, {"id": "530390687", "price": 12.263, "amount": 43.0, "side": "buy", "timestamp": 1766189656475}, {"id": "530390688", "price": 12.263, "amount": 64.0, "side": "buy", "timestamp": 1766189656786}, {"id": "530390689", "price": 12.264, "amount": 496.0, "side": "buy", "timestamp": 1766189657220}, {"id": "530390690", "price": 12.264, "amount": 71.0, "side": "buy", "timestamp": 1766189657609}, {"id": "530390691", "price": 12.264, "amount": 376.0, "side": "sell", "timestamp": 1766189659183}, {"id": "530390692", "price": 12.263, "amount": 3.0, "side": "sell", "timestamp": 1766189659322}, {"id": "530390693", "price": 12.262, "amount": 179.0, "side": "sell", "timestamp": 1766189660145}, {"id": "530390694", "price": 12.261, "amount": 373.0, "side": "sell", "timestamp": 1766189660249}, {"id": "530390695", "price": 12.26, "amount": 5.0, "side": "sell", "timestamp": 1766189660252}, {"id": "530390696", "price": 12.26, "amount": 15.0, "side": "buy", "timestamp": 1766189660761}, {"id": "530390709", "price": 12.258, "amount": 2.0, "side": "sell", "timestamp": 1766189672962}, {"id": "530390710", "price": 12.259, "amount": 1.0, "side": "buy", "timestamp": 1766189674058}, {"id": "530390711", "price": 12.258, "amount": 87.0, "side": "sell", "timestamp": 1766189674184}, {"id": "530390712", "price": 12.258, "amount": 1.0, "side": "sell", "timestamp": 1766189674570}, {"id": "530390713", "price": 12.258, "amount": 83.0, "side": "sell", "timestamp": 1766189675042}, {"id": "530390714", "price": 12.258, "amount": 122.0, "side": "sell", "timestamp": 1766189684891}, {"id": "530390715", "price": 12.258, "amount": 1.0, "side": "sell", "timestamp": 1766189686391}, {"id": "530390716", "price": 12.258, "amount": 266.0, "side": "sell", "timestamp": 1766189686827}, {"id": "530390717", "price": 12.258, "amount": 2.0, "side": "sell", "timestamp": 1766189689044}, {"id": "530390718", "price": 12.258, "amount": 87.0, "side": "sell", "timestamp": 1766189689184}, {"id": "530390719", "price": 12.258, "amount": 1.0, "side": "sell", "timestamp": 1766189689599}, {"id": "530390720", "price": 12.258, "amount": 66.0, "side": "sell", "timestamp": 1766189689813}, {"id": "530390721", "price": 12.257, "amount": 71.0, "side": "sell", "timestamp": 1766189689830}, {"id": "530390722", "price": 12.256, "amount": 147.0, "side": "sell", "timestamp": 1766189690119}, {"id": "530390723", "price": 12.255, "amount": 1015.0, "side": "sell", "timestamp": 1766189690126}, {"id": "530390724", "price": 12.254, "amount": 4.0, "side": "sell", "timestamp": 1766189690318}, {"id": "530390725", "price": 12.253, "amount": 121.0, "side": "sell", "timestamp": 1766189690377}, {"id": "530390726", "price": 12.253, "amount": 85.0, "side": "sell", "timestamp": 1766189690502}, {"id": "530390727", "price": 12.252, "amount": 11.0, "side": "sell", "timestamp": 1766189690520}, {"id": "530390728", "price": 12.253, "amount": 2.0, "side": "buy", "timestamp": 1766189691005}, {"id": "530390729", "price": 12.253, "amount": 451.0, "side": "buy", "timestamp": 1766189691427}, {"id": "530390730", "price": 12.254, "amount": 26.0, "side": "buy", "timestamp": 1766189694647}, {"id": "530390731", "price": 12.253, "amount": 2.0, "side": "sell", "timestamp": 1766189696445}, {"id": "530390732", "price": 12.254, "amount": 1.0, "side": "buy", "timestamp": 1766189699672}, {"id": "530390733", "price": 12.253, "amount": 290.0, "side": "sell", "timestamp": 1766189700084}, {"id": "530390734", "price": 12.252, "amount": 211.0, "side": "sell", "timestamp": 1766189700103}, {"id": "530390735", "price": 12.252, "amount": 152.0, "side": "buy", "timestamp": 1766189701144}, {"id": "530390736", "price": 12.252, "amount": 2.0, "side": "sell", "timestamp": 1766189702387}, {"id": "530390737", "price": 12.253, "amount": 301.0, "side": "buy", "timestamp": 1766189703199}, {"id": "530390738", "price": 12.254, "amount": 205.0, "side": "buy", "timestamp": 1766189703299}, {"id": "530390739", "price": 12.255, "amount": 3.0, "side": "buy", "timestamp": 1766189703316}, {"id": "530390740", "price": 12.256, "amount": 5.0, "side": "buy", "timestamp": 1766189703372}, {"id": "530390741", "price": 12.256, "amount": 90.0, "side": "sell", "timestamp": 1766189704225}, {"id": "530390742", "price": 12.257, "amount": 1.0, "side": "buy", "timestamp": 1766189705078}, {"id": "530390743", "price": 12.256, "amount": 2.0, "side": "sell", "timestamp": 1766189707399}, {"id": "530390744", "price": 12.256, "amount": 26.0, "side": "sell", "timestamp": 1766189708360}, {"id": "530390745", "price": 12.257, "amount": 51.0, "side": "buy", "timestamp": 1766189708365}, {"id": "530390746", "price": 12.257, "amount": 81.0, "side": "sell", "timestamp": 1766189708365}, {"id": "530390747", "price": 12.258, "amount": 3.0, "side": "buy", "timestamp": 1766189709889}, {"id": "530390748", "price": 12.258, "amount": 1.0, "side": "buy", "timestamp": 1766189710037}, {"id": "530390749", "price": 12.258, "amount": 55.0, "side": "buy", "timestamp": 1766189711013}, {"id": "530390750", "price": 12.258, "amount": 5.0, "side": "sell", "timestamp": 1766189714637}, {"id": "530390751", "price": 12.258, "amount": 3.0, "side": "sell", "timestamp": 1766189716334}, {"id": "530390752", "price": 12.259, "amount": 230.0, "side": "buy", "timestamp": 1766189717490}, {"id": "530390753", "price": 12.258, "amount": 3.0, "side": "sell", "timestamp": 1766189717534}, {"id": "530390754", "price": 12.259, "amount": 37.0, "side": "buy", "timestamp": 1766189717546}, {"id": "530390755", "price": 12.259, "amount": 1.0, "side": "sell", "timestamp": 1766189718940}, {"id": "530390756", "price": 12.26, "amount": 2.0, "side": "buy", "timestamp": 1766189719993}, {"id": "530390757", "price": 12.26, "amount": 30.0, "side": "buy", "timestamp": 1766189720580}, {"id": "530390758", "price": 12.259, "amount": 2.0, "side": "sell", "timestamp": 1766189721761}, {"id": "530390782", "price": 12.261, "amount": 88.0, "side": "buy", "timestamp": 1766189741234}, {"id": "530390783", "price": 12.261, "amount": 1.0, "side": "sell", "timestamp": 1766189743672}, {"id": "530390784", "price": 12.262, "amount": 6.0, "side": "buy", "timestamp": 1766189744364}, {"id": "530390785", "price": 12.263, "amount": 5.0, "side": "buy", "timestamp": 1766189744947}, {"id": "530390786", "price": 12.264, "amount": 1.0, "side": "buy", "timestamp": 1766189745049}, {"id": "530390787", "price": 12.264, "amount": 20.0, "side": "buy", "timestamp": 1766189745983}, {"id": "530390788", "price": 12.263, "amount": 3.0, "side": "sell", "timestamp": 1766189746538}, {"id": "530390789", "price": 12.263, "amount": 2.0, "side": "sell", "timestamp": 1766189747994}, {"id": "530390790", "price": 12.263, "amount": 1.0, "side": "sell", "timestamp": 1766189748428}, {"id": "530390791", "price": 12.264, "amount": 5.0, "side": "buy", "timestamp": 1766189749526}, {"id": "530390792", "price": 12.264, "amount": 1.0, "side": "buy", "timestamp": 1766189749775}, {"id": "530390793", "price": 12.263, "amount": 4.0, "side": "sell", "timestamp": 1766189749949}, {"id": "530390794", "price": 12.263, "amount": 64.0, "side": "sell", "timestamp": 1766189750617}, {"id": "530390795", "price": 12.262, "amount": 2.0, "side": "sell", "timestamp": 1766189753463}, {"id": "530390796", "price": 12.263, "amount": 1.0, "side": "buy", "timestamp": 1766189754347}, {"id": "530390797", "price": 12.262, "amount": 1.0, "side": "sell", "timestamp": 1766189754397}, {"id": "530390798", "price": 12.262, "amount": 61.0, "side": "sell", "timestamp": 1766189755864}, {"id": "530390799", "price": 12.263, "amount": 349.0, "side": "buy", "timestamp": 1766189756930}, {"id": "530390800", "price": 12.263, "amount": 3.0, "side": "sell", "timestamp": 1766189759309}, {"id": "530390801", "price": 12.263, "amount": 1.0, "side": "sell", "timestamp": 1766189759844}, {"id": "530390802", "price": 12.263, "amount": 1.0, "side": "sell", "timestamp": 1766189760905}, {"id": "530390803", "price": 12.263, "amount": 2.0, "side": "sell", "timestamp": 1766189761999}, {"id": "530390804", "price": 12.264, "amount": 48.0, "side": "buy", "timestamp": 1766189762255}, {"id": "530390805", "price": 12.263, "amount": 1.0, "side": "sell", "timestamp": 1766189763164}, {"id": "530390806", "price": 12.264, "amount": 2.0, "side": "buy", "timestamp": 1766189763553}, {"id": "530390807", "price": 12.263, "amount": 2.0, "side": "sell", "timestamp": 1766189764518}, {"id": "530390808", "price": 12.263, "amount": 839.0, "side": "sell", "timestamp": 1766189764705}, {"id": "530390809", "price": 12.263, "amount": 1.0, "side": "buy", "timestamp": 1766189765149}, {"id": "530390810", "price": 12.262, "amount": 1.0, "side": "sell", "timestamp": 1766189765638}, {"id": "530390811", "price": 12.262, "amount": 3.0, "side": "sell", "timestamp": 1766189766530}, {"id": "530390812", "price": 12.262, "amount": 5.0, "side": "sell", "timestamp": 1766189767379}, {"id": "530390813", "price": 12.262, "amount": 1.0, "side": "sell", "timestamp": 1766189768049}, {"id": "530390814", "price": 12.263, "amount": 608.0, "side": "buy", "timestamp": 1766189768543}, {"id": "530390815", "price": 12.263, "amount": 547.0, "side": "sell", "timestamp": 1766189769936}, {"id": "530390816", "price": 12.262, "amount": 264.0, "side": "sell", "timestamp": 1766189770074}, {"id": "530390817", "price": 12.261, "amount": 38.0, "side": "sell", "timestamp": 1766189770261}, {"id": "530390818", "price": 12.26, "amount": 28.0, "side": "sell", "timestamp": 1766189770267}, {"id": "530390819", "price": 12.259, "amount": 445.0, "side": "sell", "timestamp": 1766189770286}, {"id": "530390820", "price": 12.258, "amount": 53.0, "side": "sell", "timestamp": 1766189770381}, {"id": "530390821", "price": 12.257, "amount": 35.0, "side": "sell", "timestamp": 1766189770586}, {"id": "530390822", "price": 12.256, "amount": 561.0, "side": "sell", "timestamp": 1766189770747}, {"id": "530390823", "price": 12.257, "amount": 1.0, "side": "buy", "timestamp": 1766189770859}, {"id": "530390824", "price": 12.256, "amount": 12.0, "side": "sell", "timestamp": 1766189770875}, {"id": "530390825", "price": 12.255, "amount": 1.0, "side": "sell", "timestamp": 1766189771656}, {"id": "530390826", "price": 12.255, "amount": 1.0, "side": "sell", "timestamp": 1766189772318}, {"id": "530390827", "price": 12.255, "amount": 15.0, "side": "sell", "timestamp": 1766189773160}, {"id": "530390828", "price": 12.255, "amount": 1.0, "side": "sell", "timestamp": 1766189774111}, {"id": "530390829", "price": 12.256, "amount": 3.0, "side": "buy", "timestamp": 1766189776229}, {"id": "530390830", "price": 12.256, "amount": 247.0, "side": "buy", "timestamp": 1766189776332}, {"id": "530390831", "price": 12.257, "amount": 30.0, "side": "buy", "timestamp": 1766189776397}]