[{"symbol": "ETHUSDT", "bids": [[3113.55, 112.449], [3113.54, 0.086], [3113.53, 0.009], [3113.52, 0.745], [3113.51, 1.228], [3113.5, 0.022], [3113.49, 0.007], [3113.48, 0.058], [3113.47, 0.009], [3113.46, 0.02], [3113.45, 2.881], [3113.44, 0.118], [3113.43, 1.08], [3113.42, 1.608], [3113.41, 0.009], [3113.4, 0.597], [3113.39, 0.906], [3113.38, 0.007], [3113.37, 0.995], [3113.36, 0.027]], "asks": [[3113.56, 93.406], [3113.57, 0.049], [3113.58, 1.5], [3113.59, 0.138], [3113.6, 0.014], [3113.61, 0.66], [3113.62, 0.007], [3113.63, 1.331], [3113.64, 0.029], [3113.66, 0.41], [3113.67, 0.058], [3113.68, 0.88], [3113.69, 0.007], [3113.7, 0.069], [3113.71, 1.322], [3113.72, 0.024], [3113.73, 0.189], [3113.75, 1.041], [3113.76, 0.038], [3113.77, 0.007]], "timestamp": "2025-12-14T08:49:30.850667+00:00"}, {"symbol": "ETHUSDT", "bids": [[3114.72, 78.258], [3114.71, 42.995], [3114.7, 30.667], [3114.69, 30.668], [3114.68, 1.437], [3114.67, 1.812], [3114.66, 0.016], [3114.65, 0.643], [3114.64, 0.075], [3114.63, 0.014], [3114.62, 0.009], [3114.61, 15.0], [3114.6, 1.782], [3114.58, 0.652], [3114.57, 0.081], [3114.56, 2.73], [3114.55, 0.376], [3114.54, 0.187], [3114.53, 0.009], [3114.52, 0.067]], "asks": [[3114.73, 5.534], [3114.74, 0.019], [3114.75, 1.507], [3114.76, 0.007], [3114.78, 1.161], [3114.79, 0.105], [3114.8, 0.019], [3114.81, 0.02], [3114.82, 0.007], [3114.83, 0.019], [3114.84, 0.058], [3114.85, 0.007], [3114.86, 0.016], [3114.87, 0.189], [3114.88, 1.017], [3114.89, 0.009], [3114.9, 0.722], [3114.91, 0.016], [3114.92, 0.141], [3114.93, 0.017]], "timestamp": "2025-12-14T08:50:23.705010+00:00"}, {"symbol": "ETHUSDT", "bids": [[3114.72, 10.003], [3114.71, 0.007], [3114.7, 0.007], [3114.69, 0.555], [3114.68, 0.117], [3114.67, 0.111], [3114.66, 0.016], [3114.64, 0.067], [3114.63, 0.007], [3114.62, 0.009], [3114.6, 0.096], [3114.59, 0.016], [3114.58, 0.043], [3114.57, 0.007], [3114.56, 0.067], [3114.55, 0.016], [3114.54, 10.152], [3114.53, 15.096], [3114.52, 1.386], [3114.51, 0.67]], "asks": [[3114.73, 176.088], [3114.74, 0.161], [3114.75, 0.36], [3114.76, 1.612], [3114.77, 0.038], [3114.78, 1.367], [3114.79, 0.981], [3114.8, 1.264], [3114.81, 0.058], [3114.82, 0.762], [3114.83, 0.395], [3114.84, 0.686], [3114.85, 0.528], [3114.86, 1.364], [3114.87, 0.588], [3114.88, 0.829], [3114.9, 6.542], [3114.91, 0.037], [3114.92, 0.038], [3114.93, 1.378]], "timestamp": "2025-12-14T08:51:16.628963+00:00"}, {"symbol": "ETHUSDT", "bids": [[3114.53, 104.426], [3114.52, 0.209], [3114.51, 1.668], [3114.5, 0.865], [3114.49, 0.716], [3114.48, 1.966], [3114.47, 1.321], [3114.46, 0.037], [3114.45, 0.016], [3114.44, 1.274], [3114.43, 0.029], [3114.42, 0.007], [3114.41, 0.007], [3114.4, 0.463], [3114.39, 1.65], [3114.38, 1.301], [3114.37, 3.181], [3114.36, 0.024], [3114.35, 1.064], [3114.34, 0.038]], "asks": [[3114.54, 49.676], [3114.55, 5.118], [3114.56, 1.659], [3114.57, 0.007], [3114.59, 1.338], [3114.6, 0.052], [3114.62, 0.228], [3114.63, 0.02], [3114.65, 0.062], [3114.66, 0.18], [3114.67, 0.007], [3114.68, 0.059], [3114.69, 0.499], [3114.7, 0.369], [3114.71, 1.378], [3114.72, 2.493], [3114.73, 5.058], [3114.74, 0.023], [3114.75, 0.036], [3114.76, 0.023]], "timestamp": "2025-12-14T08:52:09.611817+00:00"}, {"symbol": "ETHUSDT", "bids": [[3114.96, 86.818], [3114.95, 0.118], [3114.93, 0.009], [3114.92, 1.232], [3114.91, 2.938], [3114.9, 1.315], [3114.89, 0.318], [3114.88, 0.08], [3114.86, 0.023], [3114.85, 0.058], [3114.84, 0.022], [3114.83, 1.291], [3114.82, 0.023], [3114.81, 0.851], [3114.8, 4.196], [3114.79, 0.031], [3114.78, 0.652], [3114.77, 0.014], [3114.76, 1.306], [3114.75, 0.059]], "asks": [[3114.97, 140.616], [3114.98, 0.064], [3114.99, 2.142], [3115.0, 1.363], [3115.01, 1.189], [3115.02, 0.016], [3115.04, 0.079], [3115.05, 3.878], [3115.06, 0.061], [3115.07, 0.016], [3115.08, 0.059], [3115.09, 0.016], [3115.1, 0.763], [3115.11, 0.085], [3115.12, 0.007], [3115.13, 0.074], [3115.14, 1.31], [3115.15, 1.045], [3115.16, 0.007], [3115.17, 0.399]], "timestamp": "2025-12-14T08:53:02.511955+00:00"}, {"symbol": "ETHUSDT", "bids": [[3114.91, 90.568], [3114.9, 0.277], [3114.89, 0.23], [3114.88, 0.016], [3114.86, 4.451], [3114.85, 4.285], [3114.84, 1.242], [3114.83, 1.299], [3114.82, 0.023], [3114.81, 0.038], [3114.8, 10.046], [3114.79, 4.031], [3114.78, 0.089], [3114.77, 0.014], [3114.76, 0.428], [3114.75, 2.939], [3114.74, 0.023], [3114.73, 0.094], [3114.72, 8.498], [3114.71, 6.488]], "asks": [[3114.92, 78.948], [3114.93, 1.747], [3114.94, 1.587], [3114.96, 0.045], [3114.97, 1.515], [3114.98, 1.284], [3114.99, 0.659], [3115.0, 0.42], [3115.01, 0.016], [3115.02, 0.658], [3115.03, 0.323], [3115.04, 0.016], [3115.05, 0.125], [3115.06, 2.504], [3115.07, 0.026], [3115.08, 0.343], [3115.09, 0.023], [3115.1, 1.003], [3115.12, 0.067], [3115.13, 0.657]], "timestamp": "2025-12-14T08:53:56.170958+00:00"}, {"symbol": "ETHUSDT", "bids": [[3114.93, 131.845], [3114.92, 10.304], [3114.91, 15.394], [3114.9, 0.196], [3114.89, 0.054], [3114.88, 0.02], [3114.86, 0.038], [3114.85, 19.248], [3114.84, 2.132], [3114.83, 0.015], [3114.82, 0.029], [3114.81, 0.359], [3114.8, 11.456], [3114.79, 0.014], [3114.78, 1.053], [3114.77, 8.944], [3114.76, 1.319], [3114.75, 0.362], [3114.74, 0.359], [3114.73, 0.271]], "asks": [[3114.94, 29.783], [3114.95, 0.869], [3114.96, 1.729], [3114.97, 0.007], [3114.98, 0.009], [3114.99, 0.016], [3115.01, 0.054], [3115.02, 0.02], [3115.03, 0.08], [3115.04, 1.3], [3115.05, 0.065], [3115.07, 0.007], [3115.08, 2.505], [3115.09, 4.133], [3115.1, 0.65], [3115.11, 0.54], [3115.12, 1.71], [3115.13, 1.291], [3115.14, 1.626], [3115.15, 0.976]], "timestamp": "2025-12-14T08:54:50.237844+00:00"}, {"symbol": "ETHUSDT", "bids": [[3114.93, 91.573], [3114.92, 8.423], [3114.91, 9.596], [3114.9, 0.758], [3114.89, 0.143], [3114.88, 0.02], [3114.87, 0.29], [3114.86, 5.379], [3114.85, 19.287], [3114.84, 0.717], [3114.83, 0.259], [3114.82, 0.029], [3114.81, 0.198], [3114.8, 10.046], [3114.79, 1.298], [3114.78, 0.41], [3114.77, 6.435], [3114.76, 0.045], [3114.75, 0.658], [3114.74, 0.629]], "asks": [[3114.94, 93.734], [3114.95, 2.351], [3114.96, 1.514], [3114.97, 0.955], [3114.98, 1.142], [3114.99, 0.016], [3115.0, 1.007], [3115.01, 0.182], [3115.02, 0.139], [3115.03, 0.08], [3115.04, 1.3], [3115.05, 0.065], [3115.07, 0.007], [3115.08, 0.193], [3115.09, 0.007], [3115.1, 1.336], [3115.11, 1.987], [3115.12, 0.628], [3115.13, 0.007], [3115.14, 0.182]], "timestamp": "2025-12-14T08:55:43.076881+00:00"}, {"symbol": "ETHUSDT", "bids": [[3114.93, 31.158], [3114.92, 2.531], [3114.91, 8.981], [3114.9, 0.473], [3114.89, 0.143], [3114.88, 0.264], [3114.86, 6.286], [3114.85, 18.492], [3114.84, 0.075], [3114.83, 0.015], [3114.82, 0.029], [3114.81, 0.038], [3114.8, 10.046], [3114.79, 0.014], [3114.78, 0.701], [3114.77, 6.435], [3114.76, 1.319], [3114.75, 5.665], [3114.74, 0.023], [3114.73, 0.075]], "asks": [[3114.94, 130.783], [3114.95, 1.692], [3114.96, 3.441], [3114.97, 1.917], [3114.98, 0.009], [3114.99, 0.016], [3115.0, 1.007], [3115.01, 0.182], [3115.02, 0.139], [3115.03, 0.08], [3115.04, 0.016], [3115.05, 0.232], [3115.06, 1.284], [3115.07, 0.807], [3115.08, 5.179], [3115.09, 16.053], [3115.1, 2.899], [3115.11, 0.746], [3115.12, 1.084], [3115.13, 0.007]], "timestamp": "2025-12-14T08:56:36.652606+00:00"}, {"symbol": "ETHUSDT", "bids": [[3113.62, 119.052], [3113.61, 3.509], [3113.6, 5.518], [3113.59, 2.545], [3113.58, 0.029], [3113.57, 1.768], [3113.56, 0.02], [3113.55, 0.181], [3113.54, 2.177], [3113.53, 0.007], [3113.52, 0.316], [3113.51, 0.038], [3113.5, 0.157], [3113.49, 0.049], [3113.48, 0.266], [3113.47, 1.417], [3113.46, 4.381], [3113.45, 4.25], [3113.44, 5.389], [3113.43, 3.512]], "asks": [[3113.63, 156.877], [3113.64, 0.35], [3113.67, 0.038], [3113.68, 1.936], [3113.7, 0.03], [3113.71, 0.038], [3113.72, 0.013], [3113.73, 0.066], [3113.75, 0.051], [3113.76, 0.007], [3113.77, 0.022], [3113.79, 0.198], [3113.8, 0.391], [3113.82, 0.963], [3113.83, 0.331], [3113.84, 0.007], [3113.85, 0.52], [3113.86, 0.343], [3113.88, 0.328], [3113.89, 7.869]], "timestamp": "2025-12-14T08:57:30.557422+00:00"}, {"symbol": "ETHUSDT", "bids": [[3108.86, 188.666], [3108.85, 24.805], [3108.84, 0.007], [3108.83, 0.095], [3108.82, 143.363], [3108.81, 0.674], [3108.8, 1.331], [3108.79, 0.039], [3108.78, 0.007], [3108.77, 4.546], [3108.76, 0.244], [3108.75, 0.177], [3108.72, 16.758], [3108.71, 2.326], [3108.7, 1.3], [3108.69, 0.037], [3108.68, 0.01], [3108.67, 0.047], [3108.66, 0.698], [3108.65, 0.007]], "asks": [[3108.87, 17.377], [3108.88, 0.045], [3108.89, 0.019], [3108.9, 0.376], [3108.91, 0.007], [3108.92, 0.179], [3108.93, 0.209], [3108.94, 0.403], [3108.95, 0.077], [3108.96, 0.45], [3108.97, 0.007], [3108.98, 0.725], [3108.99, 1.554], [3109.0, 1.914], [3109.01, 0.014], [3109.02, 0.072], [3109.03, 0.075], [3109.04, 0.253], [3109.05, 0.037], [3109.06, 0.026]], "timestamp": "2025-12-14T08:58:23.865531+00:00"}, {"symbol": "ETHUSDT", "bids": [[3109.25, 48.293], [3109.24, 0.035], [3109.23, 1.024], [3109.22, 0.007], [3109.21, 0.038], [3109.2, 0.03], [3109.19, 0.007], [3109.18, 0.023], [3109.16, 0.007], [3109.15, 0.025], [3109.14, 0.1], [3109.13, 0.007], [3109.12, 0.03], [3109.1, 0.014], [3109.09, 0.045], [3109.08, 0.039], [3109.07, 7.1], [3109.05, 3.724], [3109.04, 0.014], [3109.02, 0.311]], "asks": [[3109.26, 145.727], [3109.27, 1.136], [3109.28, 1.309], [3109.3, 0.052], [3109.31, 0.016], [3109.32, 0.548], [3109.33, 0.016], [3109.34, 0.052], [3109.35, 2.639], [3109.36, 2.764], [3109.37, 5.832], [3109.38, 3.001], [3109.39, 0.009], [3109.4, 2.717], [3109.41, 2.421], [3109.42, 5.116], [3109.43, 0.106], [3109.44, 24.414], [3109.45, 1.105], [3109.46, 13.993]], "timestamp": "2025-12-14T08:59:16.622233+00:00"}, {"symbol": "ETHUSDT", "bids": [[3109.26, 18.769], [3109.25, 3.385], [3109.24, 0.302], [3109.23, 6.604], [3109.22, 0.016], [3109.21, 0.045], [3109.2, 0.038], [3109.19, 0.007], [3109.18, 0.082], [3109.17, 0.008], [3109.16, 0.007], [3109.15, 9.248], [3109.14, 2.263], [3109.13, 10.045], [3109.12, 0.681], [3109.11, 2.864], [3109.1, 2.804], [3109.09, 0.074], [3109.08, 0.047], [3109.07, 1.931]], "asks": [[3109.27, 141.89], [3109.28, 32.25], [3109.29, 0.049], [3109.3, 1.296], [3109.31, 1.286], [3109.32, 0.009], [3109.33, 0.109], [3109.35, 0.047], [3109.36, 0.518], [3109.37, 0.038], [3109.38, 1.309], [3109.39, 0.201], [3109.4, 0.023], [3109.41, 0.705], [3109.42, 0.248], [3109.43, 3.51], [3109.44, 0.197], [3109.45, 0.102], [3109.46, 1.309], [3109.48, 0.009]], "timestamp": "2025-12-14T09:00:09.639443+00:00"}, {"symbol": "ETHUSDT", "bids": [[3112.04, 164.654], [3112.03, 0.109], [3112.02, 0.97], [3112.0, 1.34], [3111.99, 0.016], [3111.97, 0.123], [3111.96, 0.017], [3111.94, 0.054], [3111.93, 0.299], [3111.92, 2.477], [3111.91, 4.104], [3111.9, 0.12], [3111.87, 0.03], [3111.86, 0.198], [3111.85, 0.065], [3111.84, 14.734], [3111.83, 0.017], [3111.82, 3.379], [3111.81, 0.068], [3111.8, 17.311]], "asks": [[3112.05, 6.088], [3112.06, 0.007], [3112.07, 0.704], [3112.08, 0.017], [3112.09, 2.855], [3112.1, 0.018], [3112.11, 0.059], [3112.12, 0.99], [3112.13, 0.103], [3112.14, 0.014], [3112.15, 0.06], [3112.16, 6.433], [3112.17, 0.023], [3112.18, 0.239], [3112.19, 0.052], [3112.2, 1.287], [3112.21, 0.804], [3112.22, 0.336], [3112.23, 0.865], [3112.24, 0.618]], "timestamp": "2025-12-14T09:01:02.363750+00:00"}, {"symbol": "ETHUSDT", "bids": [[3110.58, 73.402], [3110.57, 1.088], [3110.56, 0.009], [3110.55, 0.016], [3110.53, 4.988], [3110.52, 0.007], [3110.51, 0.657], [3110.5, 0.378], [3110.49, 0.007], [3110.48, 10.038], [3110.47, 0.023], [3110.46, 0.481], [3110.45, 19.042], [3110.44, 1.98], [3110.43, 0.368], [3110.42, 0.199], [3110.41, 0.023], [3110.4, 1.133], [3110.39, 0.055], [3110.38, 0.057]], "asks": [[3110.59, 60.389], [3110.6, 0.021], [3110.61, 0.045], [3110.62, 1.27], [3110.64, 1.215], [3110.65, 0.007], [3110.66, 0.318], [3110.67, 0.059], [3110.68, 0.016], [3110.69, 2.283], [3110.7, 0.258], [3110.71, 3.661], [3110.73, 0.03], [3110.74, 1.806], [3110.75, 0.054], [3110.76, 0.023], [3110.77, 2.771], [3110.78, 1.945], [3110.79, 0.847], [3110.8, 1.605]], "timestamp": "2025-12-14T09:01:55.714988+00:00"}, {"symbol": "ETHUSDT", "bids": [[3110.7, 87.75], [3110.69, 3.001], [3110.68, 3.105], [3110.67, 8.903], [3110.66, 0.643], [3110.65, 0.369], [3110.64, 0.009], [3110.63, 0.052], [3110.62, 0.009], [3110.61, 0.16], [3110.6, 1.309], [3110.59, 0.075], [3110.58, 9.149], [3110.57, 0.095], [3110.56, 2.546], [3110.55, 1.069], [3110.54, 0.009], [3110.53, 0.061], [3110.52, 0.656], [3110.51, 1.943]], "asks": [[3110.71, 127.328], [3110.72, 1.906], [3110.73, 1.389], [3110.74, 3.04], [3110.75, 1.4], [3110.76, 0.023], [3110.77, 1.996], [3110.78, 1.911], [3110.79, 1.628], [3110.8, 1.612], [3110.81, 0.055], [3110.82, 1.307], [3110.84, 0.023], [3110.85, 0.059], [3110.86, 0.325], [3110.87, 0.045], [3110.88, 0.024], [3110.89, 0.045], [3110.9, 12.08], [3110.91, 26.865]], "timestamp": "2025-12-14T09:02:49.416661+00:00"}, {"symbol": "ETHUSDT", "bids": [[3110.08, 114.448], [3110.07, 1.186], [3110.06, 0.318], [3110.05, 0.37], [3110.04, 0.268], [3110.03, 7.498], [3110.02, 0.772], [3110.01, 0.501], [3110.0, 35.958], [3109.99, 0.07], [3109.98, 10.767], [3109.96, 1.323], [3109.95, 0.431], [3109.94, 0.009], [3109.93, 0.682], [3109.92, 0.701], [3109.9, 0.05], [3109.89, 1.302], [3109.88, 0.081], [3109.87, 0.077]], "asks": [[3110.09, 90.927], [3110.1, 0.139], [3110.11, 0.689], [3110.12, 0.007], [3110.13, 0.138], [3110.14, 0.468], [3110.15, 0.246], [3110.16, 0.02], [3110.17, 0.059], [3110.18, 2.286], [3110.19, 0.018], [3110.2, 0.028], [3110.21, 0.11], [3110.22, 0.009], [3110.23, 0.021], [3110.24, 0.007], [3110.25, 1.623], [3110.26, 0.965], [3110.27, 0.073], [3110.29, 1.007]], "timestamp": "2025-12-14T09:03:42.520020+00:00"}, {"symbol": "ETHUSDT", "bids": [[3109.43, 173.885], [3109.42, 0.056], [3109.41, 1.56], [3109.4, 0.367], [3109.39, 4.666], [3109.38, 10.715], [3109.37, 0.102], [3109.36, 0.009], [3109.35, 0.792], [3109.34, 0.06], [3109.33, 3.002], [3109.32, 1.026], [3109.31, 0.021], [3109.3, 0.024], [3109.29, 0.03], [3109.28, 0.866], [3109.27, 16.293], [3109.26, 0.021], [3109.25, 1.309], [3109.24, 0.863]], "asks": [[3109.44, 26.146], [3109.45, 0.059], [3109.49, 0.147], [3109.5, 0.014], [3109.51, 0.074], [3109.52, 0.014], [3109.54, 0.957], [3109.55, 0.052], [3109.57, 0.009], [3109.58, 0.014], [3109.59, 0.038], [3109.61, 0.009], [3109.62, 1.346], [3109.64, 0.071], [3109.65, 0.014], [3109.67, 0.344], [3109.68, 1.607], [3109.69, 0.045], [3109.7, 0.04], [3109.71, 15.448]], "timestamp": "2025-12-14T09:04:35.665831+00:00"}, {"symbol": "ETHUSDT", "bids": [[3110.45, 90.057], [3110.44, 0.768], [3110.42, 0.108], [3110.41, 0.007], [3110.4, 0.063], [3110.38, 0.688], [3110.37, 1.313], [3110.36, 0.007], [3110.35, 0.027], [3110.34, 0.068], [3110.33, 0.009], [3110.32, 0.014], [3110.31, 0.03], [3110.3, 0.035], [3110.29, 0.681], [3110.28, 1.362], [3110.27, 0.007], [3110.26, 0.007], [3110.25, 0.498], [3110.24, 12.98]], "asks": [[3110.46, 125.853], [3110.47, 0.485], [3110.48, 0.417], [3110.49, 0.26], [3110.5, 4.849], [3110.51, 0.016], [3110.52, 0.658], [3110.53, 3.238], [3110.54, 0.03], [3110.55, 0.007], [3110.56, 1.923], [3110.57, 5.74], [3110.58, 6.802], [3110.59, 1.292], [3110.6, 0.687], [3110.61, 0.017], [3110.62, 0.04], [3110.63, 6.89], [3110.64, 1.346], [3110.65, 0.992]], "timestamp": "2025-12-14T09:05:28.730223+00:00"}, {"symbol": "ETHUSDT", "bids": [[3110.76, 66.26], [3110.75, 1.12], [3110.74, 0.108], [3110.73, 3.148], [3110.72, 0.007], [3110.71, 0.016], [3110.7, 0.014], [3110.69, 0.054], [3110.68, 15.021], [3110.67, 0.522], [3110.66, 0.023], [3110.65, 0.785], [3110.64, 0.017], [3110.63, 0.449], [3110.62, 0.037], [3110.61, 0.642], [3110.6, 0.028], [3110.59, 0.027], [3110.58, 0.382], [3110.57, 0.662]], "asks": [[3110.77, 103.812], [3110.78, 1.145], [3110.79, 0.014], [3110.8, 1.347], [3110.82, 0.016], [3110.83, 0.203], [3110.84, 0.053], [3110.85, 0.095], [3110.86, 0.051], [3110.87, 1.359], [3110.88, 0.704], [3110.89, 0.007], [3110.9, 0.052], [3110.91, 0.014], [3110.92, 8.922], [3110.93, 13.411], [3110.94, 0.461], [3110.95, 14.251], [3110.96, 3.73], [3110.97, 5.715]], "timestamp": "2025-12-14T09:06:22.265656+00:00"}, {"symbol": "ETHUSDT", "bids": [[3111.36, 3.464], [3111.35, 1.664], [3111.34, 0.017], [3111.33, 0.016], [3111.32, 1.953], [3111.31, 0.116], [3111.3, 0.03], [3111.29, 0.023], [3111.28, 0.007], [3111.27, 0.054], [3111.26, 0.009], [3111.25, 0.049], [3111.24, 0.025], [3111.23, 0.33], [3111.22, 0.016], [3111.21, 0.51], [3111.2, 5.666], [3111.19, 0.021], [3111.18, 0.176], [3111.17, 0.978]], "asks": [[3111.37, 246.894], [3111.38, 0.021], [3111.4, 0.693], [3111.41, 0.132], [3111.42, 0.016], [3111.43, 1.786], [3111.44, 4.095], [3111.45, 2.99], [3111.46, 1.34], [3111.47, 0.195], [3111.48, 0.029], [3111.49, 1.422], [3111.5, 0.734], [3111.51, 2.773], [3111.52, 0.689], [3111.53, 5.942], [3111.54, 0.965], [3111.55, 1.16], [3111.56, 3.545], [3111.57, 1.647]], "timestamp": "2025-12-14T09:07:15.514337+00:00"}, {"symbol": "ETHUSDT", "bids": [[3111.17, 214.192], [3111.16, 0.734], [3111.15, 0.136], [3111.14, 1.286], [3111.13, 1.559], [3111.12, 5.489], [3111.11, 1.166], [3111.1, 0.007], [3111.09, 0.03], [3111.08, 0.052], [3111.07, 0.009], [3111.06, 1.3], [3111.05, 0.044], [3111.04, 0.411], [3111.03, 0.868], [3111.02, 0.007], [3111.01, 3.143], [3111.0, 0.205], [3110.99, 1.339], [3110.98, 0.051]], "asks": [[3111.18, 100.108], [3111.19, 0.074], [3111.2, 0.054], [3111.21, 0.007], [3111.22, 0.086], [3111.23, 0.016], [3111.24, 0.273], [3111.26, 0.023], [3111.27, 1.627], [3111.28, 0.094], [3111.29, 0.194], [3111.3, 0.643], [3111.31, 0.113], [3111.32, 0.054], [3111.33, 0.832], [3111.34, 0.017], [3111.35, 1.331], [3111.36, 1.154], [3111.37, 0.038], [3111.38, 0.007]], "timestamp": "2025-12-14T09:08:08.686695+00:00"}, {"symbol": "ETHUSDT", "bids": [[3111.31, 198.82], [3111.3, 4.595], [3111.29, 0.716], [3111.28, 0.007], [3111.27, 0.167], [3111.26, 0.009], [3111.25, 0.377], [3111.24, 0.054], [3111.23, 1.3], [3111.22, 3.439], [3111.21, 3.529], [3111.2, 0.482], [3111.19, 10.741], [3111.18, 20.977], [3111.17, 33.676], [3111.16, 0.695], [3111.15, 0.328], [3111.14, 0.03], [3111.13, 1.75], [3111.12, 4.128]], "asks": [[3111.32, 22.433], [3111.33, 0.045], [3111.34, 0.106], [3111.35, 0.007], [3111.36, 0.025], [3111.37, 0.038], [3111.38, 0.007], [3111.39, 0.019], [3111.4, 0.298], [3111.41, 0.038], [3111.42, 1.622], [3111.43, 0.329], [3111.44, 1.623], [3111.45, 0.462], [3111.46, 0.141], [3111.47, 0.023], [3111.48, 1.315], [3111.49, 0.951], [3111.5, 1.297], [3111.51, 2.621]], "timestamp": "2025-12-14T09:09:01.632517+00:00"}, {"symbol": "ETHUSDT", "bids": [[3111.5, 75.744], [3111.49, 1.661], [3111.48, 0.612], [3111.47, 0.102], [3111.46, 0.102], [3111.45, 0.111], [3111.44, 0.149], [3111.43, 0.007], [3111.42, 0.023], [3111.41, 0.007], [3111.4, 0.038], [3111.39, 0.03], [3111.38, 0.095], [3111.37, 0.824], [3111.36, 0.339], [3111.35, 0.061], [3111.34, 5.607], [3111.33, 1.223], [3111.32, 15.035], [3111.31, 0.059]], "asks": [[3111.51, 67.281], [3111.52, 2.748], [3111.53, 1.572], [3111.54, 0.066], [3111.55, 0.12], [3111.56, 1.342], [3111.57, 0.163], [3111.58, 0.034], [3111.59, 0.04], [3111.6, 0.754], [3111.61, 1.877], [3111.62, 0.475], [3111.63, 4.322], [3111.64, 1.391], [3111.65, 0.624], [3111.66, 0.847], [3111.67, 0.032], [3111.68, 0.643], [3111.69, 0.007], [3111.7, 0.919]], "timestamp": "2025-12-14T09:09:54.678172+00:00"}, {"symbol": "ETHUSDT", "bids": [[3111.51, 83.617], [3111.5, 2.957], [3111.49, 0.059], [3111.48, 0.038], [3111.47, 0.007], [3111.46, 0.016], [3111.45, 0.007], [3111.44, 1.302], [3111.43, 15.037], [3111.41, 0.973], [3111.4, 0.664], [3111.39, 0.007], [3111.38, 0.023], [3111.37, 0.045], [3111.36, 3.342], [3111.34, 0.172], [3111.33, 1.428], [3111.31, 0.025], [3111.3, 0.058], [3111.29, 1.324]], "asks": [[3111.52, 74.188], [3111.53, 0.741], [3111.54, 0.218], [3111.55, 0.045], [3111.56, 0.15], [3111.57, 0.77], [3111.58, 1.436], [3111.59, 0.693], [3111.6, 2.5], [3111.61, 1.87], [3111.62, 2.806], [3111.63, 0.109], [3111.64, 30.898], [3111.65, 1.89], [3111.66, 0.459], [3111.67, 0.216], [3111.68, 1.811], [3111.69, 0.978], [3111.7, 0.265], [3111.71, 0.021]], "timestamp": "2025-12-14T09:10:47.912687+00:00"}, {"symbol": "ETHUSDT", "bids": [[3111.05, 104.873], [3111.04, 0.014], [3111.03, 1.445], [3111.02, 0.043], [3111.01, 4.064], [3111.0, 14.543], [3110.99, 0.052], [3110.98, 0.051], [3110.97, 10.021], [3110.96, 1.472], [3110.95, 1.727], [3110.94, 0.014], [3110.93, 0.021], [3110.92, 0.009], [3110.91, 0.066], [3110.9, 0.273], [3110.89, 1.305], [3110.88, 0.136], [3110.87, 0.088], [3110.86, 0.679]], "asks": [[3111.06, 76.989], [3111.07, 1.621], [3111.08, 0.098], [3111.09, 0.707], [3111.1, 0.007], [3111.11, 0.189], [3111.14, 0.023], [3111.15, 1.201], [3111.16, 0.02], [3111.17, 1.338], [3111.19, 0.094], [3111.2, 11.166], [3111.21, 0.751], [3111.22, 1.539], [3111.23, 17.892], [3111.24, 3.234], [3111.25, 1.866], [3111.26, 1.327], [3111.27, 17.168], [3111.28, 0.727]], "timestamp": "2025-12-14T09:11:40.837328+00:00"}, {"symbol": "ETHUSDT", "bids": [[3109.75, 104.671], [3109.74, 0.545], [3109.72, 0.071], [3109.71, 0.007], [3109.7, 0.148], [3109.68, 0.015], [3109.66, 0.309], [3109.65, 0.062], [3109.64, 0.014], [3109.63, 0.063], [3109.62, 0.181], [3109.61, 0.846], [3109.6, 5.021], [3109.59, 0.971], [3109.58, 1.617], [3109.57, 5.247], [3109.56, 7.112], [3109.55, 9.789], [3109.54, 0.114], [3109.53, 0.689]], "asks": [[3109.76, 98.323], [3109.77, 0.021], [3109.78, 0.007], [3109.8, 0.028], [3109.81, 0.184], [3109.82, 0.974], [3109.83, 0.007], [3109.84, 0.986], [3109.85, 4.2], [3109.86, 1.359], [3109.87, 0.021], [3109.89, 0.014], [3109.9, 0.765], [3109.91, 0.065], [3109.92, 0.016], [3109.93, 0.035], [3109.94, 6.431], [3109.95, 1.138], [3109.96, 0.028], [3109.97, 0.087]], "timestamp": "2025-12-14T09:12:34.394176+00:00"}, {"symbol": "ETHUSDT", "bids": [[3110.56, 114.672], [3110.55, 2.824], [3110.54, 1.97], [3110.53, 0.022], [3110.52, 0.115], [3110.51, 0.038], [3110.5, 0.069], [3110.49, 1.293], [3110.48, 0.014], [3110.47, 0.045], [3110.46, 0.032], [3110.45, 0.065], [3110.44, 0.007], [3110.43, 0.014], [3110.42, 0.014], [3110.41, 0.045], [3110.4, 2.726], [3110.39, 0.664], [3110.38, 0.007], [3110.37, 0.328]], "asks": [[3110.57, 64.433], [3110.58, 0.11], [3110.59, 0.065], [3110.6, 0.288], [3110.61, 0.105], [3110.62, 0.045], [3110.64, 0.015], [3110.65, 0.108], [3110.66, 0.065], [3110.67, 0.007], [3110.68, 0.178], [3110.69, 0.586], [3110.7, 0.374], [3110.71, 0.045], [3110.72, 0.028], [3110.73, 0.221], [3110.74, 1.3], [3110.75, 1.068], [3110.76, 0.168], [3110.77, 0.279]], "timestamp": "2025-12-14T09:13:27.540061+00:00"}, {"symbol": "ETHUSDT", "bids": [[3110.22, 54.541], [3110.21, 0.014], [3110.2, 0.532], [3110.19, 0.007], [3110.18, 0.045], [3110.16, 0.007], [3110.15, 0.007], [3110.14, 2.453], [3110.13, 15.007], [3110.12, 0.015], [3110.11, 0.038], [3110.1, 0.045], [3110.09, 0.007], [3110.08, 0.014], [3110.07, 0.205], [3110.06, 2.263], [3110.05, 0.021], [3110.04, 0.438], [3110.03, 0.138], [3110.02, 0.044]], "asks": [[3110.23, 210.457], [3110.24, 6.515], [3110.25, 0.024], [3110.26, 6.075], [3110.27, 16.062], [3110.28, 0.094], [3110.29, 0.154], [3110.3, 0.024], [3110.31, 0.739], [3110.33, 0.055], [3110.34, 7.737], [3110.35, 0.381], [3110.36, 0.167], [3110.37, 1.353], [3110.39, 2.515], [3110.4, 0.658], [3110.41, 10.004], [3110.42, 10.048], [3110.43, 0.721], [3110.44, 6.43]], "timestamp": "2025-12-14T09:14:20.686171+00:00"}, {"symbol": "ETHUSDT", "bids": [[3110.36, 208.811], [3110.35, 2.914], [3110.34, 3.138], [3110.33, 4.16], [3110.32, 0.007], [3110.31, 0.328], [3110.3, 0.787], [3110.29, 1.338], [3110.28, 0.651], [3110.27, 0.007], [3110.26, 0.023], [3110.25, 0.025], [3110.24, 2.503], [3110.23, 21.722], [3110.22, 1.481], [3110.21, 0.009], [3110.2, 46.442], [3110.19, 0.661], [3110.18, 36.982], [3110.17, 0.023]], "asks": [[3110.37, 6.235], [3110.38, 0.366], [3110.39, 0.016], [3110.4, 0.178], [3110.41, 1.63], [3110.42, 0.087], [3110.43, 0.007], [3110.44, 0.009], [3110.45, 0.105], [3110.46, 0.258], [3110.47, 6.439], [3110.48, 0.007], [3110.49, 0.024], [3110.5, 0.177], [3110.51, 0.016], [3110.52, 0.029], [3110.53, 0.228], [3110.54, 0.052], [3110.55, 0.584], [3110.56, 0.842]], "timestamp": "2025-12-14T09:15:13.423839+00:00"}, {"symbol": "ETHUSDT", "bids": [[3109.99, 90.249], [3109.98, 0.147], [3109.97, 0.102], [3109.96, 2.647], [3109.95, 2.89], [3109.94, 5.648], [3109.93, 0.007], [3109.92, 1.309], [3109.9, 0.696], [3109.89, 2.239], [3109.88, 0.014], [3109.87, 0.025], [3109.86, 0.038], [3109.85, 1.653], [3109.84, 0.026], [3109.83, 0.238], [3109.82, 0.014], [3109.81, 0.026], [3109.8, 11.218], [3109.79, 0.416]], "asks": [[3110.0, 24.336], [3110.01, 0.713], [3110.02, 1.616], [3110.03, 0.282], [3110.04, 0.975], [3110.05, 0.007], [3110.06, 0.884], [3110.08, 0.054], [3110.09, 0.017], [3110.1, 0.104], [3110.11, 0.016], [3110.12, 0.055], [3110.13, 0.115], [3110.14, 0.023], [3110.15, 0.352], [3110.16, 0.85], [3110.17, 0.023], [3110.18, 0.028], [3110.19, 0.652], [3110.2, 1.053]], "timestamp": "2025-12-14T09:16:06.393507+00:00"}, {"symbol": "ETHUSDT", "bids": [[3110.51, 42.939], [3110.5, 0.578], [3110.49, 0.147], [3110.48, 0.203], [3110.47, 0.102], [3110.46, 0.111], [3110.45, 0.125], [3110.44, 11.067], [3110.43, 37.456], [3110.42, 0.068], [3110.41, 0.023], [3110.4, 0.534], [3110.39, 0.023], [3110.38, 0.054], [3110.37, 0.028], [3110.36, 2.091], [3110.35, 13.261], [3110.34, 0.903], [3110.33, 0.118], [3110.32, 0.007]], "asks": [[3110.52, 90.001], [3110.53, 0.021], [3110.54, 0.115], [3110.55, 0.039], [3110.56, 0.052], [3110.57, 0.035], [3110.58, 0.007], [3110.59, 9.63], [3110.6, 6.499], [3110.61, 1.652], [3110.62, 0.457], [3110.63, 0.121], [3110.64, 0.184], [3110.65, 0.65], [3110.66, 6.994], [3110.67, 1.323], [3110.68, 0.024], [3110.69, 3.224], [3110.7, 0.058], [3110.71, 14.822]], "timestamp": "2025-12-14T09:16:59.716030+00:00"}, {"symbol": "ETHUSDT", "bids": [[3111.48, 102.613], [3111.47, 0.071], [3111.46, 1.237], [3111.45, 1.669], [3111.44, 1.493], [3111.43, 0.115], [3111.42, 1.446], [3111.41, 0.054], [3111.4, 0.432], [3111.39, 0.024], [3111.38, 0.023], [3111.37, 0.045], [3111.36, 2.066], [3111.35, 1.936], [3111.34, 0.058], [3111.33, 0.328], [3111.32, 2.511], [3111.31, 0.119], [3111.3, 0.44], [3111.29, 0.146]], "asks": [[3111.49, 37.561], [3111.5, 53.872], [3111.51, 0.077], [3111.52, 0.53], [3111.53, 1.92], [3111.54, 0.063], [3111.55, 0.62], [3111.56, 11.665], [3111.57, 0.205], [3111.58, 0.021], [3111.59, 0.009], [3111.6, 1.457], [3111.61, 1.879], [3111.62, 1.384], [3111.63, 0.112], [3111.64, 0.375], [3111.65, 0.836], [3111.66, 0.062], [3111.67, 0.023], [3111.68, 14.762]], "timestamp": "2025-12-14T09:17:52.868798+00:00"}, {"symbol": "ETHUSDT", "bids": [[3111.06, 13.233], [3111.05, 0.482], [3111.04, 0.056], [3111.03, 0.127], [3111.02, 0.007], [3111.01, 0.009], [3111.0, 31.959], [3110.99, 0.014], [3110.98, 0.036], [3110.97, 0.007], [3110.96, 0.045], [3110.95, 0.032], [3110.94, 0.031], [3110.93, 0.014], [3110.92, 0.023], [3110.91, 0.064], [3110.9, 0.017], [3110.89, 0.03], [3110.88, 0.031], [3110.87, 4.008]], "asks": [[3111.07, 121.025], [3111.08, 1.099], [3111.09, 2.363], [3111.1, 1.63], [3111.11, 1.295], [3111.12, 0.025], [3111.13, 0.054], [3111.14, 0.016], [3111.15, 0.831], [3111.16, 1.666], [3111.17, 0.779], [3111.18, 1.233], [3111.19, 4.44], [3111.2, 0.778], [3111.21, 0.58], [3111.22, 0.126], [3111.23, 22.101], [3111.24, 4.531], [3111.25, 2.323], [3111.26, 0.055]], "timestamp": "2025-12-14T09:18:45.604925+00:00"}, {"symbol": "ETHUSDT", "bids": [[3110.65, 8.956], [3110.64, 0.06], [3110.63, 0.016], [3110.62, 0.016], [3110.6, 0.046], [3110.59, 0.045], [3110.58, 0.023], [3110.57, 0.007], [3110.56, 0.009], [3110.55, 12.222], [3110.54, 0.016], [3110.53, 0.066], [3110.52, 0.024], [3110.51, 0.043], [3110.5, 0.028], [3110.49, 0.102], [3110.48, 0.009], [3110.47, 1.307], [3110.46, 0.846], [3110.45, 0.016]], "asks": [[3110.66, 274.034], [3110.67, 43.416], [3110.68, 0.014], [3110.69, 6.579], [3110.7, 194.745], [3110.71, 13.171], [3110.72, 0.074], [3110.73, 3.599], [3110.74, 0.03], [3110.75, 0.009], [3110.76, 1.293], [3110.77, 0.03], [3110.79, 0.054], [3110.8, 1.321], [3110.82, 0.653], [3110.83, 0.052], [3110.84, 0.014], [3110.85, 3.327], [3110.86, 16.129], [3110.87, 4.524]], "timestamp": "2025-12-14T09:19:38.478166+00:00"}, {"symbol": "ETHUSDT", "bids": [[3111.46, 6.954], [3111.45, 0.042], [3111.44, 0.007], [3111.43, 0.045], [3111.41, 0.016], [3111.39, 0.03], [3111.38, 0.038], [3111.37, 0.007], [3111.36, 0.996], [3111.35, 0.014], [3111.34, 0.007], [3111.33, 0.045], [3111.32, 0.009], [3111.31, 0.016], [3111.3, 0.021], [3111.29, 0.068], [3111.28, 0.017], [3111.27, 0.007], [3111.26, 0.557], [3111.25, 0.024]], "asks": [[3111.47, 125.126], [3111.48, 0.863], [3111.49, 0.073], [3111.5, 0.039], [3111.51, 0.295], [3111.52, 0.402], [3111.53, 0.62], [3111.54, 14.823], [3111.55, 16.861], [3111.56, 9.688], [3111.57, 3.72], [3111.58, 0.075], [3111.59, 0.054], [3111.6, 1.672], [3111.61, 3.234], [3111.62, 6.998], [3111.63, 10.119], [3111.64, 0.812], [3111.65, 0.193], [3111.66, 0.563]], "timestamp": "2025-12-14T09:20:31.706776+00:00"}, {"symbol": "ETHUSDT", "bids": [[3111.0, 24.1], [3110.99, 0.432], [3110.98, 1.5], [3110.97, 7.066], [3110.96, 0.007], [3110.95, 0.047], [3110.94, 0.042], [3110.93, 0.021], [3110.92, 0.094], [3110.91, 17.03], [3110.9, 0.023], [3110.89, 0.014], [3110.88, 0.015], [3110.87, 0.023], [3110.86, 0.052], [3110.85, 0.666], [3110.84, 0.014], [3110.83, 0.016], [3110.82, 4.115], [3110.81, 6.533]], "asks": [[3111.01, 97.334], [3111.02, 0.086], [3111.03, 2.961], [3111.04, 0.007], [3111.05, 0.505], [3111.06, 0.351], [3111.07, 0.053], [3111.08, 0.603], [3111.09, 0.335], [3111.1, 2.365], [3111.11, 2.926], [3111.12, 0.059], [3111.14, 3.353], [3111.15, 0.137], [3111.16, 1.775], [3111.17, 4.582], [3111.18, 0.037], [3111.19, 0.374], [3111.2, 0.076], [3111.21, 1.614]], "timestamp": "2025-12-14T09:21:24.884876+00:00"}, {"symbol": "ETHUSDT", "bids": [[3110.91, 28.13], [3110.9, 0.048], [3110.89, 0.1], [3110.88, 0.015], [3110.87, 0.016], [3110.86, 1.538], [3110.85, 0.023], [3110.84, 0.014], [3110.83, 0.016], [3110.81, 0.07], [3110.8, 2.065], [3110.79, 0.009], [3110.78, 0.055], [3110.77, 0.045], [3110.76, 0.135], [3110.75, 0.021], [3110.74, 0.014], [3110.73, 0.564], [3110.72, 1.756], [3110.71, 0.511]], "asks": [[3110.92, 99.167], [3110.93, 0.854], [3110.94, 2.903], [3110.95, 0.029], [3110.96, 0.007], [3110.97, 0.047], [3110.98, 2.897], [3110.99, 0.65], [3111.0, 5.044], [3111.01, 22.364], [3111.02, 3.063], [3111.03, 0.666], [3111.04, 3.24], [3111.05, 0.778], [3111.06, 0.389], [3111.07, 0.34], [3111.08, 0.149], [3111.09, 0.021], [3111.1, 1.338], [3111.11, 1.302]], "timestamp": "2025-12-14T09:22:17.663612+00:00"}, {"symbol": "ETHUSDT", "bids": [[3109.76, 226.378], [3109.75, 0.023], [3109.72, 0.205], [3109.71, 3.849], [3109.7, 1.257], [3109.69, 0.016], [3109.68, 3.24], [3109.65, 0.03], [3109.64, 8.469], [3109.63, 1.581], [3109.62, 12.396], [3109.61, 10.0], [3109.6, 1.309], [3109.59, 0.112], [3109.58, 17.487], [3109.57, 2.514], [3109.56, 16.095], [3109.55, 0.03], [3109.54, 30.822], [3109.53, 0.098]], "asks": [[3109.77, 22.833], [3109.78, 0.388], [3109.79, 0.642], [3109.8, 0.169], [3109.81, 0.016], [3109.82, 0.052], [3109.83, 0.53], [3109.84, 0.956], [3109.85, 0.009], [3109.86, 0.021], [3109.87, 0.083], [3109.88, 0.04], [3109.89, 0.675], [3109.9, 0.017], [3109.91, 0.009], [3109.92, 0.045], [3109.93, 1.701], [3109.94, 0.047], [3109.95, 0.035], [3109.96, 0.656]], "timestamp": "2025-12-14T09:23:11.432810+00:00"}, {"symbol": "ETHUSDT", "bids": [[3108.62, 39.913], [3108.61, 0.014], [3108.6, 95.757], [3108.59, 0.399], [3108.58, 0.311], [3108.57, 0.014], [3108.56, 0.045], [3108.55, 0.03], [3108.54, 0.047], [3108.53, 0.103], [3108.52, 1.894], [3108.51, 0.07], [3108.5, 0.065], [3108.49, 1.309], [3108.48, 0.015], [3108.47, 0.171], [3108.46, 0.175], [3108.45, 0.007], [3108.44, 0.062], [3108.43, 0.009]], "asks": [[3108.63, 125.93], [3108.64, 4.038], [3108.65, 3.214], [3108.66, 0.366], [3108.67, 3.011], [3108.68, 2.483], [3108.69, 0.094], [3108.7, 1.659], [3108.71, 0.722], [3108.72, 1.393], [3108.73, 0.264], [3108.74, 0.052], [3108.75, 0.007], [3108.76, 3.927], [3108.77, 1.781], [3108.78, 2.287], [3108.79, 0.433], [3108.8, 0.089], [3108.81, 4.295], [3108.82, 2.502]], "timestamp": "2025-12-14T09:24:04.231272+00:00"}, {"symbol": "ETHUSDT", "bids": [[3110.22, 155.447], [3110.21, 0.086], [3110.2, 0.887], [3110.19, 0.102], [3110.18, 0.102], [3110.17, 0.203], [3110.16, 0.102], [3110.15, 0.111], [3110.14, 1.433], [3110.13, 0.102], [3110.12, 0.142], [3110.11, 0.644], [3110.1, 0.094], [3110.09, 0.016], [3110.08, 6.192], [3110.07, 0.014], [3110.06, 1.341], [3110.05, 0.037], [3110.04, 0.007], [3110.03, 0.09]], "asks": [[3110.23, 51.503], [3110.24, 0.546], [3110.25, 0.063], [3110.26, 0.007], [3110.27, 0.124], [3110.28, 0.473], [3110.29, 0.048], [3110.3, 0.04], [3110.31, 0.253], [3110.32, 0.009], [3110.33, 0.069], [3110.34, 0.992], [3110.35, 2.277], [3110.36, 0.651], [3110.37, 0.429], [3110.38, 1.639], [3110.39, 0.205], [3110.4, 0.062], [3110.41, 0.035], [3110.42, 2.844]], "timestamp": "2025-12-14T09:24:57.418442+00:00"}, {"symbol": "ETHUSDT", "bids": [[3109.46, 70.344], [3109.45, 41.956], [3109.44, 39.685], [3109.43, 30.106], [3109.42, 0.102], [3109.41, 0.016], [3109.4, 2.624], [3109.39, 1.25], [3109.38, 0.697], [3109.37, 0.401], [3109.35, 16.556], [3109.34, 9.95], [3109.33, 1.286], [3109.32, 0.7], [3109.31, 0.03], [3109.3, 0.062], [3109.29, 0.14], [3109.28, 0.014], [3109.27, 0.019], [3109.26, 9.552]], "asks": [[3109.47, 57.343], [3109.48, 0.184], [3109.49, 0.102], [3109.5, 0.13], [3109.51, 0.038], [3109.52, 1.581], [3109.53, 0.166], [3109.54, 0.009], [3109.55, 0.021], [3109.56, 0.007], [3109.57, 0.11], [3109.58, 0.021], [3109.59, 0.007], [3109.6, 0.04], [3109.61, 0.491], [3109.62, 0.66], [3109.63, 0.009], [3109.64, 0.028], [3109.65, 1.347], [3109.66, 0.53]], "timestamp": "2025-12-14T09:25:50.543672+00:00"}, {"symbol": "ETHUSDT", "bids": [[3109.57, 42.758], [3109.56, 0.021], [3109.55, 0.047], [3109.54, 0.328], [3109.53, 0.168], [3109.52, 0.034], [3109.51, 0.064], [3109.5, 0.021], [3109.49, 0.023], [3109.48, 0.784], [3109.47, 0.039], [3109.46, 0.014], [3109.45, 0.391], [3109.44, 0.819], [3109.43, 0.826], [3109.42, 2.464], [3109.41, 0.068], [3109.4, 0.486], [3109.39, 0.142], [3109.38, 0.658]], "asks": [[3109.58, 259.338], [3109.59, 0.007], [3109.6, 0.079], [3109.61, 2.145], [3109.62, 0.125], [3109.63, 1.134], [3109.64, 1.013], [3109.65, 1.226], [3109.66, 1.595], [3109.67, 4.033], [3109.68, 0.214], [3109.69, 0.009], [3109.7, 0.028], [3109.71, 0.054], [3109.72, 1.299], [3109.73, 0.007], [3109.74, 0.026], [3109.75, 0.028], [3109.76, 1.982], [3109.77, 3.687]], "timestamp": "2025-12-14T09:26:43.506549+00:00"}, {"symbol": "ETHUSDT", "bids": [[3109.25, 48.632], [3109.24, 0.014], [3109.23, 0.524], [3109.22, 1.277], [3109.2, 0.03], [3109.19, 0.064], [3109.18, 1.3], [3109.16, 0.016], [3109.15, 0.038], [3109.14, 0.014], [3109.13, 0.016], [3109.12, 0.981], [3109.11, 0.16], [3109.1, 3.156], [3109.09, 7.669], [3109.08, 0.007], [3109.07, 1.75], [3109.06, 0.276], [3109.05, 2.346], [3109.04, 1.152]], "asks": [[3109.26, 146.371], [3109.27, 0.014], [3109.3, 0.017], [3109.31, 30.111], [3109.32, 0.024], [3109.34, 0.332], [3109.35, 31.683], [3109.36, 2.78], [3109.37, 0.014], [3109.38, 0.653], [3109.4, 0.078], [3109.41, 0.813], [3109.42, 42.75], [3109.43, 37.087], [3109.44, 0.047], [3109.45, 0.513], [3109.46, 0.061], [3109.47, 0.176], [3109.48, 0.007], [3109.49, 0.358]], "timestamp": "2025-12-14T09:27:36.755260+00:00"}, {"symbol": "ETHUSDT", "bids": [[3110.79, 18.78], [3110.78, 0.028], [3110.77, 0.007], [3110.76, 0.02], [3110.75, 0.045], [3110.74, 0.115], [3110.73, 0.009], [3110.72, 0.021], [3110.71, 0.016], [3110.7, 0.434], [3110.69, 1.648], [3110.68, 0.03], [3110.67, 1.714], [3110.66, 0.994], [3110.65, 0.374], [3110.64, 1.034], [3110.63, 0.328], [3110.62, 0.03], [3110.61, 0.16], [3110.6, 0.066]], "asks": [[3110.8, 182.392], [3110.81, 0.014], [3110.82, 0.031], [3110.84, 7.1], [3110.85, 0.113], [3110.86, 9.831], [3110.87, 3.198], [3110.88, 0.62], [3110.89, 0.059], [3110.9, 0.132], [3110.91, 1.031], [3110.92, 0.007], [3110.93, 0.064], [3110.94, 3.186], [3110.95, 1.447], [3110.96, 0.026], [3110.97, 0.525], [3110.98, 0.605], [3110.99, 0.016], [3111.0, 5.854]], "timestamp": "2025-12-14T09:28:29.799824+00:00"}, {"symbol": "ETHUSDT", "bids": [[3109.78, 28.893], [3109.77, 1.45], [3109.76, 1.507], [3109.75, 0.007], [3109.73, 0.009], [3109.72, 0.045], [3109.71, 0.03], [3109.7, 0.065], [3109.69, 0.007], [3109.68, 0.045], [3109.67, 0.023], [3109.66, 0.007], [3109.65, 0.03], [3109.64, 0.023], [3109.63, 0.054], [3109.62, 0.007], [3109.61, 1.266], [3109.6, 0.035], [3109.59, 16.091], [3109.58, 6.085]], "asks": [[3109.79, 83.544], [3109.8, 1.504], [3109.81, 8.382], [3109.82, 0.009], [3109.83, 0.045], [3109.84, 0.023], [3109.85, 0.684], [3109.86, 1.3], [3109.87, 0.059], [3109.88, 0.007], [3109.89, 0.187], [3109.9, 0.391], [3109.91, 6.431], [3109.92, 0.226], [3109.93, 1.969], [3109.95, 2.674], [3109.96, 0.486], [3109.98, 0.344], [3109.99, 0.516], [3110.0, 1.47]], "timestamp": "2025-12-14T09:29:23.502349+00:00"}, {"symbol": "ETHUSDT", "bids": [[3108.22, 68.773], [3108.21, 0.143], [3108.2, 0.074], [3108.19, 0.009], [3108.18, 0.359], [3108.17, 0.354], [3108.16, 1.317], [3108.15, 0.96], [3108.14, 0.498], [3108.13, 16.108], [3108.12, 17.143], [3108.11, 49.886], [3108.1, 0.101], [3108.08, 0.653], [3108.07, 0.024], [3108.06, 5.216], [3108.05, 1.009], [3108.04, 0.033], [3108.03, 1.258], [3108.02, 1.319]], "asks": [[3108.23, 15.766], [3108.24, 0.021], [3108.25, 0.007], [3108.27, 0.045], [3108.28, 0.125], [3108.3, 0.03], [3108.31, 0.055], [3108.33, 0.047], [3108.34, 0.826], [3108.35, 0.644], [3108.36, 0.016], [3108.37, 0.395], [3108.38, 0.038], [3108.39, 0.009], [3108.4, 2.523], [3108.41, 0.022], [3108.42, 0.07], [3108.43, 0.007], [3108.44, 0.023], [3108.45, 0.021]], "timestamp": "2025-12-14T09:30:16.414621+00:00"}, {"symbol": "ETHUSDT", "bids": [[3107.19, 228.181], [3107.18, 1.946], [3107.16, 0.016], [3107.15, 0.038], [3107.14, 0.009], [3107.13, 1.319], [3107.12, 3.12], [3107.11, 3.546], [3107.1, 0.59], [3107.09, 0.011], [3107.08, 0.023], [3107.07, 3.828], [3107.06, 0.047], [3107.04, 0.674], [3107.03, 10.494], [3107.02, 30.377], [3107.01, 21.121], [3107.0, 1.116], [3106.99, 1.984], [3106.98, 0.016]], "asks": [[3107.2, 0.665], [3107.21, 2.501], [3107.22, 0.007], [3107.23, 0.03], [3107.24, 0.29], [3107.25, 1.22], [3107.26, 0.016], [3107.27, 0.612], [3107.28, 0.025], [3107.29, 0.055], [3107.31, 0.03], [3107.32, 0.711], [3107.33, 0.038], [3107.34, 0.01], [3107.35, 1.137], [3107.36, 0.055], [3107.38, 0.061], [3107.39, 1.073], [3107.4, 1.031], [3107.41, 0.03]], "timestamp": "2025-12-14T09:31:09.361872+00:00"}, {"symbol": "ETHUSDT", "bids": [[3106.6, 296.312], [3106.59, 5.683], [3106.58, 7.463], [3106.57, 0.192], [3106.55, 4.437], [3106.54, 0.66], [3106.53, 0.109], [3106.52, 0.089], [3106.51, 0.041], [3106.5, 3.221], [3106.49, 1.304], [3106.48, 0.016], [3106.47, 0.127], [3106.46, 0.021], [3106.45, 12.859], [3106.44, 0.021], [3106.43, 0.016], [3106.42, 5.578], [3106.41, 1.524], [3106.4, 0.288]], "asks": [[3106.61, 37.015], [3106.62, 1.286], [3106.63, 0.965], [3106.64, 0.993], [3106.65, 0.961], [3106.66, 1.046], [3106.67, 0.934], [3106.68, 0.918], [3106.69, 0.905], [3106.7, 0.967], [3106.71, 0.652], [3106.72, 0.007], [3106.73, 0.224], [3106.74, 0.835], [3106.75, 2.048], [3106.76, 0.936], [3106.77, 0.827], [3106.78, 0.036], [3106.79, 0.108], [3106.8, 0.497]], "timestamp": "2025-12-14T09:32:02.449227+00:00"}, {"symbol": "ETHUSDT", "bids": [[3107.51, 200.159], [3107.5, 59.027], [3107.49, 30.146], [3107.48, 33.471], [3107.47, 0.021], [3107.46, 1.297], [3107.45, 0.016], [3107.44, 0.107], [3107.43, 3.515], [3107.42, 30.007], [3107.41, 0.023], [3107.4, 0.042], [3107.39, 5.031], [3107.38, 3.359], [3107.37, 0.03], [3107.36, 5.536], [3107.35, 0.36], [3107.34, 0.207], [3107.33, 0.028], [3107.32, 0.048]], "asks": [[3107.52, 5.874], [3107.53, 2.109], [3107.54, 2.466], [3107.55, 1.349], [3107.56, 1.397], [3107.57, 1.492], [3107.58, 1.371], [3107.59, 1.308], [3107.6, 0.03], [3107.61, 0.047], [3107.62, 1.079], [3107.63, 0.11], [3107.64, 0.018], [3107.65, 0.045], [3107.66, 0.03], [3107.67, 1.258], [3107.68, 0.03], [3107.69, 1.116], [3107.7, 0.582], [3107.71, 0.058]], "timestamp": "2025-12-14T09:32:55.633434+00:00"}, {"symbol": "ETHUSDT", "bids": [[3111.08, 176.534], [3111.07, 6.612], [3111.06, 0.068], [3111.05, 0.007], [3111.03, 0.063], [3111.02, 0.007], [3111.01, 0.023], [3111.0, 30.116], [3110.99, 1.921], [3110.98, 0.009], [3110.97, 0.54], [3110.96, 0.016], [3110.95, 1.655], [3110.94, 0.337], [3110.93, 0.059], [3110.92, 0.065], [3110.91, 0.023], [3110.9, 2.248], [3110.89, 0.047], [3110.88, 1.322]], "asks": [[3111.09, 62.462], [3111.1, 1.3], [3111.11, 1.221], [3111.12, 1.74], [3111.14, 0.009], [3111.15, 0.105], [3111.16, 1.58], [3111.17, 0.29], [3111.18, 0.01], [3111.19, 2.106], [3111.2, 3.221], [3111.21, 0.065], [3111.22, 0.045], [3111.23, 0.308], [3111.25, 0.052], [3111.26, 0.061], [3111.27, 1.3], [3111.28, 0.643], [3111.29, 0.018], [3111.3, 0.415]], "timestamp": "2025-12-14T09:33:48.474860+00:00"}, {"symbol": "ETHUSDT", "bids": [[3110.0, 78.582], [3109.99, 0.059], [3109.97, 0.91], [3109.96, 0.042], [3109.95, 0.045], [3109.94, 0.107], [3109.93, 0.325], [3109.92, 0.015], [3109.91, 0.045], [3109.9, 0.078], [3109.89, 4.617], [3109.88, 7.574], [3109.87, 0.03], [3109.86, 0.167], [3109.85, 1.502], [3109.84, 0.023], [3109.83, 0.013], [3109.82, 0.659], [3109.81, 0.062], [3109.8, 16.408]], "asks": [[3110.01, 59.937], [3110.02, 0.052], [3110.03, 0.044], [3110.04, 0.653], [3110.05, 0.007], [3110.06, 0.016], [3110.07, 1.388], [3110.08, 0.016], [3110.09, 0.021], [3110.1, 0.021], [3110.11, 1.301], [3110.12, 0.489], [3110.14, 0.665], [3110.15, 0.434], [3110.16, 2.877], [3110.17, 0.036], [3110.18, 0.035], [3110.19, 1.135], [3110.2, 2.348], [3110.21, 0.355]], "timestamp": "2025-12-14T09:34:41.720762+00:00"}, {"symbol": "ETHUSDT", "bids": [[3110.72, 270.756], [3110.71, 49.719], [3110.7, 2.323], [3110.69, 0.014], [3110.68, 0.014], [3110.67, 0.11], [3110.66, 0.108], [3110.65, 30.062], [3110.64, 30.688], [3110.63, 0.035], [3110.62, 0.025], [3110.61, 1.286], [3110.6, 0.037], [3110.59, 47.664], [3110.58, 0.089], [3110.57, 0.007], [3110.56, 0.16], [3110.55, 2.664], [3110.54, 20.173], [3110.53, 4.845]], "asks": [[3110.73, 0.949], [3110.74, 0.411], [3110.76, 0.113], [3110.77, 0.007], [3110.78, 0.147], [3110.79, 0.007], [3110.8, 0.039], [3110.81, 0.007], [3110.82, 0.657], [3110.83, 0.031], [3110.84, 0.007], [3110.85, 0.007], [3110.86, 0.088], [3110.87, 0.007], [3110.88, 0.022], [3110.89, 0.958], [3110.9, 0.465], [3110.91, 0.174], [3110.92, 0.009], [3110.93, 0.007]], "timestamp": "2025-12-14T09:35:34.770281+00:00"}, {"symbol": "ETHUSDT", "bids": [[3110.72, 80.034], [3110.71, 7.092], [3110.7, 1.116], [3110.69, 0.007], [3110.68, 0.016], [3110.67, 0.106], [3110.66, 0.009], [3110.65, 0.11], [3110.64, 0.023], [3110.63, 0.007], [3110.62, 0.044], [3110.61, 0.642], [3110.6, 0.457], [3110.59, 0.007], [3110.58, 0.719], [3110.57, 0.007], [3110.56, 1.286], [3110.55, 0.396], [3110.54, 0.021], [3110.53, 0.65]], "asks": [[3110.73, 78.899], [3110.74, 0.78], [3110.75, 0.11], [3110.76, 0.117], [3110.77, 0.038], [3110.78, 0.047], [3110.79, 2.975], [3110.8, 0.035], [3110.81, 0.603], [3110.82, 0.657], [3110.83, 0.034], [3110.84, 0.021], [3110.85, 0.007], [3110.86, 0.088], [3110.87, 1.307], [3110.88, 0.077], [3110.89, 0.965], [3110.9, 0.472], [3110.91, 0.014], [3110.92, 0.016]], "timestamp": "2025-12-14T09:36:28.217496+00:00"}, {"symbol": "ETHUSDT", "bids": [[3110.39, 174.034], [3110.38, 0.035], [3110.36, 0.035], [3110.34, 0.116], [3110.33, 9.117], [3110.32, 0.009], [3110.31, 0.021], [3110.3, 1.303], [3110.29, 0.597], [3110.28, 0.167], [3110.27, 0.081], [3110.25, 42.491], [3110.24, 0.075], [3110.23, 0.386], [3110.22, 1.306], [3110.21, 1.302], [3110.2, 0.068], [3110.19, 15.944], [3110.18, 37.885], [3110.17, 10.0]], "asks": [[3110.4, 21.12], [3110.41, 1.881], [3110.42, 0.107], [3110.43, 0.054], [3110.44, 1.286], [3110.45, 0.04], [3110.46, 0.296], [3110.47, 0.052], [3110.48, 0.016], [3110.49, 0.021], [3110.5, 0.017], [3110.51, 0.054], [3110.52, 0.673], [3110.53, 0.016], [3110.54, 0.014], [3110.55, 1.03], [3110.56, 1.557], [3110.57, 1.566], [3110.58, 1.281], [3110.59, 0.066]], "timestamp": "2025-12-14T09:37:21.569280+00:00"}, {"symbol": "ETHUSDT", "bids": [[3111.0, 26.015], [3110.99, 0.021], [3110.98, 0.009], [3110.97, 0.045], [3110.96, 0.014], [3110.95, 0.026], [3110.94, 0.016], [3110.93, 0.066], [3110.92, 0.084], [3110.91, 0.016], [3110.9, 0.023], [3110.89, 0.416], [3110.88, 2.44], [3110.87, 0.031], [3110.86, 0.659], [3110.85, 0.08], [3110.84, 9.39], [3110.83, 40.206], [3110.82, 0.03], [3110.81, 0.055]], "asks": [[3111.01, 175.381], [3111.02, 0.094], [3111.03, 1.473], [3111.04, 0.007], [3111.05, 0.007], [3111.06, 0.652], [3111.07, 0.007], [3111.08, 0.016], [3111.09, 0.059], [3111.1, 0.023], [3111.11, 3.328], [3111.12, 0.167], [3111.13, 1.085], [3111.14, 0.041], [3111.15, 0.411], [3111.16, 0.016], [3111.17, 9.329], [3111.18, 45.968], [3111.19, 0.129], [3111.2, 0.855]], "timestamp": "2025-12-14T09:38:14.643559+00:00"}, {"symbol": "ETHUSDT", "bids": [[3110.0, 88.476], [3109.99, 0.144], [3109.98, 12.85], [3109.97, 0.924], [3109.96, 0.037], [3109.95, 0.045], [3109.94, 1.3], [3109.93, 0.017], [3109.92, 0.031], [3109.91, 0.052], [3109.9, 0.725], [3109.89, 36.367], [3109.88, 0.021], [3109.87, 0.033], [3109.86, 1.945], [3109.85, 37.247], [3109.84, 2.882], [3109.83, 0.173], [3109.82, 0.752], [3109.81, 0.022]], "asks": [[3110.01, 57.352], [3110.02, 0.007], [3110.03, 0.116], [3110.05, 1.283], [3110.06, 1.309], [3110.08, 0.355], [3110.09, 22.931], [3110.1, 0.075], [3110.11, 0.007], [3110.12, 0.016], [3110.13, 0.014], [3110.14, 4.329], [3110.15, 0.051], [3110.16, 0.183], [3110.17, 1.304], [3110.18, 0.066], [3110.19, 0.009], [3110.2, 0.398], [3110.21, 1.64], [3110.22, 0.021]], "timestamp": "2025-12-14T09:39:08.413561+00:00"}, {"symbol": "ETHUSDT", "bids": [[3110.2, 109.622], [3110.19, 0.672], [3110.18, 0.045], [3110.17, 0.752], [3110.16, 0.024], [3110.15, 0.016], [3110.14, 6.277], [3110.13, 0.159], [3110.11, 0.018], [3110.1, 20.105], [3110.09, 1.381], [3110.08, 5.188], [3110.07, 17.944], [3110.06, 0.017], [3110.05, 11.643], [3110.04, 21.897], [3110.03, 0.028], [3110.02, 9.997], [3110.01, 0.535], [3110.0, 3.557]], "asks": [[3110.21, 198.672], [3110.22, 0.109], [3110.23, 0.095], [3110.25, 0.107], [3110.26, 0.009], [3110.27, 0.038], [3110.28, 0.089], [3110.29, 0.338], [3110.3, 0.007], [3110.31, 0.058], [3110.32, 0.137], [3110.33, 0.095], [3110.34, 0.016], [3110.35, 0.052], [3110.37, 0.009], [3110.38, 0.021], [3110.39, 0.019], [3110.4, 0.204], [3110.41, 0.549], [3110.42, 2.427]], "timestamp": "2025-12-14T09:40:01.316091+00:00"}, {"symbol": "ETHUSDT", "bids": [[3110.33, 5.724], [3110.32, 0.025], [3110.31, 0.045], [3110.3, 0.099], [3110.29, 0.951], [3110.28, 0.034], [3110.27, 0.023], [3110.26, 0.023], [3110.25, 0.061], [3110.24, 0.014], [3110.23, 0.042], [3110.22, 0.007], [3110.21, 2.537], [3110.2, 0.057], [3110.19, 0.014], [3110.18, 0.028], [3110.17, 0.333], [3110.16, 6.438], [3110.15, 0.066], [3110.14, 0.009]], "asks": [[3110.34, 170.706], [3110.35, 0.233], [3110.36, 0.133], [3110.37, 0.202], [3110.38, 0.032], [3110.39, 0.668], [3110.4, 0.288], [3110.41, 1.333], [3110.42, 11.8], [3110.43, 0.016], [3110.44, 0.038], [3110.45, 0.374], [3110.46, 1.982], [3110.47, 0.658], [3110.48, 0.066], [3110.49, 0.014], [3110.5, 1.75], [3110.51, 0.054], [3110.52, 0.385], [3110.53, 0.978]], "timestamp": "2025-12-14T09:40:54.872030+00:00"}, {"symbol": "ETHUSDT", "bids": [[3110.53, 0.899], [3110.52, 0.015], [3110.51, 0.009], [3110.5, 0.054], [3110.49, 0.007], [3110.48, 0.062], [3110.47, 0.03], [3110.46, 0.007], [3110.45, 0.009], [3110.44, 0.021], [3110.43, 0.045], [3110.42, 0.009], [3110.41, 0.007], [3110.4, 0.076], [3110.39, 0.027], [3110.38, 0.045], [3110.37, 0.054], [3110.35, 0.037], [3110.34, 1.293], [3110.33, 0.712]], "asks": [[3110.54, 211.136], [3110.55, 0.068], [3110.56, 4.831], [3110.57, 53.584], [3110.58, 1.46], [3110.59, 1.302], [3110.6, 0.054], [3110.61, 0.096], [3110.62, 1.664], [3110.63, 0.976], [3110.64, 0.17], [3110.65, 2.129], [3110.67, 0.016], [3110.68, 0.021], [3110.69, 4.993], [3110.7, 4.374], [3110.71, 0.08], [3110.72, 0.116], [3110.73, 1.286], [3110.74, 0.083]], "timestamp": "2025-12-14T09:41:48.235654+00:00"}, {"symbol": "ETHUSDT", "bids": [[3109.65, 125.199], [3109.64, 53.035], [3109.63, 30.021], [3109.62, 30.681], [3109.61, 5.774], [3109.6, 1.366], [3109.59, 0.08], [3109.58, 0.111], [3109.57, 0.014], [3109.56, 0.075], [3109.55, 1.873], [3109.54, 0.027], [3109.53, 8.17], [3109.52, 0.061], [3109.51, 6.137], [3109.5, 12.08], [3109.49, 38.031], [3109.48, 0.079], [3109.47, 0.772], [3109.46, 0.026]], "asks": [[3109.66, 1.437], [3109.67, 0.052], [3109.68, 0.014], [3109.7, 0.016], [3109.71, 0.009], [3109.72, 0.047], [3109.73, 0.08], [3109.74, 0.016], [3109.75, 0.021], [3109.76, 0.311], [3109.77, 0.024], [3109.78, 0.059], [3109.8, 0.047], [3109.81, 0.016], [3109.83, 0.03], [3109.84, 0.216], [3109.85, 0.329], [3109.86, 0.079], [3109.87, 4.471], [3109.88, 0.045]], "timestamp": "2025-12-14T09:42:41.471562+00:00"}, {"symbol": "ETHUSDT", "bids": [[3109.43, 74.829], [3109.42, 0.069], [3109.41, 0.054], [3109.4, 0.669], [3109.39, 0.76], [3109.38, 1.388], [3109.37, 7.385], [3109.35, 0.681], [3109.34, 0.016], [3109.33, 0.023], [3109.32, 0.015], [3109.31, 13.118], [3109.3, 42.944], [3109.29, 0.121], [3109.28, 6.439], [3109.27, 1.908], [3109.26, 1.41], [3109.25, 10.086], [3109.24, 5.554], [3109.23, 1.323]], "asks": [[3109.44, 146.689], [3109.45, 0.052], [3109.47, 0.054], [3109.49, 0.054], [3109.5, 0.028], [3109.51, 0.009], [3109.52, 1.3], [3109.53, 0.045], [3109.54, 0.313], [3109.55, 0.014], [3109.56, 0.009], [3109.57, 0.072], [3109.58, 0.014], [3109.59, 0.102], [3109.6, 0.74], [3109.61, 0.059], [3109.62, 1.462], [3109.63, 1.156], [3109.64, 0.025], [3109.65, 0.771]], "timestamp": "2025-12-14T09:43:34.823597+00:00"}, {"symbol": "ETHUSDT", "bids": [[3109.37, 22.84], [3109.36, 1.379], [3109.35, 0.36], [3109.34, 0.235], [3109.33, 0.574], [3109.32, 0.015], [3109.31, 0.089], [3109.3, 0.014], [3109.29, 0.027], [3109.28, 0.014], [3109.27, 0.369], [3109.26, 0.3], [3109.25, 1.309], [3109.24, 1.376], [3109.23, 1.751], [3109.22, 0.689], [3109.21, 0.024], [3109.2, 0.065], [3109.19, 0.341], [3109.18, 0.094]], "asks": [[3109.38, 99.764], [3109.39, 0.355], [3109.4, 1.815], [3109.41, 0.1], [3109.42, 0.087], [3109.43, 0.016], [3109.44, 0.717], [3109.45, 1.089], [3109.46, 0.665], [3109.47, 0.342], [3109.49, 0.068], [3109.5, 0.67], [3109.51, 0.009], [3109.52, 0.424], [3109.53, 2.307], [3109.54, 0.021], [3109.55, 0.592], [3109.56, 0.54], [3109.57, 0.048], [3109.58, 0.337]], "timestamp": "2025-12-14T09:44:28.625408+00:00"}, {"symbol": "ETHUSDT", "bids": [[3109.22, 107.19], [3109.21, 0.167], [3109.2, 0.391], [3109.19, 14.876], [3109.18, 9.709], [3109.17, 57.925], [3109.16, 0.042], [3109.15, 0.36], [3109.14, 0.513], [3109.13, 0.05], [3109.12, 0.028], [3109.11, 0.047], [3109.1, 7.628], [3109.09, 8.444], [3109.08, 0.359], [3109.07, 0.016], [3109.06, 11.207], [3109.05, 6.556], [3109.04, 0.081], [3109.03, 0.026]], "asks": [[3109.23, 29.739], [3109.24, 0.18], [3109.25, 0.007], [3109.27, 0.045], [3109.28, 0.016], [3109.29, 0.326], [3109.3, 0.367], [3109.31, 0.021], [3109.32, 0.018], [3109.33, 0.017], [3109.34, 0.139], [3109.35, 0.016], [3109.36, 0.014], [3109.37, 0.112], [3109.38, 1.957], [3109.39, 0.467], [3109.4, 0.028], [3109.41, 0.047], [3109.42, 0.383], [3109.43, 0.054]], "timestamp": "2025-12-14T09:45:22.749160+00:00"}, {"symbol": "ETHUSDT", "bids": [[3108.48, 131.25], [3108.47, 1.35], [3108.45, 0.93], [3108.44, 0.084], [3108.43, 1.191], [3108.42, 4.537], [3108.41, 4.408], [3108.4, 4.692], [3108.39, 10.156], [3108.38, 0.657], [3108.37, 1.026], [3108.36, 13.371], [3108.35, 25.9], [3108.34, 8.345], [3108.33, 8.569], [3108.32, 18.424], [3108.31, 11.727], [3108.3, 6.83], [3108.29, 0.368], [3108.28, 14.315]], "asks": [[3108.49, 11.252], [3108.5, 0.021], [3108.51, 0.102], [3108.52, 0.045], [3108.53, 0.007], [3108.54, 0.009], [3108.55, 0.007], [3108.56, 3.589], [3108.57, 0.066], [3108.58, 0.007], [3108.59, 0.246], [3108.6, 0.389], [3108.61, 0.009], [3108.62, 0.061], [3108.63, 0.021], [3108.64, 0.357], [3108.65, 0.021], [3108.66, 0.088], [3108.67, 0.009], [3108.68, 0.021]], "timestamp": "2025-12-14T09:46:15.592157+00:00"}, {"symbol": "ETHUSDT", "bids": [[3109.29, 8.567], [3109.28, 0.747], [3109.27, 0.102], [3109.26, 0.016], [3109.25, 3.648], [3109.24, 0.029], [3109.23, 0.045], [3109.22, 0.03], [3109.2, 0.021], [3109.19, 0.061], [3109.18, 0.094], [3109.16, 1.124], [3109.15, 0.524], [3109.14, 1.113], [3109.13, 2.855], [3109.12, 23.495], [3109.11, 0.066], [3109.1, 6.447], [3109.09, 0.683], [3109.08, 0.014]], "asks": [[3109.3, 99.676], [3109.31, 6.728], [3109.32, 0.395], [3109.33, 0.102], [3109.34, 0.14], [3109.35, 0.464], [3109.36, 0.102], [3109.37, 0.102], [3109.38, 0.135], [3109.39, 0.348], [3109.4, 2.334], [3109.41, 0.061], [3109.42, 3.87], [3109.43, 0.054], [3109.44, 0.606], [3109.45, 0.047], [3109.46, 0.665], [3109.47, 0.337], [3109.49, 2.227], [3109.5, 0.37]], "timestamp": "2025-12-14T09:47:09.148812+00:00"}, {"symbol": "ETHUSDT", "bids": [[3109.0, 76.755], [3108.99, 0.043], [3108.98, 0.566], [3108.97, 0.016], [3108.96, 0.028], [3108.95, 0.016], [3108.94, 0.068], [3108.92, 0.044], [3108.91, 0.971], [3108.9, 0.066], [3108.89, 2.492], [3108.88, 0.021], [3108.87, 0.007], [3108.86, 0.019], [3108.85, 0.146], [3108.84, 7.252], [3108.82, 0.03], [3108.81, 6.505], [3108.8, 0.032], [3108.79, 0.928]], "asks": [[3109.01, 110.105], [3109.02, 0.12], [3109.03, 0.113], [3109.04, 0.204], [3109.05, 2.522], [3109.06, 0.376], [3109.07, 2.689], [3109.08, 0.111], [3109.09, 0.154], [3109.1, 0.522], [3109.11, 0.007], [3109.12, 0.494], [3109.13, 0.052], [3109.14, 3.579], [3109.15, 0.707], [3109.16, 0.07], [3109.17, 0.373], [3109.18, 0.007], [3109.19, 0.308], [3109.2, 5.054]], "timestamp": "2025-12-14T09:48:02.718578+00:00"}, {"symbol": "ETHUSDT", "bids": [[3108.5, 90.033], [3108.49, 0.132], [3108.48, 1.198], [3108.47, 0.734], [3108.46, 0.058], [3108.45, 1.35], [3108.44, 3.477], [3108.43, 0.009], [3108.42, 0.014], [3108.41, 0.088], [3108.4, 0.043], [3108.39, 1.176], [3108.38, 11.693], [3108.37, 0.047], [3108.36, 3.299], [3108.35, 1.304], [3108.34, 2.6], [3108.33, 11.177], [3108.32, 14.142], [3108.31, 6.519]], "asks": [[3108.51, 119.238], [3108.52, 0.052], [3108.53, 0.102], [3108.54, 0.16], [3108.55, 0.053], [3108.56, 0.464], [3108.57, 0.28], [3108.58, 0.009], [3108.59, 0.021], [3108.6, 0.392], [3108.61, 0.009], [3108.62, 1.989], [3108.63, 0.016], [3108.64, 0.014], [3108.65, 0.043], [3108.66, 6.371], [3108.67, 0.023], [3108.68, 0.803], [3108.69, 0.436], [3108.7, 2.974]], "timestamp": "2025-12-14T09:48:55.668240+00:00"}, {"symbol": "ETHUSDT", "bids": [[3107.57, 17.026], [3107.56, 0.09], [3107.55, 0.1], [3107.54, 0.016], [3107.53, 0.045], [3107.52, 0.026], [3107.51, 1.043], [3107.5, 2.665], [3107.49, 0.521], [3107.48, 2.497], [3107.47, 0.484], [3107.46, 4.262], [3107.45, 10.757], [3107.44, 0.026], [3107.43, 2.547], [3107.42, 1.288], [3107.41, 0.778], [3107.4, 0.132], [3107.39, 1.091], [3107.38, 2.385]], "asks": [[3107.58, 151.99], [3107.59, 11.78], [3107.6, 0.469], [3107.61, 0.16], [3107.62, 0.045], [3107.63, 0.016], [3107.64, 0.065], [3107.65, 79.479], [3107.66, 496.969], [3107.67, 0.035], [3107.68, 1.317], [3107.69, 2.171], [3107.7, 4.197], [3107.71, 0.667], [3107.72, 0.315], [3107.73, 0.33], [3107.74, 4.457], [3107.75, 0.023], [3107.76, 1.326], [3107.77, 0.009]], "timestamp": "2025-12-14T09:49:48.386755+00:00"}, {"symbol": "ETHUSDT", "bids": [[3108.16, 83.353], [3108.15, 0.014], [3108.14, 0.045], [3108.13, 0.016], [3108.12, 0.008], [3108.11, 0.03], [3108.1, 0.026], [3108.09, 0.038], [3108.08, 0.533], [3108.07, 0.88], [3108.06, 0.018], [3108.05, 0.071], [3108.04, 0.045], [3108.03, 0.014], [3108.02, 0.353], [3108.01, 0.017], [3108.0, 5.285], [3107.99, 0.03], [3107.98, 1.836], [3107.97, 5.989]], "asks": [[3108.17, 244.878], [3108.18, 0.034], [3108.19, 3.862], [3108.2, 0.15], [3108.22, 0.016], [3108.23, 0.026], [3108.24, 1.567], [3108.25, 17.958], [3108.26, 0.007], [3108.27, 0.305], [3108.28, 0.061], [3108.29, 1.626], [3108.3, 209.441], [3108.31, 21.304], [3108.32, 1.595], [3108.33, 0.653], [3108.34, 0.079], [3108.35, 0.179], [3108.36, 0.359], [3108.37, 1.69]], "timestamp": "2025-12-14T09:50:41.708958+00:00"}, {"symbol": "ETHUSDT", "bids": [[3107.97, 103.103], [3107.96, 0.023], [3107.95, 4.189], [3107.94, 3.789], [3107.92, 0.009], [3107.9, 0.071], [3107.89, 0.021], [3107.88, 15.059], [3107.87, 3.954], [3107.86, 4.365], [3107.85, 4.015], [3107.84, 2.132], [3107.83, 15.178], [3107.82, 56.959], [3107.81, 25.727], [3107.8, 0.265], [3107.79, 0.075], [3107.78, 54.558], [3107.77, 0.037], [3107.76, 0.016]], "asks": [[3107.98, 181.148], [3107.99, 0.717], [3108.0, 1.617], [3108.01, 0.109], [3108.02, 0.121], [3108.03, 1.04], [3108.04, 0.014], [3108.05, 0.339], [3108.06, 0.047], [3108.07, 0.045], [3108.08, 0.009], [3108.09, 0.623], [3108.1, 1.085], [3108.11, 0.052], [3108.12, 0.024], [3108.13, 7.053], [3108.14, 0.019], [3108.15, 0.066], [3108.16, 0.536], [3108.17, 0.314]], "timestamp": "2025-12-14T09:51:42.891695+00:00"}, {"symbol": "ETHUSDT", "bids": [[3107.65, 122.751], [3107.64, 2.863], [3107.63, 10.982], [3107.62, 10.592], [3107.61, 2.362], [3107.6, 0.13], [3107.59, 3.994], [3107.58, 45.336], [3107.57, 1.943], [3107.56, 0.062], [3107.55, 1.105], [3107.54, 1.009], [3107.53, 5.606], [3107.52, 0.991], [3107.51, 36.212], [3107.5, 50.881], [3107.49, 8.765], [3107.48, 6.108], [3107.47, 1.744], [3107.46, 7.285]], "asks": [[3107.66, 47.746], [3107.67, 0.014], [3107.68, 0.101], [3107.69, 0.007], [3107.7, 0.261], [3107.71, 0.009], [3107.72, 0.007], [3107.73, 0.009], [3107.74, 0.052], [3107.75, 0.007], [3107.76, 0.02], [3107.77, 1.0], [3107.78, 0.038], [3107.79, 0.009], [3107.8, 0.021], [3107.81, 1.505], [3107.82, 0.038], [3107.83, 0.032], [3107.85, 1.223], [3107.86, 0.023]], "timestamp": "2025-12-14T09:52:50.045943+00:00"}, {"symbol": "ETHUSDT", "bids": [[3107.97, 143.87], [3107.96, 0.046], [3107.95, 0.693], [3107.94, 0.729], [3107.93, 0.101], [3107.92, 10.478], [3107.91, 36.434], [3107.9, 1.005], [3107.89, 0.053], [3107.88, 2.114], [3107.87, 2.176], [3107.86, 3.455], [3107.85, 12.254], [3107.84, 5.051], [3107.83, 19.84], [3107.82, 42.998], [3107.81, 73.275], [3107.8, 50.457], [3107.79, 31.065], [3107.78, 30.801]], "asks": [[3107.98, 107.346], [3107.99, 0.052], [3108.0, 3.202], [3108.01, 5.017], [3108.02, 1.505], [3108.03, 0.482], [3108.04, 0.014], [3108.05, 0.009], [3108.06, 0.037], [3108.07, 0.563], [3108.08, 0.018], [3108.09, 0.793], [3108.1, 0.473], [3108.11, 0.052], [3108.12, 0.016], [3108.13, 5.576], [3108.14, 0.009], [3108.15, 0.477], [3108.16, 0.193], [3108.17, 0.957]], "timestamp": "2025-12-14T09:53:43.108646+00:00"}, {"symbol": "ETHUSDT", "bids": [[3107.66, 4.528], [3107.65, 8.046], [3107.64, 0.384], [3107.63, 3.008], [3107.62, 6.026], [3107.61, 0.078], [3107.6, 0.05], [3107.59, 0.007], [3107.58, 0.016], [3107.57, 4.659], [3107.56, 0.179], [3107.55, 0.04], [3107.54, 0.805], [3107.53, 9.266], [3107.52, 19.72], [3107.51, 1.044], [3107.5, 3.205], [3107.49, 2.637], [3107.48, 1.01], [3107.47, 0.016]], "asks": [[3107.67, 239.831], [3107.68, 0.072], [3107.69, 0.105], [3107.7, 1.767], [3107.71, 1.493], [3107.72, 11.012], [3107.73, 0.524], [3107.74, 0.007], [3107.75, 0.03], [3107.76, 0.41], [3107.77, 1.878], [3107.78, 0.021], [3107.79, 1.018], [3107.8, 0.021], [3107.81, 0.109], [3107.82, 1.52], [3107.83, 2.045], [3107.84, 5.464], [3107.85, 6.67], [3107.86, 0.658]], "timestamp": "2025-12-14T09:54:36.641922+00:00"}, {"symbol": "ETHUSDT", "bids": [[3107.21, 134.656], [3107.2, 43.153], [3107.19, 0.117], [3107.18, 1.109], [3107.17, 1.379], [3107.16, 0.386], [3107.15, 0.023], [3107.14, 0.069], [3107.13, 0.091], [3107.12, 0.016], [3107.11, 0.034], [3107.1, 1.439], [3107.09, 0.811], [3107.08, 0.028], [3107.07, 0.221], [3107.06, 0.04], [3107.05, 3.265], [3107.04, 0.022], [3107.03, 0.109], [3107.02, 2.131]], "asks": [[3107.22, 213.789], [3107.23, 0.048], [3107.24, 0.137], [3107.25, 0.087], [3107.26, 1.529], [3107.27, 0.009], [3107.28, 0.052], [3107.29, 0.016], [3107.3, 0.03], [3107.31, 0.33], [3107.33, 0.117], [3107.34, 1.354], [3107.35, 0.014], [3107.36, 0.117], [3107.38, 0.057], [3107.39, 0.681], [3107.4, 0.543], [3107.41, 0.606], [3107.42, 1.364], [3107.43, 1.939]], "timestamp": "2025-12-14T09:55:29.930749+00:00"}, {"symbol": "ETHUSDT", "bids": [[3107.83, 50.996], [3107.82, 20.742], [3107.81, 56.38], [3107.8, 0.079], [3107.79, 0.045], [3107.78, 0.08], [3107.76, 4.17], [3107.75, 85.883], [3107.74, 0.814], [3107.73, 1.972], [3107.72, 0.059], [3107.7, 0.472], [3107.69, 0.665], [3107.67, 31.937], [3107.66, 90.583], [3107.65, 0.876], [3107.64, 0.547], [3107.63, 4.083], [3107.62, 1.296], [3107.61, 0.799]], "asks": [[3107.84, 138.43], [3107.85, 1.318], [3107.87, 0.151], [3107.88, 1.15], [3107.89, 0.009], [3107.9, 0.028], [3107.91, 1.199], [3107.92, 1.302], [3107.93, 0.024], [3107.94, 0.038], [3107.95, 0.125], [3107.96, 0.651], [3107.97, 0.211], [3107.98, 0.605], [3107.99, 0.045], [3108.0, 1.027], [3108.01, 1.328], [3108.02, 0.405], [3108.03, 0.812], [3108.05, 0.021]], "timestamp": "2025-12-14T09:56:23.069753+00:00"}, {"symbol": "ETHUSDT", "bids": [[3108.02, 78.402], [3108.01, 33.298], [3108.0, 172.652], [3107.99, 0.132], [3107.98, 19.894], [3107.97, 0.016], [3107.96, 0.023], [3107.95, 11.786], [3107.94, 0.04], [3107.93, 0.023], [3107.92, 0.021], [3107.91, 0.007], [3107.9, 0.484], [3107.89, 1.307], [3107.88, 0.053], [3107.87, 0.03], [3107.86, 0.017], [3107.85, 5.657], [3107.84, 6.411], [3107.83, 1.075]], "asks": [[3108.03, 106.37], [3108.04, 0.338], [3108.05, 0.009], [3108.06, 1.331], [3108.07, 0.66], [3108.09, 0.337], [3108.1, 0.052], [3108.11, 0.014], [3108.12, 0.282], [3108.13, 1.293], [3108.14, 0.014], [3108.15, 0.19], [3108.16, 0.514], [3108.17, 0.014], [3108.18, 5.37], [3108.19, 10.037], [3108.2, 1.684], [3108.21, 0.674], [3108.22, 0.078], [3108.23, 0.009]], "timestamp": "2025-12-14T09:57:16.205003+00:00"}, {"symbol": "ETHUSDT", "bids": [[3108.5, 155.378], [3108.49, 0.773], [3108.48, 0.679], [3108.47, 0.163], [3108.45, 0.675], [3108.44, 1.293], [3108.43, 0.061], [3108.42, 0.007], [3108.41, 0.007], [3108.4, 0.452], [3108.39, 0.059], [3108.38, 3.722], [3108.37, 17.212], [3108.36, 2.138], [3108.35, 30.598], [3108.34, 67.317], [3108.33, 0.037], [3108.32, 0.007], [3108.31, 0.045], [3108.3, 0.525]], "asks": [[3108.51, 88.755], [3108.52, 1.976], [3108.53, 0.007], [3108.54, 1.865], [3108.55, 1.359], [3108.56, 1.059], [3108.57, 0.007], [3108.58, 0.016], [3108.59, 0.193], [3108.6, 0.414], [3108.61, 5.007], [3108.62, 0.35], [3108.63, 0.016], [3108.64, 0.021], [3108.65, 1.302], [3108.66, 0.711], [3108.67, 0.03], [3108.68, 0.037], [3108.69, 0.713], [3108.7, 0.46]], "timestamp": "2025-12-14T09:58:09.662890+00:00"}, {"symbol": "ETHUSDT", "bids": [[3107.51, 334.991], [3107.5, 0.035], [3107.49, 0.776], [3107.48, 1.741], [3107.47, 4.412], [3107.46, 7.689], [3107.45, 0.66], [3107.44, 0.081], [3107.43, 2.113], [3107.42, 0.054], [3107.41, 0.009], [3107.4, 0.031], [3107.39, 1.328], [3107.37, 0.202], [3107.36, 0.061], [3107.35, 0.014], [3107.34, 0.82], [3107.33, 0.085], [3107.32, 0.009], [3107.31, 2.073]], "asks": [[3107.52, 1.052], [3107.53, 0.014], [3107.54, 0.156], [3107.55, 0.11], [3107.56, 1.332], [3107.57, 0.025], [3107.58, 0.014], [3107.59, 0.016], [3107.6, 0.819], [3107.61, 0.824], [3107.62, 6.462], [3107.63, 0.007], [3107.64, 1.139], [3107.65, 0.07], [3107.66, 0.007], [3107.67, 0.016], [3107.68, 0.014], [3107.69, 0.075], [3107.7, 2.424], [3107.71, 0.007]], "timestamp": "2025-12-14T09:59:02.884530+00:00"}, {"symbol": "ETHUSDT", "bids": [[3107.83, 29.317], [3107.82, 2.645], [3107.81, 1.673], [3107.8, 4.057], [3107.79, 0.007], [3107.78, 0.018], [3107.77, 0.047], [3107.76, 0.735], [3107.75, 0.007], [3107.74, 6.241], [3107.73, 40.235], [3107.72, 0.052], [3107.71, 1.316], [3107.7, 0.096], [3107.69, 0.007], [3107.67, 0.03], [3107.66, 0.023], [3107.65, 0.073], [3107.64, 0.432], [3107.63, 1.328]], "asks": [[3107.84, 131.882], [3107.85, 0.698], [3107.86, 1.5], [3107.87, 7.206], [3107.88, 12.197], [3107.89, 0.023], [3107.9, 0.603], [3107.91, 0.198], [3107.92, 0.052], [3107.93, 0.03], [3107.94, 0.971], [3107.95, 1.297], [3107.96, 0.38], [3107.97, 0.351], [3107.98, 8.017], [3107.99, 0.021], [3108.0, 3.353], [3108.01, 0.007], [3108.02, 0.168], [3108.03, 6.008]], "timestamp": "2025-12-14T09:59:55.732666+00:00"}, {"symbol": "ETHUSDT", "bids": [[3107.46, 77.642], [3107.45, 0.021], [3107.44, 4.761], [3107.43, 0.644], [3107.42, 7.312], [3107.41, 45.798], [3107.4, 0.049], [3107.39, 1.318], [3107.38, 0.014], [3107.37, 0.311], [3107.36, 1.568], [3107.35, 0.046], [3107.34, 0.009], [3107.33, 4.343], [3107.32, 1.311], [3107.31, 0.052], [3107.3, 2.575], [3107.29, 5.918], [3107.28, 0.678], [3107.26, 0.14]], "asks": [[3107.47, 220.709], [3107.48, 65.236], [3107.49, 52.718], [3107.5, 34.472], [3107.51, 1.34], [3107.52, 0.07], [3107.53, 1.342], [3107.54, 0.659], [3107.55, 33.264], [3107.56, 0.067], [3107.57, 10.076], [3107.58, 0.974], [3107.59, 0.007], [3107.6, 2.251], [3107.61, 0.7], [3107.62, 0.98], [3107.63, 0.021], [3107.64, 0.585], [3107.65, 0.988], [3107.66, 0.058]], "timestamp": "2025-12-14T10:00:49.590026+00:00"}, {"symbol": "ETHUSDT", "bids": [[3106.74, 70.543], [3106.73, 0.22], [3106.72, 0.271], [3106.71, 0.324], [3106.7, 0.299], [3106.69, 13.398], [3106.68, 0.047], [3106.67, 0.047], [3106.66, 45.658], [3106.65, 0.075], [3106.64, 0.007], [3106.63, 1.288], [3106.62, 0.667], [3106.61, 0.038], [3106.6, 0.986], [3106.59, 9.377], [3106.58, 5.82], [3106.57, 0.916], [3106.56, 0.922], [3106.55, 1.954]], "asks": [[3106.75, 176.987], [3106.76, 60.864], [3106.77, 1.598], [3106.78, 0.007], [3106.79, 1.333], [3106.8, 4.781], [3106.81, 0.007], [3106.82, 0.016], [3106.83, 0.094], [3106.84, 0.007], [3106.85, 0.564], [3106.86, 0.014], [3106.87, 0.007], [3106.88, 1.634], [3106.89, 0.174], [3106.9, 1.692], [3106.91, 0.287], [3106.92, 0.085], [3106.93, 0.965], [3106.94, 0.007]], "timestamp": "2025-12-14T10:01:43.414489+00:00"}, {"symbol": "ETHUSDT", "bids": [[3107.24, 102.492], [3107.23, 0.152], [3107.22, 0.777], [3107.21, 0.038], [3107.2, 4.13], [3107.19, 2.107], [3107.18, 0.04], [3107.17, 0.021], [3107.16, 0.706], [3107.15, 0.765], [3107.14, 0.03], [3107.13, 0.214], [3107.12, 0.047], [3107.11, 4.368], [3107.1, 1.974], [3107.09, 1.367], [3107.08, 0.054], [3107.07, 0.505], [3107.06, 14.489], [3107.05, 0.081]], "asks": [[3107.25, 70.063], [3107.26, 0.028], [3107.27, 1.507], [3107.28, 0.007], [3107.29, 2.779], [3107.3, 0.009], [3107.31, 0.007], [3107.32, 0.116], [3107.33, 3.329], [3107.34, 0.007], [3107.35, 0.016], [3107.36, 0.014], [3107.37, 0.007], [3107.38, 6.49], [3107.39, 0.028], [3107.4, 1.582], [3107.41, 0.017], [3107.42, 0.061], [3107.43, 0.007], [3107.44, 0.007]], "timestamp": "2025-12-14T10:02:37.312973+00:00"}, {"symbol": "ETHUSDT", "bids": [[3107.11, 241.429], [3107.1, 2.184], [3107.09, 0.007], [3107.08, 37.844], [3107.07, 2.538], [3107.06, 0.112], [3107.04, 0.068], [3107.02, 0.685], [3107.01, 1.299], [3107.0, 0.047], [3106.99, 0.047], [3106.98, 20.0], [3106.97, 31.022], [3106.96, 46.595], [3106.95, 30.578], [3106.94, 40.091], [3106.93, 30.264], [3106.92, 0.089], [3106.91, 6.222], [3106.9, 17.082]], "asks": [[3107.12, 11.466], [3107.13, 6.489], [3107.14, 1.509], [3107.15, 0.738], [3107.16, 1.392], [3107.17, 0.009], [3107.18, 0.007], [3107.2, 0.056], [3107.21, 0.014], [3107.22, 0.014], [3107.23, 6.453], [3107.24, 1.033], [3107.25, 0.007], [3107.26, 0.03], [3107.27, 0.038], [3107.28, 0.008], [3107.29, 0.023], [3107.3, 11.425], [3107.31, 0.174], [3107.32, 0.149]], "timestamp": "2025-12-14T10:03:30.566196+00:00"}, {"symbol": "ETHUSDT", "bids": [[3107.55, 7.046], [3107.54, 0.331], [3107.53, 0.694], [3107.52, 0.069], [3107.51, 0.016], [3107.5, 2.719], [3107.49, 0.21], [3107.48, 0.072], [3107.47, 2.351], [3107.46, 0.686], [3107.45, 1.523], [3107.44, 0.028], [3107.43, 0.025], [3107.42, 0.066], [3107.41, 1.132], [3107.4, 0.374], [3107.39, 0.007], [3107.38, 9.71], [3107.36, 10.86], [3107.35, 0.023]], "asks": [[3107.56, 158.871], [3107.57, 1.279], [3107.58, 1.5], [3107.59, 1.977], [3107.6, 0.079], [3107.61, 0.009], [3107.62, 0.367], [3107.63, 0.054], [3107.64, 0.014], [3107.65, 0.016], [3107.66, 7.805], [3107.67, 0.021], [3107.68, 0.009], [3107.69, 0.065], [3107.7, 0.035], [3107.71, 0.183], [3107.72, 0.878], [3107.73, 2.425], [3107.74, 1.288], [3107.75, 0.023]], "timestamp": "2025-12-14T10:04:23.722292+00:00"}, {"symbol": "ETHUSDT", "bids": [[3107.68, 267.722], [3107.67, 0.234], [3107.65, 0.428], [3107.64, 1.288], [3107.63, 0.009], [3107.62, 0.038], [3107.61, 9.327], [3107.6, 1.838], [3107.58, 0.023], [3107.57, 0.038], [3107.56, 3.803], [3107.55, 0.31], [3107.54, 1.996], [3107.53, 0.038], [3107.52, 0.105], [3107.51, 0.031], [3107.5, 1.713], [3107.49, 0.009], [3107.48, 0.032], [3107.47, 0.023]], "asks": [[3107.69, 12.249], [3107.7, 0.028], [3107.71, 0.016], [3107.72, 0.092], [3107.73, 0.054], [3107.74, 0.007], [3107.75, 0.625], [3107.76, 0.008], [3107.77, 0.623], [3107.78, 0.03], [3107.79, 0.007], [3107.8, 0.983], [3107.81, 0.651], [3107.82, 5.763], [3107.84, 0.369], [3107.85, 0.044], [3107.86, 0.657], [3107.87, 0.049], [3107.88, 2.288], [3107.89, 1.2]], "timestamp": "2025-12-14T10:05:16.583822+00:00"}, {"symbol": "ETHUSDT", "bids": [[3109.46, 118.234], [3109.45, 0.021], [3109.44, 0.644], [3109.43, 0.132], [3109.42, 0.271], [3109.41, 0.009], [3109.4, 10.506], [3109.39, 0.023], [3109.38, 0.236], [3109.37, 0.269], [3109.36, 0.814], [3109.35, 0.76], [3109.34, 0.032], [3109.33, 1.99], [3109.32, 0.642], [3109.31, 31.617], [3109.3, 30.086], [3109.29, 0.016], [3109.28, 3.97], [3109.27, 11.256]], "asks": [[3109.47, 102.124], [3109.48, 0.014], [3109.49, 0.045], [3109.5, 5.536], [3109.52, 0.016], [3109.53, 0.054], [3109.54, 1.286], [3109.55, 1.885], [3109.56, 0.034], [3109.57, 0.024], [3109.58, 0.021], [3109.59, 0.047], [3109.6, 0.433], [3109.61, 6.3], [3109.62, 0.033], [3109.63, 0.038], [3109.64, 0.033], [3109.65, 0.094], [3109.66, 0.894], [3109.67, 0.138]], "timestamp": "2025-12-14T10:06:10.345564+00:00"}, {"symbol": "ETHUSDT", "bids": [[3109.0, 73.306], [3108.99, 1.125], [3108.98, 2.132], [3108.97, 0.66], [3108.96, 0.924], [3108.95, 0.016], [3108.94, 0.072], [3108.93, 0.023], [3108.92, 0.024], [3108.91, 1.602], [3108.9, 0.028], [3108.89, 0.069], [3108.88, 0.007], [3108.87, 0.021], [3108.86, 0.725], [3108.85, 0.016], [3108.84, 0.177], [3108.83, 1.286], [3108.82, 0.048], [3108.81, 0.665]], "asks": [[3109.01, 92.281], [3109.02, 0.014], [3109.03, 0.118], [3109.05, 0.007], [3109.06, 1.296], [3109.07, 0.103], [3109.08, 0.018], [3109.09, 0.014], [3109.1, 1.293], [3109.11, 1.707], [3109.12, 0.014], [3109.14, 0.337], [3109.15, 11.848], [3109.16, 0.045], [3109.17, 0.707], [3109.18, 0.03], [3109.2, 3.092], [3109.21, 1.942], [3109.22, 0.016], [3109.23, 1.264]], "timestamp": "2025-12-14T10:07:04.083433+00:00"}, {"symbol": "ETHUSDT", "bids": [[3108.81, 299.154], [3108.8, 0.047], [3108.79, 0.007], [3108.78, 3.708], [3108.76, 0.016], [3108.75, 2.961], [3108.74, 2.566], [3108.73, 0.021], [3108.72, 9.649], [3108.71, 2.585], [3108.7, 1.331], [3108.69, 2.121], [3108.68, 0.045], [3108.67, 1.033], [3108.66, 0.033], [3108.65, 2.27], [3108.64, 0.444], [3108.63, 3.182], [3108.61, 4.657], [3108.6, 1.507]], "asks": [[3108.82, 8.979], [3108.83, 0.014], [3108.84, 0.007], [3108.85, 0.039], [3108.86, 0.362], [3108.87, 12.237], [3108.88, 0.007], [3108.89, 0.055], [3108.9, 0.039], [3108.91, 0.045], [3108.92, 0.009], [3108.93, 0.014], [3108.94, 1.302], [3108.95, 0.038], [3108.96, 0.198], [3108.97, 0.669], [3108.98, 0.657], [3108.99, 0.65], [3109.0, 10.584], [3109.01, 1.974]], "timestamp": "2025-12-14T10:07:56.907110+00:00"}, {"symbol": "ETHUSDT", "bids": [[3108.65, 105.184], [3108.64, 1.634], [3108.63, 2.057], [3108.61, 1.324], [3108.6, 0.399], [3108.59, 0.015], [3108.58, 0.023], [3108.57, 0.007], [3108.56, 0.007], [3108.55, 0.42], [3108.54, 1.505], [3108.53, 0.007], [3108.52, 0.016], [3108.51, 0.021], [3108.5, 1.981], [3108.49, 0.943], [3108.48, 0.706], [3108.47, 0.007], [3108.46, 0.007], [3108.45, 3.273]], "asks": [[3108.66, 22.589], [3108.67, 0.157], [3108.68, 0.521], [3108.69, 0.016], [3108.7, 1.349], [3108.71, 0.007], [3108.72, 0.063], [3108.74, 0.106], [3108.75, 0.024], [3108.76, 7.166], [3108.77, 0.016], [3108.78, 3.128], [3108.79, 0.322], [3108.8, 106.185], [3108.81, 0.308], [3108.82, 0.374], [3108.83, 0.03], [3108.84, 0.015], [3108.85, 0.04], [3108.86, 0.155]], "timestamp": "2025-12-14T10:08:50.057612+00:00"}, {"symbol": "ETHUSDT", "bids": [[3108.29, 0.915], [3108.28, 0.023], [3108.27, 0.095], [3108.26, 0.016], [3108.25, 0.069], [3108.24, 0.025], [3108.23, 0.021], [3108.22, 0.007], [3108.21, 0.135], [3108.2, 0.037], [3108.19, 0.039], [3108.18, 0.009], [3108.17, 0.007], [3108.16, 0.016], [3108.15, 0.007], [3108.14, 0.045], [3108.13, 0.016], [3108.12, 1.07], [3108.11, 0.04], [3108.1, 0.085]], "asks": [[3108.3, 168.676], [3108.31, 30.014], [3108.32, 0.51], [3108.33, 0.181], [3108.34, 22.767], [3108.35, 25.57], [3108.36, 33.293], [3108.37, 0.016], [3108.38, 20.014], [3108.39, 13.607], [3108.4, 2.708], [3108.41, 0.023], [3108.42, 0.708], [3108.43, 2.106], [3108.44, 56.481], [3108.45, 37.808], [3108.46, 2.469], [3108.47, 0.021], [3108.48, 0.009], [3108.49, 3.008]], "timestamp": "2025-12-14T10:09:42.788232+00:00"}, {"symbol": "ETHUSDT", "bids": [[3107.54, 3.247], [3107.53, 0.058], [3107.52, 0.446], [3107.51, 0.057], [3107.5, 12.872], [3107.49, 0.054], [3107.47, 0.03], [3107.45, 0.038], [3107.44, 1.859], [3107.43, 0.014], [3107.41, 0.016], [3107.4, 0.052], [3107.39, 0.009], [3107.37, 0.023], [3107.34, 0.051], [3107.33, 0.045], [3107.31, 0.178], [3107.3, 0.017], [3107.29, 0.007], [3107.28, 0.04]], "asks": [[3107.55, 163.462], [3107.56, 0.007], [3107.57, 1.386], [3107.58, 0.398], [3107.59, 0.439], [3107.6, 0.811], [3107.61, 0.009], [3107.62, 0.059], [3107.63, 1.281], [3107.64, 0.328], [3107.65, 3.222], [3107.66, 0.068], [3107.67, 1.625], [3107.68, 9.234], [3107.69, 0.04], [3107.7, 1.676], [3107.71, 0.045], [3107.72, 0.016], [3107.73, 1.017], [3107.74, 0.014]], "timestamp": "2025-12-14T10:10:36.346339+00:00"}, {"symbol": "ETHUSDT", "bids": [[3107.23, 158.662], [3107.22, 0.025], [3107.21, 1.921], [3107.2, 0.023], [3107.19, 1.295], [3107.18, 0.009], [3107.17, 0.054], [3107.16, 0.016], [3107.14, 0.03], [3107.13, 1.712], [3107.12, 0.644], [3107.11, 1.304], [3107.1, 1.443], [3107.09, 0.038], [3107.08, 0.83], [3107.07, 0.338], [3107.06, 0.014], [3107.05, 4.232], [3107.04, 12.113], [3107.03, 1.456]], "asks": [[3107.24, 22.612], [3107.25, 0.035], [3107.26, 1.883], [3107.27, 0.038], [3107.28, 0.032], [3107.29, 0.007], [3107.3, 0.744], [3107.31, 0.053], [3107.32, 0.03], [3107.34, 0.007], [3107.35, 0.03], [3107.36, 1.265], [3107.37, 0.007], [3107.38, 5.054], [3107.39, 0.03], [3107.4, 0.036], [3107.41, 0.048], [3107.43, 0.021], [3107.44, 0.075], [3107.45, 0.904]], "timestamp": "2025-12-14T10:11:30.049146+00:00"}, {"symbol": "ETHUSDT", "bids": [[3106.25, 15.407], [3106.24, 0.014], [3106.23, 0.078], [3106.22, 0.12], [3106.21, 0.309], [3106.2, 3.937], [3106.19, 6.453], [3106.18, 1.556], [3106.17, 0.36], [3106.16, 0.11], [3106.15, 1.111], [3106.14, 0.047], [3106.13, 0.603], [3106.12, 0.009], [3106.11, 0.021], [3106.1, 0.016], [3106.09, 0.061], [3106.08, 9.223], [3106.07, 0.69], [3106.05, 0.174]], "asks": [[3106.26, 178.371], [3106.27, 0.021], [3106.28, 2.989], [3106.29, 10.007], [3106.3, 0.505], [3106.31, 1.53], [3106.32, 0.328], [3106.33, 1.288], [3106.34, 0.023], [3106.35, 1.114], [3106.36, 0.009], [3106.37, 0.014], [3106.38, 0.726], [3106.39, 1.642], [3106.4, 16.115], [3106.41, 33.587], [3106.42, 0.083], [3106.43, 0.014], [3106.44, 1.625], [3106.45, 2.645]], "timestamp": "2025-12-14T10:12:23.217811+00:00"}, {"symbol": "ETHUSDT", "bids": [[3103.53, 100.462], [3103.52, 2.094], [3103.51, 1.516], [3103.5, 3.591], [3103.49, 7.102], [3103.48, 0.214], [3103.47, 0.009], [3103.46, 0.238], [3103.45, 0.044], [3103.44, 0.058], [3103.43, 14.599], [3103.42, 0.014], [3103.41, 11.46], [3103.4, 0.036], [3103.39, 0.059], [3103.38, 6.132], [3103.37, 6.532], [3103.36, 15.227], [3103.35, 1.016], [3103.34, 4.923]], "asks": [[3103.54, 122.595], [3103.55, 0.021], [3103.56, 0.028], [3103.58, 0.007], [3103.59, 0.047], [3103.61, 1.297], [3103.62, 0.094], [3103.63, 0.038], [3103.64, 0.663], [3103.65, 0.03], [3103.67, 0.054], [3103.68, 1.302], [3103.69, 0.23], [3103.7, 0.024], [3103.71, 0.095], [3103.72, 0.02], [3103.74, 0.061], [3103.75, 0.007], [3103.77, 0.345], [3103.79, 0.995]], "timestamp": "2025-12-14T10:13:16.501924+00:00"}, {"symbol": "ETHUSDT", "bids": [[3095.24, 41.353], [3095.23, 0.045], [3095.22, 0.014], [3095.2, 0.02], [3095.19, 0.047], [3095.18, 0.009], [3095.17, 0.023], [3095.15, 0.038], [3095.14, 0.023], [3095.11, 0.047], [3095.1, 0.014], [3095.09, 0.014], [3095.08, 0.014], [3095.07, 0.061], [3095.05, 0.014], [3095.04, 0.009], [3095.03, 0.01], [3095.02, 0.052], [3095.01, 0.332], [3095.0, 0.024]], "asks": [[3095.25, 63.725], [3095.26, 0.128], [3095.28, 0.038], [3095.29, 0.016], [3095.3, 0.655], [3095.31, 0.646], [3095.32, 3.336], [3095.33, 19.417], [3095.34, 0.032], [3095.35, 1.412], [3095.36, 7.613], [3095.37, 1.765], [3095.38, 0.023], [3095.39, 0.014], [3095.4, 0.715], [3095.41, 3.171], [3095.42, 4.89], [3095.43, 15.368], [3095.44, 0.12], [3095.45, 0.049]], "timestamp": "2025-12-14T10:14:09.856341+00:00"}, {"symbol": "ETHUSDT", "bids": [[3096.58, 41.534], [3096.57, 1.266], [3096.56, 1.205], [3096.55, 0.009], [3096.54, 3.447], [3096.53, 0.054], [3096.52, 0.008], [3096.51, 0.023], [3096.5, 0.176], [3096.49, 0.054], [3096.48, 0.189], [3096.47, 0.019], [3096.46, 0.345], [3096.45, 0.054], [3096.44, 0.007], [3096.43, 0.032], [3096.42, 0.49], [3096.41, 0.03], [3096.4, 1.52], [3096.39, 0.085]], "asks": [[3096.59, 234.106], [3096.6, 7.543], [3096.61, 14.787], [3096.62, 0.646], [3096.63, 0.197], [3096.64, 4.067], [3096.65, 4.033], [3096.66, 0.322], [3096.67, 0.009], [3096.68, 0.052], [3096.7, 0.044], [3096.71, 14.782], [3096.72, 0.36], [3096.73, 0.442], [3096.74, 0.014], [3096.75, 0.007], [3096.76, 0.662], [3096.77, 0.03], [3096.78, 0.038], [3096.79, 4.091]], "timestamp": "2025-12-14T10:15:02.806937+00:00"}, {"symbol": "ETHUSDT", "bids": [[3097.65, 112.492], [3097.64, 0.045], [3097.63, 0.024], [3097.62, 0.876], [3097.61, 0.007], [3097.6, 1.07], [3097.59, 0.007], [3097.58, 0.021], [3097.57, 0.019], [3097.56, 0.712], [3097.55, 0.355], [3097.54, 0.669], [3097.53, 1.47], [3097.52, 0.052], [3097.51, 0.016], [3097.5, 0.719], [3097.49, 0.107], [3097.48, 2.149], [3097.47, 0.39], [3097.46, 9.7]], "asks": [[3097.66, 18.707], [3097.67, 0.014], [3097.71, 0.009], [3097.73, 0.047], [3097.76, 0.009], [3097.77, 1.301], [3097.78, 0.047], [3097.8, 0.726], [3097.83, 0.031], [3097.84, 1.34], [3097.86, 0.191], [3097.89, 0.345], [3097.9, 0.802], [3097.91, 0.047], [3097.92, 0.031], [3097.94, 0.019], [3097.95, 2.881], [3097.96, 1.367], [3097.97, 0.8], [3097.98, 0.645]], "timestamp": "2025-12-14T10:15:56.350470+00:00"}, {"symbol": "ETHUSDT", "bids": [[3097.68, 86.02], [3097.67, 0.014], [3097.66, 0.038], [3097.65, 0.007], [3097.64, 0.009], [3097.63, 0.009], [3097.62, 0.038], [3097.61, 0.403], [3097.6, 0.007], [3097.59, 0.023], [3097.58, 0.028], [3097.57, 1.232], [3097.56, 0.018], [3097.55, 0.014], [3097.54, 0.41], [3097.53, 0.038], [3097.52, 0.023], [3097.5, 0.799], [3097.49, 0.064], [3097.48, 0.023]], "asks": [[3097.69, 70.94], [3097.7, 1.323], [3097.71, 0.539], [3097.72, 1.895], [3097.73, 0.023], [3097.75, 0.03], [3097.76, 0.059], [3097.77, 1.308], [3097.78, 0.023], [3097.79, 0.023], [3097.8, 0.218], [3097.81, 0.152], [3097.82, 0.019], [3097.83, 0.014], [3097.84, 2.057], [3097.85, 1.673], [3097.86, 0.412], [3097.87, 0.038], [3097.88, 0.009], [3097.89, 0.343]], "timestamp": "2025-12-14T10:16:50.132152+00:00"}, {"symbol": "ETHUSDT", "bids": [[3099.22, 31.939], [3099.21, 0.052], [3099.2, 0.021], [3099.19, 0.009], [3099.18, 0.034], [3099.17, 0.023], [3099.16, 0.061], [3099.15, 0.016], [3099.14, 0.021], [3099.13, 0.132], [3099.12, 0.016], [3099.11, 0.052], [3099.1, 0.03], [3099.08, 0.021], [3099.07, 0.03], [3099.06, 1.321], [3099.05, 1.211], [3099.04, 0.054], [3099.03, 0.389], [3099.02, 0.056]], "asks": [[3099.23, 59.493], [3099.24, 3.703], [3099.26, 0.038], [3099.27, 6.685], [3099.28, 1.946], [3099.29, 1.29], [3099.3, 0.422], [3099.31, 0.014], [3099.33, 0.339], [3099.34, 0.052], [3099.35, 1.173], [3099.36, 1.951], [3099.37, 15.411], [3099.38, 3.951], [3099.39, 12.161], [3099.4, 3.288], [3099.41, 0.038], [3099.42, 0.208], [3099.43, 16.169], [3099.44, 0.678]], "timestamp": "2025-12-14T10:17:43.154868+00:00"}, {"symbol": "ETHUSDT", "bids": [[3100.39, 21.107], [3100.38, 0.007], [3100.37, 0.608], [3100.35, 0.007], [3100.34, 0.009], [3100.32, 0.047], [3100.31, 0.014], [3100.29, 0.031], [3100.28, 0.038], [3100.26, 0.009], [3100.25, 0.014], [3100.24, 0.038], [3100.22, 0.023], [3100.2, 0.068], [3100.19, 0.033], [3100.18, 0.007], [3100.16, 0.023], [3100.15, 0.038], [3100.14, 0.652], [3100.13, 0.009]], "asks": [[3100.4, 203.489], [3100.41, 0.052], [3100.42, 0.161], [3100.43, 2.261], [3100.44, 6.49], [3100.45, 1.149], [3100.46, 3.319], [3100.47, 0.161], [3100.48, 6.474], [3100.49, 1.352], [3100.5, 2.648], [3100.51, 0.106], [3100.52, 7.065], [3100.53, 5.038], [3100.54, 7.449], [3100.55, 0.038], [3100.56, 1.339], [3100.57, 0.175], [3100.58, 0.007], [3100.59, 14.847]], "timestamp": "2025-12-14T10:18:36.093238+00:00"}, {"symbol": "ETHUSDT", "bids": [[3100.75, 64.789], [3100.74, 0.091], [3100.73, 0.544], [3100.72, 0.038], [3100.7, 0.023], [3100.69, 0.015], [3100.68, 0.133], [3100.67, 0.007], [3100.66, 0.007], [3100.65, 0.024], [3100.64, 0.059], [3100.62, 0.71], [3100.61, 3.477], [3100.6, 0.834], [3100.59, 10.656], [3100.58, 0.277], [3100.57, 7.101], [3100.56, 0.725], [3100.55, 0.034], [3100.54, 0.044]], "asks": [[3100.76, 93.764], [3100.77, 0.052], [3100.78, 0.377], [3100.79, 0.268], [3100.8, 1.561], [3100.81, 0.052], [3100.83, 0.107], [3100.84, 0.021], [3100.85, 3.96], [3100.86, 6.459], [3100.87, 1.237], [3100.88, 12.511], [3100.89, 0.061], [3100.9, 0.033], [3100.91, 0.383], [3100.92, 0.634], [3100.93, 0.712], [3100.94, 0.045], [3100.95, 3.698], [3100.96, 7.926]], "timestamp": "2025-12-14T10:19:29.361076+00:00"}, {"symbol": "ETHUSDT", "bids": [[3102.16, 89.853], [3102.15, 0.034], [3102.14, 0.876], [3102.13, 0.033], [3102.12, 0.053], [3102.11, 0.019], [3102.1, 0.007], [3102.09, 0.021], [3102.08, 0.016], [3102.07, 0.008], [3102.05, 0.176], [3102.04, 0.712], [3102.03, 2.638], [3102.02, 9.82], [3102.01, 0.045], [3102.0, 7.146], [3101.99, 0.331], [3101.98, 0.009], [3101.97, 0.059], [3101.96, 0.645]], "asks": [[3102.17, 74.725], [3102.18, 0.064], [3102.22, 0.009], [3102.24, 0.047], [3102.25, 0.014], [3102.26, 0.009], [3102.28, 0.023], [3102.29, 0.082], [3102.3, 0.059], [3102.31, 0.009], [3102.32, 0.023], [3102.33, 0.017], [3102.34, 0.061], [3102.35, 1.304], [3102.36, 0.007], [3102.37, 0.061], [3102.38, 0.038], [3102.39, 0.066], [3102.4, 17.999], [3102.41, 30.019]], "timestamp": "2025-12-14T10:20:22.287784+00:00"}, {"symbol": "ETHUSDT", "bids": [[3103.34, 126.732], [3103.33, 0.021], [3103.32, 0.871], [3103.31, 1.672], [3103.3, 0.007], [3103.29, 0.009], [3103.28, 0.014], [3103.27, 0.009], [3103.26, 0.126], [3103.25, 0.645], [3103.24, 0.017], [3103.23, 0.134], [3103.22, 0.007], [3103.21, 7.147], [3103.2, 1.454], [3103.19, 5.395], [3103.18, 0.007], [3103.17, 0.191], [3103.16, 1.288], [3103.15, 0.059]], "asks": [[3103.35, 69.861], [3103.36, 0.014], [3103.37, 0.038], [3103.38, 2.328], [3103.4, 1.774], [3103.41, 1.669], [3103.42, 0.009], [3103.43, 0.204], [3103.44, 0.12], [3103.45, 0.047], [3103.46, 0.024], [3103.47, 9.362], [3103.48, 0.176], [3103.49, 0.067], [3103.5, 0.049], [3103.51, 1.313], [3103.52, 1.103], [3103.53, 0.209], [3103.54, 0.031], [3103.55, 0.408]], "timestamp": "2025-12-14T10:21:15.535233+00:00"}, {"symbol": "ETHUSDT", "bids": [[3104.72, 92.988], [3104.71, 0.045], [3104.7, 0.08], [3104.69, 0.009], [3104.68, 0.014], [3104.67, 0.009], [3104.66, 0.62], [3104.65, 0.714], [3104.64, 0.14], [3104.63, 0.804], [3104.62, 0.154], [3104.61, 0.023], [3104.6, 0.01], [3104.59, 0.023], [3104.58, 0.014], [3104.57, 1.335], [3104.56, 0.007], [3104.55, 0.053], [3104.54, 0.387], [3104.53, 7.819]], "asks": [[3104.73, 75.953], [3104.74, 0.014], [3104.77, 0.038], [3104.78, 1.297], [3104.8, 0.016], [3104.81, 0.014], [3104.82, 0.038], [3104.83, 0.009], [3104.84, 0.014], [3104.85, 0.177], [3104.86, 1.335], [3104.87, 0.014], [3104.88, 1.655], [3104.9, 0.865], [3104.93, 3.875], [3104.94, 0.329], [3104.95, 4.081], [3104.96, 0.059], [3104.97, 0.09], [3104.98, 1.266]], "timestamp": "2025-12-14T10:22:09.193185+00:00"}, {"symbol": "ETHUSDT", "bids": [[3103.29, 235.301], [3103.28, 0.142], [3103.27, 0.007], [3103.26, 1.326], [3103.25, 0.007], [3103.24, 0.016], [3103.22, 0.061], [3103.21, 0.091], [3103.2, 0.368], [3103.19, 0.111], [3103.18, 0.014], [3103.17, 1.593], [3103.16, 3.027], [3103.15, 0.023], [3103.13, 0.009], [3103.12, 0.03], [3103.11, 0.032], [3103.1, 0.093], [3103.09, 0.014], [3103.08, 0.175]], "asks": [[3103.3, 18.997], [3103.31, 0.69], [3103.32, 0.008], [3103.33, 0.66], [3103.34, 0.22], [3103.35, 0.023], [3103.36, 0.05], [3103.37, 0.016], [3103.38, 0.121], [3103.39, 0.07], [3103.4, 0.016], [3103.41, 0.99], [3103.42, 0.859], [3103.43, 0.733], [3103.44, 0.017], [3103.45, 0.014], [3103.46, 0.061], [3103.47, 0.021], [3103.48, 0.009], [3103.49, 0.021]], "timestamp": "2025-12-14T10:23:02.748860+00:00"}, {"symbol": "ETHUSDT", "bids": [[3104.9, 20.231], [3104.89, 0.014], [3104.88, 0.122], [3104.87, 0.054], [3104.85, 0.016], [3104.84, 0.023], [3104.83, 0.059], [3104.82, 0.009], [3104.81, 0.009], [3104.8, 0.834], [3104.79, 0.062], [3104.78, 0.016], [3104.77, 0.007], [3104.76, 0.03], [3104.75, 0.007], [3104.74, 0.613], [3104.73, 0.026], [3104.72, 0.052], [3104.71, 0.042], [3104.7, 0.964]], "asks": [[3104.91, 191.252], [3104.92, 0.294], [3104.95, 3.981], [3104.96, 1.158], [3104.97, 12.141], [3104.98, 0.262], [3104.99, 0.378], [3105.0, 15.019], [3105.01, 0.661], [3105.02, 0.052], [3105.03, 6.45], [3105.04, 1.363], [3105.05, 0.409], [3105.06, 1.134], [3105.07, 5.288], [3105.08, 1.259], [3105.09, 0.374], [3105.1, 0.435], [3105.11, 18.265], [3105.12, 0.995]], "timestamp": "2025-12-14T10:23:55.384422+00:00"}, {"symbol": "ETHUSDT", "bids": [[3109.9, 104.746], [3109.89, 0.116], [3109.88, 0.095], [3109.87, 0.109], [3109.86, 0.038], [3109.85, 1.295], [3109.83, 0.023], [3109.82, 11.129], [3109.81, 0.009], [3109.8, 0.139], [3109.79, 0.014], [3109.78, 1.324], [3109.77, 0.009], [3109.76, 0.014], [3109.74, 11.129], [3109.73, 0.023], [3109.72, 2.339], [3109.71, 1.296], [3109.7, 0.077], [3109.69, 0.083]], "asks": [[3109.91, 32.881], [3109.92, 0.077], [3109.93, 0.684], [3109.95, 0.059], [3109.96, 0.017], [3109.97, 0.052], [3109.98, 0.047], [3109.99, 0.031], [3110.0, 3.775], [3110.01, 0.207], [3110.02, 0.706], [3110.03, 0.107], [3110.04, 0.345], [3110.05, 0.463], [3110.06, 0.009], [3110.07, 0.024], [3110.08, 1.371], [3110.09, 3.136], [3110.1, 0.059], [3110.11, 0.724]], "timestamp": "2025-12-14T10:24:48.562393+00:00"}, {"symbol": "ETHUSDT", "bids": [[3109.75, 74.691], [3109.74, 0.214], [3109.73, 5.066], [3109.72, 1.293], [3109.71, 1.009], [3109.7, 0.692], [3109.69, 0.007], [3109.68, 0.03], [3109.65, 0.435], [3109.64, 1.338], [3109.63, 9.669], [3109.62, 0.382], [3109.61, 9.7], [3109.6, 17.083], [3109.59, 14.805], [3109.58, 0.03], [3109.56, 1.976], [3109.55, 1.324], [3109.54, 3.368], [3109.53, 10.659]], "asks": [[3109.76, 3.964], [3109.77, 0.007], [3109.8, 0.062], [3109.81, 0.009], [3109.83, 0.009], [3109.84, 0.535], [3109.86, 0.018], [3109.87, 0.014], [3109.88, 0.038], [3109.89, 0.009], [3109.91, 0.007], [3109.92, 0.052], [3109.93, 0.089], [3109.94, 0.014], [3109.95, 0.014], [3109.96, 0.02], [3109.97, 0.014], [3109.98, 0.277], [3109.99, 0.486], [3110.0, 0.603]], "timestamp": "2025-12-14T10:25:42.187751+00:00"}, {"symbol": "ETHUSDT", "bids": [[3109.09, 106.024], [3109.08, 17.376], [3109.07, 0.009], [3109.06, 0.007], [3109.05, 0.063], [3109.04, 0.162], [3109.02, 6.049], [3109.01, 12.426], [3109.0, 26.969], [3108.99, 0.06], [3108.97, 0.007], [3108.96, 0.252], [3108.95, 3.174], [3108.94, 0.032], [3108.93, 1.309], [3108.92, 0.059], [3108.91, 0.066], [3108.9, 0.404], [3108.89, 0.017], [3108.88, 0.068]], "asks": [[3109.1, 74.559], [3109.11, 0.045], [3109.12, 0.024], [3109.14, 0.009], [3109.15, 0.009], [3109.17, 0.047], [3109.18, 0.014], [3109.2, 0.031], [3109.21, 0.014], [3109.22, 0.01], [3109.23, 0.016], [3109.24, 0.052], [3109.26, 0.014], [3109.27, 0.016], [3109.28, 0.111], [3109.29, 0.174], [3109.3, 0.969], [3109.31, 0.007], [3109.32, 0.737], [3109.33, 0.33]], "timestamp": "2025-12-14T10:26:35.258152+00:00"}, {"symbol": "ETHUSDT", "bids": [[3109.05, 55.837], [3109.04, 1.339], [3109.03, 0.047], [3109.02, 0.215], [3109.01, 0.014], [3109.0, 29.869], [3108.99, 0.117], [3108.98, 0.007], [3108.97, 0.056], [3108.96, 0.175], [3108.95, 0.438], [3108.94, 0.03], [3108.93, 6.059], [3108.92, 0.007], [3108.91, 1.323], [3108.9, 13.164], [3108.89, 7.758], [3108.88, 5.053], [3108.87, 0.028], [3108.85, 1.627]], "asks": [[3109.06, 127.932], [3109.07, 0.035], [3109.09, 0.007], [3109.1, 0.045], [3109.11, 0.033], [3109.12, 0.007], [3109.13, 3.148], [3109.14, 1.132], [3109.15, 0.045], [3109.16, 0.018], [3109.17, 0.814], [3109.18, 0.007], [3109.19, 0.009], [3109.2, 9.789], [3109.21, 0.784], [3109.23, 0.023], [3109.24, 0.007], [3109.25, 1.305], [3109.26, 0.072], [3109.27, 0.007]], "timestamp": "2025-12-14T10:27:28.583086+00:00"}, {"symbol": "ETHUSDT", "bids": [[3108.78, 9.435], [3108.77, 0.03], [3108.76, 0.309], [3108.75, 0.014], [3108.73, 0.35], [3108.72, 0.007], [3108.71, 0.023], [3108.7, 0.007], [3108.69, 0.045], [3108.68, 0.02], [3108.67, 0.044], [3108.65, 0.78], [3108.64, 0.068], [3108.63, 0.16], [3108.62, 12.181], [3108.61, 0.007], [3108.6, 12.171], [3108.59, 0.047], [3108.58, 0.024], [3108.57, 0.358]], "asks": [[3108.79, 106.826], [3108.8, 0.502], [3108.81, 0.102], [3108.82, 0.038], [3108.83, 3.097], [3108.84, 0.937], [3108.86, 0.054], [3108.87, 0.014], [3108.88, 1.303], [3108.89, 0.047], [3108.9, 0.097], [3108.91, 0.321], [3108.92, 0.53], [3108.93, 0.021], [3108.94, 10.65], [3108.95, 8.604], [3108.96, 0.047], [3108.97, 0.059], [3108.98, 2.623], [3108.99, 0.186]], "timestamp": "2025-12-14T10:28:22.051168+00:00"}, {"symbol": "ETHUSDT", "bids": [[3107.63, 8.582], [3107.62, 0.007], [3107.61, 0.007], [3107.6, 0.038], [3107.58, 0.339], [3107.56, 0.038], [3107.55, 0.039], [3107.53, 0.017], [3107.52, 0.09], [3107.51, 0.105], [3107.5, 2.152], [3107.49, 0.009], [3107.48, 0.088], [3107.47, 0.023], [3107.46, 0.817], [3107.45, 0.353], [3107.44, 2.75], [3107.43, 0.207], [3107.42, 0.031], [3107.41, 0.016]], "asks": [[3107.64, 109.001], [3107.65, 0.014], [3107.66, 0.113], [3107.67, 1.288], [3107.68, 0.689], [3107.69, 0.684], [3107.7, 0.037], [3107.71, 0.66], [3107.72, 5.673], [3107.74, 0.141], [3107.75, 1.309], [3107.76, 1.263], [3107.77, 0.929], [3107.78, 0.054], [3107.79, 9.73], [3107.8, 9.301], [3107.81, 0.062], [3107.82, 1.79], [3107.83, 0.114], [3107.84, 4.482]], "timestamp": "2025-12-14T10:29:15.397285+00:00"}, {"symbol": "ETHUSDT", "bids": [[3106.66, 8.955], [3106.65, 0.11], [3106.64, 0.32], [3106.62, 0.505], [3106.61, 0.016], [3106.6, 0.048], [3106.59, 0.023], [3106.58, 1.082], [3106.57, 0.87], [3106.56, 0.811], [3106.55, 0.038], [3106.54, 3.331], [3106.53, 0.015], [3106.52, 0.056], [3106.51, 1.948], [3106.5, 1.13], [3106.49, 1.871], [3106.48, 6.324], [3106.47, 2.187], [3106.46, 0.033]], "asks": [[3106.67, 83.719], [3106.68, 0.149], [3106.69, 0.095], [3106.7, 1.397], [3106.71, 0.058], [3106.72, 0.016], [3106.73, 0.045], [3106.74, 0.009], [3106.75, 1.571], [3106.76, 1.657], [3106.77, 0.155], [3106.78, 0.021], [3106.79, 0.016], [3106.8, 0.03], [3106.81, 0.891], [3106.82, 3.321], [3106.83, 2.541], [3106.84, 0.328], [3106.85, 0.375], [3106.86, 0.065]], "timestamp": "2025-12-14T10:30:08.982770+00:00"}, {"symbol": "ETHUSDT", "bids": [[3104.04, 93.949], [3104.03, 2.127], [3104.02, 0.087], [3104.01, 8.609], [3104.0, 13.782], [3103.99, 5.275], [3103.98, 0.429], [3103.97, 0.023], [3103.96, 0.368], [3103.95, 5.23], [3103.94, 24.801], [3103.93, 0.032], [3103.92, 1.67], [3103.91, 1.297], [3103.9, 1.113], [3103.89, 0.262], [3103.88, 0.093], [3103.87, 0.085], [3103.86, 5.989], [3103.85, 10.68]], "asks": [[3104.05, 6.847], [3104.06, 0.14], [3104.07, 0.705], [3104.08, 1.354], [3104.09, 0.146], [3104.1, 0.071], [3104.11, 0.014], [3104.13, 0.023], [3104.14, 0.032], [3104.15, 0.009], [3104.16, 0.052], [3104.17, 0.009], [3104.18, 0.007], [3104.19, 0.022], [3104.2, 0.191], [3104.21, 0.048], [3104.22, 0.014], [3104.23, 0.009], [3104.25, 0.059], [3104.26, 0.372]], "timestamp": "2025-12-14T10:31:02.396969+00:00"}, {"symbol": "ETHUSDT", "bids": [[3101.55, 186.056], [3101.54, 0.021], [3101.5, 0.061], [3101.49, 1.935], [3101.48, 0.009], [3101.47, 0.014], [3101.46, 0.038], [3101.45, 0.009], [3101.44, 2.119], [3101.43, 0.028], [3101.42, 0.041], [3101.41, 1.342], [3101.4, 0.023], [3101.38, 0.037], [3101.37, 1.701], [3101.36, 0.009], [3101.35, 10.346], [3101.34, 0.833], [3101.33, 1.997], [3101.31, 0.027]], "asks": [[3101.56, 90.939], [3101.57, 0.021], [3101.58, 0.009], [3101.59, 0.232], [3101.6, 0.105], [3101.61, 0.009], [3101.63, 0.114], [3101.64, 0.033], [3101.67, 0.03], [3101.68, 1.601], [3101.69, 0.007], [3101.7, 0.063], [3101.71, 8.412], [3101.72, 0.014], [3101.73, 1.32], [3101.74, 0.36], [3101.75, 0.04], [3101.76, 53.721], [3101.77, 0.009], [3101.79, 4.808]], "timestamp": "2025-12-14T10:31:55.440871+00:00"}, {"symbol": "ETHUSDT", "bids": [[3104.28, 146.352], [3104.27, 0.014], [3104.26, 0.102], [3104.25, 0.035], [3104.24, 0.345], [3104.23, 0.009], [3104.22, 0.038], [3104.21, 0.023], [3104.2, 0.016], [3104.18, 0.054], [3104.17, 0.014], [3104.16, 1.288], [3104.15, 0.009], [3104.14, 0.659], [3104.12, 0.038], [3104.11, 0.03], [3104.1, 0.014], [3104.09, 0.009], [3104.08, 0.061], [3104.07, 0.036]], "asks": [[3104.29, 79.088], [3104.3, 0.026], [3104.31, 0.38], [3104.32, 0.1], [3104.34, 0.009], [3104.35, 0.094], [3104.36, 0.045], [3104.37, 0.819], [3104.38, 0.009], [3104.39, 1.159], [3104.4, 0.721], [3104.41, 1.895], [3104.42, 0.092], [3104.43, 1.319], [3104.44, 0.073], [3104.45, 0.422], [3104.46, 1.617], [3104.47, 0.219], [3104.48, 0.068], [3104.49, 0.339]], "timestamp": "2025-12-14T10:32:48.637518+00:00"}, {"symbol": "ETHUSDT", "bids": [[3103.21, 176.747], [3103.2, 0.054], [3103.18, 1.306], [3103.16, 0.654], [3103.14, 0.061], [3103.12, 3.12], [3103.11, 12.9], [3103.1, 7.619], [3103.08, 1.49], [3103.07, 0.09], [3103.06, 0.051], [3103.05, 0.814], [3103.04, 0.039], [3103.03, 0.014], [3103.02, 1.349], [3103.01, 3.918], [3103.0, 2.347], [3102.99, 0.171], [3102.98, 3.088], [3102.97, 2.427]], "asks": [[3103.22, 320.623], [3103.23, 0.059], [3103.24, 0.016], [3103.25, 0.107], [3103.27, 0.191], [3103.28, 0.014], [3103.3, 0.062], [3103.31, 0.046], [3103.32, 0.024], [3103.33, 0.021], [3103.34, 1.482], [3103.35, 0.009], [3103.36, 0.066], [3103.37, 0.338], [3103.38, 2.305], [3103.39, 0.021], [3103.4, 0.431], [3103.41, 0.014], [3103.42, 0.03], [3103.43, 0.894]], "timestamp": "2025-12-14T10:33:42.041160+00:00"}, {"symbol": "ETHUSDT", "bids": [[3104.4, 125.114], [3104.39, 1.302], [3104.38, 0.446], [3104.37, 0.007], [3104.36, 0.045], [3104.35, 0.009], [3104.34, 0.007], [3104.33, 0.03], [3104.32, 0.047], [3104.31, 0.007], [3104.3, 0.388], [3104.29, 0.014], [3104.28, 0.045], [3104.27, 0.009], [3104.26, 0.014], [3104.25, 0.017], [3104.24, 0.017], [3104.23, 0.591], [3104.22, 1.449], [3104.2, 1.096]], "asks": [[3104.41, 75.077], [3104.42, 36.19], [3104.43, 0.622], [3104.44, 0.01], [3104.45, 0.014], [3104.46, 0.047], [3104.48, 0.021], [3104.49, 0.149], [3104.5, 0.352], [3104.51, 0.009], [3104.52, 0.088], [3104.53, 0.073], [3104.54, 0.069], [3104.55, 0.007], [3104.56, 0.009], [3104.57, 0.114], [3104.58, 0.208], [3104.59, 2.269], [3104.6, 1.839], [3104.61, 0.12]], "timestamp": "2025-12-14T10:34:35.391792+00:00"}, {"symbol": "ETHUSDT", "bids": [[3104.75, 65.744], [3104.74, 0.014], [3104.73, 0.01], [3104.71, 0.061], [3104.7, 0.016], [3104.68, 0.524], [3104.67, 0.668], [3104.66, 0.009], [3104.65, 7.097], [3104.64, 2.267], [3104.63, 0.007], [3104.62, 0.024], [3104.61, 0.009], [3104.6, 0.08], [3104.59, 0.054], [3104.58, 1.361], [3104.56, 0.023], [3104.55, 0.007], [3104.54, 0.144], [3104.53, 0.023]], "asks": [[3104.76, 94.359], [3104.77, 0.109], [3104.79, 0.329], [3104.8, 0.318], [3104.81, 1.297], [3104.82, 1.428], [3104.83, 0.016], [3104.84, 0.014], [3104.86, 0.054], [3104.87, 0.052], [3104.88, 1.542], [3104.89, 0.016], [3104.9, 0.021], [3104.91, 0.792], [3104.93, 0.054], [3104.94, 1.624], [3104.95, 0.038], [3104.96, 0.662], [3104.97, 0.021], [3104.98, 0.289]], "timestamp": "2025-12-14T10:35:28.538098+00:00"}, {"symbol": "ETHUSDT", "bids": [[3104.86, 68.534], [3104.85, 107.037], [3104.84, 3.161], [3104.83, 0.016], [3104.81, 7.091], [3104.8, 0.084], [3104.79, 0.645], [3104.78, 0.106], [3104.77, 0.021], [3104.76, 6.319], [3104.75, 0.191], [3104.74, 2.685], [3104.73, 0.023], [3104.72, 0.016], [3104.71, 0.028], [3104.7, 0.025], [3104.69, 0.023], [3104.68, 3.82], [3104.67, 0.11], [3104.66, 1.297]], "asks": [[3104.87, 77.91], [3104.88, 0.184], [3104.89, 0.024], [3104.9, 0.867], [3104.91, 0.442], [3104.92, 0.016], [3104.94, 0.977], [3104.95, 1.405], [3104.97, 0.009], [3104.98, 0.028], [3104.99, 0.008], [3105.0, 0.08], [3105.01, 0.021], [3105.02, 0.882], [3105.03, 0.03], [3105.04, 0.059], [3105.05, 0.007], [3105.06, 0.41], [3105.07, 2.62], [3105.08, 0.007]], "timestamp": "2025-12-14T10:36:21.991624+00:00"}, {"symbol": "ETHUSDT", "bids": [[3103.56, 19.44], [3103.55, 0.065], [3103.53, 0.052], [3103.52, 0.007], [3103.51, 0.009], [3103.5, 0.007], [3103.49, 1.869], [3103.48, 0.014], [3103.47, 0.007], [3103.46, 0.03], [3103.44, 1.615], [3103.43, 0.009], [3103.42, 0.014], [3103.41, 0.127], [3103.4, 1.35], [3103.39, 0.785], [3103.38, 0.017], [3103.37, 0.023], [3103.36, 2.377], [3103.35, 0.014]], "asks": [[3103.57, 91.692], [3103.58, 0.021], [3103.59, 0.36], [3103.6, 1.689], [3103.61, 0.054], [3103.62, 1.38], [3103.63, 0.009], [3103.64, 0.016], [3103.65, 0.364], [3103.66, 0.047], [3103.67, 0.014], [3103.68, 0.055], [3103.69, 2.202], [3103.7, 4.213], [3103.71, 1.638], [3103.72, 1.875], [3103.73, 0.024], [3103.74, 0.343], [3103.75, 0.361], [3103.76, 0.052]], "timestamp": "2025-12-14T10:37:14.934192+00:00"}, {"symbol": "ETHUSDT", "bids": [[3103.99, 192.171], [3103.98, 0.014], [3103.97, 0.475], [3103.96, 1.084], [3103.95, 0.486], [3103.94, 0.016], [3103.93, 1.295], [3103.92, 0.061], [3103.91, 0.152], [3103.9, 0.361], [3103.89, 0.181], [3103.88, 1.611], [3103.87, 0.687], [3103.86, 1.288], [3103.85, 0.023], [3103.84, 5.885], [3103.83, 3.61], [3103.82, 0.021], [3103.81, 0.023], [3103.8, 0.082]], "asks": [[3104.0, 3.974], [3104.01, 0.488], [3104.02, 0.007], [3104.03, 0.009], [3104.04, 0.189], [3104.05, 0.016], [3104.06, 0.649], [3104.07, 0.007], [3104.08, 0.028], [3104.09, 0.056], [3104.1, 0.017], [3104.11, 0.037], [3104.12, 0.18], [3104.13, 0.014], [3104.14, 0.068], [3104.15, 0.038], [3104.16, 0.015], [3104.17, 0.016], [3104.18, 0.087], [3104.19, 0.009]], "timestamp": "2025-12-14T10:38:08.102200+00:00"}