[{"id": "2668322948", "price": 3060.51, "amount": 0.007, "side": "sell", "timestamp": 1765755713294}, {"id": "2668322949", "price": 3060.52, "amount": 1.519, "side": "buy", "timestamp": 1765755713370}, {"id": "2668322950", "price": 3060.51, "amount": 0.125, "side": "sell", "timestamp": 1765755713531}, {"id": "2668322951", "price": 3060.52, "amount": 0.009, "side": "buy", "timestamp": 1765755713701}, {"id": "2668322952", "price": 3060.51, "amount": 2.104, "side": "sell", "timestamp": 1765755713847}, {"id": "2668322953", "price": 3060.52, "amount": 0.102, "side": "buy", "timestamp": 1765755713915}, {"id": "2668322954", "price": 3060.51, "amount": 8.417, "side": "sell", "timestamp": 1765755713925}, {"id": "2668322955", "price": 3060.5, "amount": 0.054, "side": "sell", "timestamp": 1765755713926}, {"id": "2668322956", "price": 3060.48, "amount": 0.007, "side": "sell", "timestamp": 1765755713926}, {"id": "2668322957", "price": 3060.46, "amount": 0.049, "side": "sell", "timestamp": 1765755713926}, {"id": "2668322958", "price": 3060.45, "amount": 0.014, "side": "sell", "timestamp": 1765755713926}, {"id": "2668322959", "price": 3060.44, "amount": 0.016, "side": "sell", "timestamp": 1765755713926}, {"id": "2668322960", "price": 3060.43, "amount": 0.217, "side": "sell", "timestamp": 1765755713926}, {"id": "2668322961", "price": 3060.42, "amount": 0.203, "side": "sell", "timestamp": 1765755713926}, {"id": "2668322962", "price": 3060.41, "amount": 0.009, "side": "sell", "timestamp": 1765755713926}, {"id": "2668322963", "price": 3060.4, "amount": 0.014, "side": "sell", "timestamp": 1765755713926}, {"id": "2668322964", "price": 3060.39, "amount": 0.04, "side": "sell", "timestamp": 1765755713926}, {"id": "2668322965", "price": 3060.38, "amount": 0.016, "side": "sell", "timestamp": 1765755713926}, {"id": "2668322966", "price": 3060.37, "amount": 0.874, "side": "sell", "timestamp": 1765755713926}, {"id": "2668322967", "price": 3060.36, "amount": 1.307, "side": "sell", "timestamp": 1765755713926}, {"id": "2668322968", "price": 3060.35, "amount": 0.049, "side": "sell", "timestamp": 1765755713926}, {"id": "2668322969", "price": 3060.34, "amount": 0.661, "side": "sell", "timestamp": 1765755713926}, {"id": "2668322970", "price": 3060.33, "amount": 0.83, "side": "sell", "timestamp": 1765755713926}, {"id": "2668322971", "price": 3060.32, "amount": 1.649, "side": "sell", "timestamp": 1765755713926}, {"id": "2668322972", "price": 3060.31, "amount": 0.151, "side": "sell", "timestamp": 1765755713926}, {"id": "2668322973", "price": 3060.3, "amount": 0.467, "side": "sell", "timestamp": 1765755713926}, {"id": "2668322974", "price": 3060.29, "amount": 0.274, "side": "sell", "timestamp": 1765755713926}, {"id": "2668322975", "price": 3060.3, "amount": 0.181, "side": "buy", "timestamp": 1765755713967}, {"id": "2668322976", "price": 3060.31, "amount": 0.028, "side": "buy", "timestamp": 1765755713967}, {"id": "2668322977", "price": 3060.34, "amount": 0.096, "side": "buy", "timestamp": 1765755713970}, {"id": "2668322978", "price": 3060.38, "amount": 0.054, "side": "buy", "timestamp": 1765755713973}, {"id": "2668322979", "price": 3060.4, "amount": 0.009, "side": "buy", "timestamp": 1765755713973}, {"id": "2668322980", "price": 3060.41, "amount": 0.014, "side": "buy", "timestamp": 1765755713973}, {"id": "2668322981", "price": 3060.43, "amount": 0.009, "side": "buy", "timestamp": 1765755713973}, {"id": "2668322982", "price": 3060.44, "amount": 0.04, "side": "buy", "timestamp": 1765755713973}, {"id": "2668322983", "price": 3060.45, "amount": 0.007, "side": "buy", "timestamp": 1765755713973}, {"id": "2668322984", "price": 3060.46, "amount": 0.009, "side": "buy", "timestamp": 1765755713973}, {"id": "2668322985", "price": 3060.48, "amount": 0.049, "side": "buy", "timestamp": 1765755713973}, {"id": "2668322986", "price": 3060.49, "amount": 0.023, "side": "buy", "timestamp": 1765755713973}, {"id": "2668322987", "price": 3060.5, "amount": 0.007, "side": "buy", "timestamp": 1765755713973}, {"id": "2668322988", "price": 3060.51, "amount": 3.332, "side": "sell", "timestamp": 1765755714023}, {"id": "2668322989", "price": 3060.52, "amount": 8.04, "side": "buy", "timestamp": 1765755714132}, {"id": "2668322990", "price": 3060.51, "amount": 46.135, "side": "sell", "timestamp": 1765755714200}, {"id": "2668322991", "price": 3060.51, "amount": 0.112, "side": "sell", "timestamp": 1765755714403}, {"id": "2668322992", "price": 3060.51, "amount": 0.112, "side": "sell", "timestamp": 1765755714569}, {"id": "2668322993", "price": 3060.52, "amount": 0.68, "side": "buy", "timestamp": 1765755714661}, {"id": "2668322994", "price": 3060.51, "amount": 0.256, "side": "sell", "timestamp": 1765755715006}, {"id": "2668322995", "price": 3060.52, "amount": 5.689, "side": "buy", "timestamp": 1765755715103}, {"id": "2668322996", "price": 3060.51, "amount": 3.397, "side": "sell", "timestamp": 1765755715308}, {"id": "2668322997", "price": 3060.52, "amount": 7.555, "side": "buy", "timestamp": 1765755715540}, {"id": "2668325410", "price": 3055.72, "amount": 2.509, "side": "buy", "timestamp": 1765755767167}, {"id": "2668325411", "price": 3055.74, "amount": 0.03, "side": "buy", "timestamp": 1765755767167}, {"id": "2668325412", "price": 3055.75, "amount": 1.159, "side": "buy", "timestamp": 1765755767167}, {"id": "2668325413", "price": 3055.77, "amount": 0.204, "side": "buy", "timestamp": 1765755767167}, {"id": "2668325414", "price": 3055.78, "amount": 0.665, "side": "buy", "timestamp": 1765755767167}, {"id": "2668325415", "price": 3055.79, "amount": 1.358, "side": "buy", "timestamp": 1765755767167}, {"id": "2668325416", "price": 3055.8, "amount": 1.035, "side": "buy", "timestamp": 1765755767167}, {"id": "2668325417", "price": 3055.8, "amount": 1.068, "side": "buy", "timestamp": 1765755767325}, {"id": "2668325418", "price": 3055.8, "amount": 0.008, "side": "buy", "timestamp": 1765755767509}, {"id": "2668325419", "price": 3055.79, "amount": 0.975, "side": "sell", "timestamp": 1765755767553}, {"id": "2668325420", "price": 3055.8, "amount": 50.0, "side": "buy", "timestamp": 1765755767575}, {"id": "2668325421", "price": 3055.79, "amount": 0.144, "side": "sell", "timestamp": 1765755767604}, {"id": "2668325422", "price": 3055.8, "amount": 5.256, "side": "buy", "timestamp": 1765755767614}, {"id": "2668325423", "price": 3055.8, "amount": 0.097, "side": "buy", "timestamp": 1765755767739}, {"id": "2668325424", "price": 3055.79, "amount": 0.01, "side": "sell", "timestamp": 1765755767790}, {"id": "2668325425", "price": 3055.8, "amount": 0.654, "side": "buy", "timestamp": 1765755767987}, {"id": "2668325426", "price": 3055.79, "amount": 0.2, "side": "sell", "timestamp": 1765755768388}, {"id": "2668325427", "price": 3055.79, "amount": 0.144, "side": "sell", "timestamp": 1765755768550}, {"id": "2668325428", "price": 3055.79, "amount": 4.192, "side": "sell", "timestamp": 1765755768820}, {"id": "2668325429", "price": 3055.8, "amount": 1.181, "side": "buy", "timestamp": 1765755769175}, {"id": "2668325430", "price": 3055.79, "amount": 0.007, "side": "sell", "timestamp": 1765755769283}, {"id": "2668325431", "price": 3055.79, "amount": 1.341, "side": "sell", "timestamp": 1765755769420}, {"id": "2668325432", "price": 3055.79, "amount": 2.144, "side": "sell", "timestamp": 1765755769696}, {"id": "2668325433", "price": 3055.78, "amount": 0.054, "side": "sell", "timestamp": 1765755769696}, {"id": "2668325434", "price": 3055.77, "amount": 0.007, "side": "sell", "timestamp": 1765755769696}, {"id": "2668325435", "price": 3055.75, "amount": 0.007, "side": "sell", "timestamp": 1765755769696}, {"id": "2668325436", "price": 3055.74, "amount": 0.056, "side": "sell", "timestamp": 1765755769696}, {"id": "2668325437", "price": 3055.73, "amount": 0.008, "side": "sell", "timestamp": 1765755769696}, {"id": "2668325438", "price": 3055.72, "amount": 0.03, "side": "sell", "timestamp": 1765755769696}, {"id": "2668325439", "price": 3055.71, "amount": 0.007, "side": "sell", "timestamp": 1765755769696}, {"id": "2668325440", "price": 3055.69, "amount": 0.009, "side": "sell", "timestamp": 1765755769696}, {"id": "2668325441", "price": 3055.68, "amount": 0.014, "side": "sell", "timestamp": 1765755769696}, {"id": "2668325442", "price": 3055.67, "amount": 0.04, "side": "sell", "timestamp": 1765755769696}, {"id": "2668325443", "price": 3055.66, "amount": 0.09, "side": "sell", "timestamp": 1765755769696}, {"id": "2668325444", "price": 3055.65, "amount": 0.037, "side": "sell", "timestamp": 1765755769696}, {"id": "2668325445", "price": 3055.63, "amount": 0.009, "side": "sell", "timestamp": 1765755769696}, {"id": "2668325446", "price": 3055.62, "amount": 0.021, "side": "sell", "timestamp": 1765755769696}, {"id": "2668325447", "price": 3055.61, "amount": 0.04, "side": "sell", "timestamp": 1765755769696}, {"id": "2668325448", "price": 3055.6, "amount": 0.016, "side": "sell", "timestamp": 1765755769696}, {"id": "2668325449", "price": 3055.59, "amount": 0.014, "side": "sell", "timestamp": 1765755769696}, {"id": "2668325450", "price": 3055.58, "amount": 0.143, "side": "sell", "timestamp": 1765755769696}, {"id": "2668325451", "price": 3055.57, "amount": 1.776, "side": "sell", "timestamp": 1765755769696}, {"id": "2668325452", "price": 3055.57, "amount": 0.025, "side": "sell", "timestamp": 1765755769837}, {"id": "2668325453", "price": 3055.58, "amount": 0.228, "side": "buy", "timestamp": 1765755769887}, {"id": "2668325454", "price": 3055.57, "amount": 0.3, "side": "sell", "timestamp": 1765755769910}, {"id": "2668325455", "price": 3055.58, "amount": 16.64, "side": "buy", "timestamp": 1765755769976}, {"id": "2668325456", "price": 3055.59, "amount": 0.144, "side": "buy", "timestamp": 1765755769992}, {"id": "2668325457", "price": 3055.58, "amount": 1.0, "side": "sell", "timestamp": 1765755770063}, {"id": "2668325458", "price": 3055.58, "amount": 0.012, "side": "sell", "timestamp": 1765755770365}, {"id": "2668325459", "price": 3055.59, "amount": 1.499, "side": "buy", "timestamp": 1765755770440}, {"id": "2668326839", "price": 3057.91, "amount": 0.04, "side": "sell", "timestamp": 1765755820931}, {"id": "2668326840", "price": 3057.9, "amount": 0.791, "side": "sell", "timestamp": 1765755820931}, {"id": "2668326841", "price": 3057.89, "amount": 0.009, "side": "sell", "timestamp": 1765755820931}, {"id": "2668326842", "price": 3057.87, "amount": 0.341, "side": "sell", "timestamp": 1765755820932}, {"id": "2668326843", "price": 3057.86, "amount": 0.019, "side": "sell", "timestamp": 1765755820932}, {"id": "2668326844", "price": 3057.85, "amount": 0.023, "side": "sell", "timestamp": 1765755820933}, {"id": "2668326845", "price": 3057.84, "amount": 0.048, "side": "sell", "timestamp": 1765755820938}, {"id": "2668326846", "price": 3057.83, "amount": 0.154, "side": "sell", "timestamp": 1765755820940}, {"id": "2668326847", "price": 3057.81, "amount": 75.341, "side": "sell", "timestamp": 1765755820943}, {"id": "2668326848", "price": 3057.82, "amount": 1.421, "side": "buy", "timestamp": 1765755821055}, {"id": "2668326849", "price": 3057.81, "amount": 1.632, "side": "sell", "timestamp": 1765755821071}, {"id": "2668326850", "price": 3057.82, "amount": 0.1, "side": "buy", "timestamp": 1765755821259}, {"id": "2668326851", "price": 3057.81, "amount": 6.503, "side": "sell", "timestamp": 1765755821374}, {"id": "2668326852", "price": 3057.82, "amount": 0.914, "side": "buy", "timestamp": 1765755821804}, {"id": "2668326853", "price": 3057.81, "amount": 7.824, "side": "sell", "timestamp": 1765755821873}, {"id": "2668326854", "price": 3057.81, "amount": 0.66, "side": "sell", "timestamp": 1765755822039}, {"id": "2668326855", "price": 3057.82, "amount": 0.023, "side": "buy", "timestamp": 1765755822293}, {"id": "2668326856", "price": 3057.81, "amount": 4.853, "side": "sell", "timestamp": 1765755822583}, {"id": "2668326857", "price": 3057.82, "amount": 0.107, "side": "buy", "timestamp": 1765755822666}, {"id": "2668326858", "price": 3057.81, "amount": 10.243, "side": "sell", "timestamp": 1765755822793}, {"id": "2668326859", "price": 3057.81, "amount": 58.715, "side": "buy", "timestamp": 1765755823153}, {"id": "2668326860", "price": 3057.81, "amount": 0.008, "side": "buy", "timestamp": 1765755823575}, {"id": "2668326861", "price": 3057.81, "amount": 0.008, "side": "buy", "timestamp": 1765755823700}, {"id": "2668326862", "price": 3057.8, "amount": 6.495, "side": "sell", "timestamp": 1765755823801}, {"id": "2668326863", "price": 3057.81, "amount": 0.007, "side": "buy", "timestamp": 1765755823814}, {"id": "2668326864", "price": 3057.8, "amount": 0.136, "side": "sell", "timestamp": 1765755823816}, {"id": "2668326865", "price": 3057.81, "amount": 0.981, "side": "buy", "timestamp": 1765755823973}, {"id": "2668326866", "price": 3057.81, "amount": 0.139, "side": "buy", "timestamp": 1765755824089}, {"id": "2668326867", "price": 3057.81, "amount": 0.169, "side": "buy", "timestamp": 1765755824296}, {"id": "2668326868", "price": 3057.81, "amount": 0.77, "side": "buy", "timestamp": 1765755824581}, {"id": "2668326869", "price": 3057.8, "amount": 5.675, "side": "sell", "timestamp": 1765755824644}, {"id": "2668326870", "price": 3057.81, "amount": 0.011, "side": "buy", "timestamp": 1765755824744}, {"id": "2668326871", "price": 3057.8, "amount": 5.015, "side": "sell", "timestamp": 1765755824768}, {"id": "2668326872", "price": 3057.79, "amount": 0.077, "side": "sell", "timestamp": 1765755824828}, {"id": "2668326873", "price": 3057.78, "amount": 0.013, "side": "sell", "timestamp": 1765755824828}, {"id": "2668326874", "price": 3057.77, "amount": 0.009, "side": "sell", "timestamp": 1765755824828}, {"id": "2668326875", "price": 3057.76, "amount": 0.047, "side": "sell", "timestamp": 1765755824828}, {"id": "2668326876", "price": 3057.75, "amount": 0.016, "side": "sell", "timestamp": 1765755824828}, {"id": "2668326877", "price": 3057.73, "amount": 0.025, "side": "sell", "timestamp": 1765755824828}, {"id": "2668326878", "price": 3057.72, "amount": 0.022, "side": "sell", "timestamp": 1765755824828}, {"id": "2668326879", "price": 3057.71, "amount": 0.016, "side": "sell", "timestamp": 1765755824828}, {"id": "2668326880", "price": 3057.7, "amount": 0.017, "side": "sell", "timestamp": 1765755824828}, {"id": "2668326881", "price": 3057.69, "amount": 0.054, "side": "sell", "timestamp": 1765755824828}, {"id": "2668326882", "price": 3057.68, "amount": 0.156, "side": "sell", "timestamp": 1765755824828}, {"id": "2668326883", "price": 3057.67, "amount": 0.016, "side": "sell", "timestamp": 1765755824828}, {"id": "2668326884", "price": 3057.66, "amount": 0.031, "side": "sell", "timestamp": 1765755824828}, {"id": "2668326885", "price": 3057.64, "amount": 0.049, "side": "sell", "timestamp": 1765755824830}, {"id": "2668326886", "price": 3057.63, "amount": 0.017, "side": "sell", "timestamp": 1765755824830}, {"id": "2668326887", "price": 3057.62, "amount": 0.178, "side": "sell", "timestamp": 1765755824845}, {"id": "2668326888", "price": 3057.63, "amount": 8.763, "side": "buy", "timestamp": 1765755824943}, {"id": "2668327878", "price": 3054.3, "amount": 0.707, "side": "sell", "timestamp": 1765755876931}, {"id": "2668327879", "price": 3054.29, "amount": 0.04, "side": "sell", "timestamp": 1765755876983}, {"id": "2668327880", "price": 3054.28, "amount": 0.039, "side": "sell", "timestamp": 1765755876983}, {"id": "2668327881", "price": 3054.27, "amount": 1.044, "side": "sell", "timestamp": 1765755877020}, {"id": "2668327882", "price": 3054.26, "amount": 0.084, "side": "sell", "timestamp": 1765755877020}, {"id": "2668327883", "price": 3054.25, "amount": 0.023, "side": "sell", "timestamp": 1765755877020}, {"id": "2668327884", "price": 3054.24, "amount": 0.377, "side": "sell", "timestamp": 1765755877020}, {"id": "2668327885", "price": 3054.23, "amount": 5.022, "side": "sell", "timestamp": 1765755877020}, {"id": "2668327886", "price": 3054.24, "amount": 0.491, "side": "buy", "timestamp": 1765755877030}, {"id": "2668327887", "price": 3054.23, "amount": 0.189, "side": "sell", "timestamp": 1765755877074}, {"id": "2668327888", "price": 3054.23, "amount": 0.234, "side": "sell", "timestamp": 1765755877405}, {"id": "2668327889", "price": 3054.24, "amount": 2.601, "side": "buy", "timestamp": 1765755877502}, {"id": "2668327890", "price": 3054.25, "amount": 0.007, "side": "buy", "timestamp": 1765755877502}, {"id": "2668327891", "price": 3054.28, "amount": 4.05, "side": "buy", "timestamp": 1765755877502}, {"id": "2668327892", "price": 3054.29, "amount": 0.009, "side": "buy", "timestamp": 1765755877502}, {"id": "2668327893", "price": 3054.3, "amount": 0.978, "side": "buy", "timestamp": 1765755877502}, {"id": "2668327894", "price": 3054.31, "amount": 0.106, "side": "buy", "timestamp": 1765755877503}, {"id": "2668327895", "price": 3054.32, "amount": 0.014, "side": "buy", "timestamp": 1765755877503}, {"id": "2668327896", "price": 3054.33, "amount": 0.009, "side": "buy", "timestamp": 1765755877503}, {"id": "2668327897", "price": 3054.34, "amount": 0.008, "side": "buy", "timestamp": 1765755877503}, {"id": "2668327898", "price": 3054.35, "amount": 0.426, "side": "buy", "timestamp": 1765755877503}, {"id": "2668327899", "price": 3054.36, "amount": 0.094, "side": "buy", "timestamp": 1765755877503}, {"id": "2668327900", "price": 3054.37, "amount": 0.009, "side": "buy", "timestamp": 1765755877503}, {"id": "2668327901", "price": 3054.38, "amount": 0.014, "side": "buy", "timestamp": 1765755877503}, {"id": "2668327902", "price": 3054.39, "amount": 0.009, "side": "buy", "timestamp": 1765755877504}, {"id": "2668327903", "price": 3054.4, "amount": 0.058, "side": "buy", "timestamp": 1765755877504}, {"id": "2668327904", "price": 3054.41, "amount": 0.021, "side": "buy", "timestamp": 1765755877504}, {"id": "2668327905", "price": 3054.42, "amount": 0.009, "side": "buy", "timestamp": 1765755877504}, {"id": "2668327906", "price": 3054.43, "amount": 0.021, "side": "buy", "timestamp": 1765755877504}, {"id": "2668327907", "price": 3054.44, "amount": 0.082, "side": "buy", "timestamp": 1765755877504}, {"id": "2668327908", "price": 3054.45, "amount": 0.053, "side": "buy", "timestamp": 1765755877504}, {"id": "2668327909", "price": 3054.46, "amount": 0.014, "side": "buy", "timestamp": 1765755877504}, {"id": "2668327910", "price": 3054.47, "amount": 0.016, "side": "buy", "timestamp": 1765755877504}, {"id": "2668327911", "price": 3054.48, "amount": 0.139, "side": "buy", "timestamp": 1765755877504}, {"id": "2668327912", "price": 3054.5, "amount": 0.191, "side": "buy", "timestamp": 1765755877512}, {"id": "2668327913", "price": 3054.51, "amount": 0.065, "side": "buy", "timestamp": 1765755877818}, {"id": "2668327914", "price": 3054.5, "amount": 0.39, "side": "sell", "timestamp": 1765755878035}, {"id": "2668327915", "price": 3054.5, "amount": 0.197, "side": "sell", "timestamp": 1765755878218}, {"id": "2668327916", "price": 3054.51, "amount": 0.1, "side": "buy", "timestamp": 1765755878344}, {"id": "2668327917", "price": 3054.5, "amount": 0.31, "side": "sell", "timestamp": 1765755878380}, {"id": "2668327918", "price": 3054.51, "amount": 0.008, "side": "buy", "timestamp": 1765755878445}, {"id": "2668327919", "price": 3054.51, "amount": 0.016, "side": "buy", "timestamp": 1765755878601}, {"id": "2668327920", "price": 3054.51, "amount": 0.032, "side": "buy", "timestamp": 1765755878709}, {"id": "2668327921", "price": 3054.5, "amount": 2.288, "side": "sell", "timestamp": 1765755878786}, {"id": "2668327922", "price": 3054.5, "amount": 0.367, "side": "sell", "timestamp": 1765755878913}, {"id": "2668327923", "price": 3054.5, "amount": 5.959, "side": "sell", "timestamp": 1765755879133}, {"id": "2668327924", "price": 3054.5, "amount": 0.211, "side": "sell", "timestamp": 1765755879306}, {"id": "2668327925", "price": 3054.51, "amount": 1.193, "side": "buy", "timestamp": 1765755879427}, {"id": "2668327926", "price": 3054.5, "amount": 0.109, "side": "sell", "timestamp": 1765755879555}, {"id": "2668327927", "price": 3054.51, "amount": 3.678, "side": "buy", "timestamp": 1765755879624}, {"id": "2668329624", "price": 3055.5, "amount": 0.249, "side": "sell", "timestamp": 1765755933091}, {"id": "2668329625", "price": 3055.49, "amount": 0.043, "side": "sell", "timestamp": 1765755933091}, {"id": "2668329626", "price": 3055.48, "amount": 0.04, "side": "sell", "timestamp": 1765755933091}, {"id": "2668329627", "price": 3055.47, "amount": 1.665, "side": "sell", "timestamp": 1765755933092}, {"id": "2668329628", "price": 3055.46, "amount": 0.011, "side": "sell", "timestamp": 1765755933093}, {"id": "2668329629", "price": 3055.44, "amount": 0.022, "side": "sell", "timestamp": 1765755933099}, {"id": "2668329630", "price": 3055.43, "amount": 0.154, "side": "sell", "timestamp": 1765755933099}, {"id": "2668329631", "price": 3055.42, "amount": 0.094, "side": "sell", "timestamp": 1765755933106}, {"id": "2668329632", "price": 3055.41, "amount": 0.131, "side": "sell", "timestamp": 1765755933110}, {"id": "2668329633", "price": 3055.4, "amount": 0.024, "side": "sell", "timestamp": 1765755933110}, {"id": "2668329634", "price": 3055.38, "amount": 0.106, "side": "sell", "timestamp": 1765755933140}, {"id": "2668329635", "price": 3055.37, "amount": 0.047, "side": "sell", "timestamp": 1765755933142}, {"id": "2668329636", "price": 3055.35, "amount": 0.513, "side": "sell", "timestamp": 1765755933281}, {"id": "2668329637", "price": 3055.34, "amount": 0.018, "side": "sell", "timestamp": 1765755933284}, {"id": "2668329638", "price": 3055.32, "amount": 0.062, "side": "sell", "timestamp": 1765755933286}, {"id": "2668329639", "price": 3055.31, "amount": 1.475, "side": "sell", "timestamp": 1765755933286}, {"id": "2668329640", "price": 3055.3, "amount": 0.067, "side": "sell", "timestamp": 1765755933289}, {"id": "2668329641", "price": 3055.28, "amount": 0.194, "side": "sell", "timestamp": 1765755933295}, {"id": "2668329642", "price": 3055.27, "amount": 0.091, "side": "sell", "timestamp": 1765755933295}, {"id": "2668329643", "price": 3055.26, "amount": 1.673, "side": "sell", "timestamp": 1765755933295}, {"id": "2668329644", "price": 3055.27, "amount": 0.034, "side": "buy", "timestamp": 1765755933361}, {"id": "2668329645", "price": 3055.26, "amount": 4.267, "side": "sell", "timestamp": 1765755933374}, {"id": "2668329646", "price": 3055.25, "amount": 16.828, "side": "sell", "timestamp": 1765755933374}, {"id": "2668329647", "price": 3055.24, "amount": 0.079, "side": "sell", "timestamp": 1765755933376}, {"id": "2668329648", "price": 3055.23, "amount": 0.356, "side": "sell", "timestamp": 1765755933376}, {"id": "2668329649", "price": 3055.22, "amount": 0.023, "side": "sell", "timestamp": 1765755933377}, {"id": "2668329650", "price": 3055.2, "amount": 0.341, "side": "sell", "timestamp": 1765755933377}, {"id": "2668329651", "price": 3055.19, "amount": 0.063, "side": "sell", "timestamp": 1765755933377}, {"id": "2668329652", "price": 3055.18, "amount": 0.143, "side": "sell", "timestamp": 1765755933379}, {"id": "2668329653", "price": 3055.17, "amount": 0.078, "side": "sell", "timestamp": 1765755933379}, {"id": "2668329654", "price": 3055.16, "amount": 0.009, "side": "sell", "timestamp": 1765755933379}, {"id": "2668329655", "price": 3055.15, "amount": 0.514, "side": "sell", "timestamp": 1765755933379}, {"id": "2668329656", "price": 3055.14, "amount": 0.007, "side": "sell", "timestamp": 1765755933382}, {"id": "2668329657", "price": 3055.13, "amount": 0.173, "side": "sell", "timestamp": 1765755933382}, {"id": "2668329658", "price": 3055.13, "amount": 8.225, "side": "buy", "timestamp": 1765755933420}, {"id": "2668329659", "price": 3055.14, "amount": 0.732, "side": "buy", "timestamp": 1765755933580}, {"id": "2668329660", "price": 3055.15, "amount": 0.047, "side": "buy", "timestamp": 1765755933583}, {"id": "2668329661", "price": 3055.18, "amount": 0.009, "side": "buy", "timestamp": 1765755933583}, {"id": "2668329662", "price": 3055.19, "amount": 0.009, "side": "buy", "timestamp": 1765755933583}, {"id": "2668329663", "price": 3055.2, "amount": 0.054, "side": "buy", "timestamp": 1765755933583}, {"id": "2668329664", "price": 3055.21, "amount": 0.109, "side": "buy", "timestamp": 1765755933583}, {"id": "2668329665", "price": 3055.24, "amount": 0.034, "side": "buy", "timestamp": 1765755933585}, {"id": "2668329666", "price": 3055.25, "amount": 0.054, "side": "buy", "timestamp": 1765755933585}, {"id": "2668329667", "price": 3055.26, "amount": 0.018, "side": "buy", "timestamp": 1765755933585}, {"id": "2668329668", "price": 3055.27, "amount": 0.014, "side": "buy", "timestamp": 1765755933585}, {"id": "2668329669", "price": 3055.27, "amount": 0.023, "side": "sell", "timestamp": 1765755933752}, {"id": "2668329670", "price": 3055.27, "amount": 0.461, "side": "sell", "timestamp": 1765755933893}, {"id": "2668329671", "price": 3055.27, "amount": 12.444, "side": "sell", "timestamp": 1765755934175}, {"id": "2668329672", "price": 3055.28, "amount": 0.275, "side": "buy", "timestamp": 1765755934297}, {"id": "2668329673", "price": 3055.27, "amount": 0.006, "side": "sell", "timestamp": 1765755934539}, {"id": "2668331611", "price": 3053.29, "amount": 3.958, "side": "buy", "timestamp": 1765755987452}, {"id": "2668331612", "price": 3053.28, "amount": 0.081, "side": "sell", "timestamp": 1765755987770}, {"id": "2668331613", "price": 3053.29, "amount": 0.021, "side": "buy", "timestamp": 1765755987796}, {"id": "2668331614", "price": 3053.28, "amount": 0.183, "side": "sell", "timestamp": 1765755988179}, {"id": "2668331615", "price": 3053.28, "amount": 0.179, "side": "sell", "timestamp": 1765755988310}, {"id": "2668331616", "price": 3053.28, "amount": 1.864, "side": "sell", "timestamp": 1765755988444}, {"id": "2668331617", "price": 3053.29, "amount": 3.406, "side": "buy", "timestamp": 1765755988487}, {"id": "2668331618", "price": 3053.28, "amount": 0.049, "side": "sell", "timestamp": 1765755988729}, {"id": "2668331619", "price": 3053.29, "amount": 18.493, "side": "buy", "timestamp": 1765755988919}, {"id": "2668331620", "price": 3053.3, "amount": 0.066, "side": "buy", "timestamp": 1765755988919}, {"id": "2668331621", "price": 3053.31, "amount": 0.616, "side": "buy", "timestamp": 1765755988920}, {"id": "2668331622", "price": 3053.32, "amount": 0.009, "side": "buy", "timestamp": 1765755988920}, {"id": "2668331623", "price": 3053.33, "amount": 0.043, "side": "buy", "timestamp": 1765755988920}, {"id": "2668331624", "price": 3053.34, "amount": 0.068, "side": "buy", "timestamp": 1765755988920}, {"id": "2668331625", "price": 3053.35, "amount": 0.009, "side": "buy", "timestamp": 1765755988920}, {"id": "2668331626", "price": 3053.37, "amount": 0.038, "side": "buy", "timestamp": 1765755988920}, {"id": "2668331627", "price": 3053.38, "amount": 0.137, "side": "buy", "timestamp": 1765755988920}, {"id": "2668331628", "price": 3053.39, "amount": 0.038, "side": "buy", "timestamp": 1765755988920}, {"id": "2668331629", "price": 3053.4, "amount": 0.076, "side": "buy", "timestamp": 1765755988920}, {"id": "2668331630", "price": 3053.42, "amount": 0.04, "side": "buy", "timestamp": 1765755988920}, {"id": "2668331631", "price": 3053.45, "amount": 0.014, "side": "buy", "timestamp": 1765755988925}, {"id": "2668331632", "price": 3053.46, "amount": 0.049, "side": "buy", "timestamp": 1765755988925}, {"id": "2668331633", "price": 3053.47, "amount": 0.011, "side": "buy", "timestamp": 1765755988925}, {"id": "2668331634", "price": 3053.47, "amount": 0.008, "side": "sell", "timestamp": 1765755988927}, {"id": "2668331635", "price": 3053.48, "amount": 0.171, "side": "buy", "timestamp": 1765755988933}, {"id": "2668331636", "price": 3053.5, "amount": 0.304, "side": "buy", "timestamp": 1765755988934}, {"id": "2668331637", "price": 3053.52, "amount": 0.017, "side": "buy", "timestamp": 1765755988934}, {"id": "2668331638", "price": 3053.53, "amount": 0.422, "side": "buy", "timestamp": 1765755988934}, {"id": "2668331639", "price": 3053.54, "amount": 0.336, "side": "buy", "timestamp": 1765755988934}, {"id": "2668331640", "price": 3053.55, "amount": 0.007, "side": "buy", "timestamp": 1765755988934}, {"id": "2668331641", "price": 3053.56, "amount": 0.689, "side": "buy", "timestamp": 1765755988941}, {"id": "2668331642", "price": 3053.57, "amount": 0.297, "side": "buy", "timestamp": 1765755988941}, {"id": "2668331643", "price": 3053.58, "amount": 0.077, "side": "buy", "timestamp": 1765755988944}, {"id": "2668331644", "price": 3053.6, "amount": 0.019, "side": "buy", "timestamp": 1765755988946}, {"id": "2668331645", "price": 3053.62, "amount": 0.049, "side": "buy", "timestamp": 1765755988946}, {"id": "2668331646", "price": 3053.63, "amount": 0.014, "side": "buy", "timestamp": 1765755988946}, {"id": "2668331647", "price": 3053.64, "amount": 0.117, "side": "buy", "timestamp": 1765755988948}, {"id": "2668331648", "price": 3053.65, "amount": 0.017, "side": "buy", "timestamp": 1765755988948}, {"id": "2668331649", "price": 3053.66, "amount": 0.667, "side": "buy", "timestamp": 1765755988952}, {"id": "2668331650", "price": 3053.65, "amount": 0.008, "side": "sell", "timestamp": 1765755988963}, {"id": "2668331651", "price": 3053.66, "amount": 0.4, "side": "buy", "timestamp": 1765755989098}, {"id": "2668331652", "price": 3053.65, "amount": 0.233, "side": "sell", "timestamp": 1765755989293}, {"id": "2668331653", "price": 3053.65, "amount": 2.049, "side": "sell", "timestamp": 1765755989397}, {"id": "2668331654", "price": 3053.64, "amount": 0.021, "side": "sell", "timestamp": 1765755989457}, {"id": "2668331655", "price": 3053.63, "amount": 0.04, "side": "sell", "timestamp": 1765755989457}, {"id": "2668331656", "price": 3053.6, "amount": 0.02, "side": "sell", "timestamp": 1765755989460}, {"id": "2668331657", "price": 3053.59, "amount": 0.124, "side": "sell", "timestamp": 1765755989460}, {"id": "2668331658", "price": 3053.58, "amount": 0.014, "side": "sell", "timestamp": 1765755989460}, {"id": "2668331659", "price": 3053.57, "amount": 0.027, "side": "buy", "timestamp": 1765755989467}, {"id": "2668331660", "price": 3053.56, "amount": 0.081, "side": "sell", "timestamp": 1765755989475}, {"id": "2668333183", "price": 3055.91, "amount": 0.009, "side": "buy", "timestamp": 1765756039568}, {"id": "2668333184", "price": 3055.92, "amount": 5.063, "side": "buy", "timestamp": 1765756039598}, {"id": "2668333185", "price": 3055.93, "amount": 0.007, "side": "buy", "timestamp": 1765756039610}, {"id": "2668333186", "price": 3055.95, "amount": 0.007, "side": "buy", "timestamp": 1765756039611}, {"id": "2668333187", "price": 3055.96, "amount": 0.04, "side": "buy", "timestamp": 1765756039611}, {"id": "2668333188", "price": 3055.97, "amount": 0.009, "side": "buy", "timestamp": 1765756039611}, {"id": "2668333189", "price": 3056.0, "amount": 0.05, "side": "buy", "timestamp": 1765756039619}, {"id": "2668333190", "price": 3056.01, "amount": 0.01, "side": "buy", "timestamp": 1765756039619}, {"id": "2668333191", "price": 3056.02, "amount": 0.014, "side": "buy", "timestamp": 1765756039619}, {"id": "2668333192", "price": 3056.03, "amount": 0.019, "side": "buy", "timestamp": 1765756039619}, {"id": "2668333193", "price": 3056.04, "amount": 0.04, "side": "buy", "timestamp": 1765756039619}, {"id": "2668333194", "price": 3056.05, "amount": 0.007, "side": "buy", "timestamp": 1765756039619}, {"id": "2668333195", "price": 3056.06, "amount": 0.009, "side": "buy", "timestamp": 1765756039619}, {"id": "2668333196", "price": 3056.06, "amount": 0.171, "side": "sell", "timestamp": 1765756040060}, {"id": "2668333197", "price": 3056.07, "amount": 0.1, "side": "buy", "timestamp": 1765756040078}, {"id": "2668333198", "price": 3056.06, "amount": 0.172, "side": "sell", "timestamp": 1765756040133}, {"id": "2668333199", "price": 3056.07, "amount": 1.161, "side": "buy", "timestamp": 1765756040258}, {"id": "2668333200", "price": 3056.07, "amount": 5.117, "side": "buy", "timestamp": 1765756040444}, {"id": "2668333201", "price": 3056.08, "amount": 0.007, "side": "buy", "timestamp": 1765756040447}, {"id": "2668333202", "price": 3056.1, "amount": 0.014, "side": "buy", "timestamp": 1765756040447}, {"id": "2668333203", "price": 3056.12, "amount": 0.056, "side": "buy", "timestamp": 1765756040448}, {"id": "2668333204", "price": 3056.14, "amount": 0.008, "side": "buy", "timestamp": 1765756040448}, {"id": "2668333205", "price": 3056.15, "amount": 0.023, "side": "buy", "timestamp": 1765756040448}, {"id": "2668333206", "price": 3056.16, "amount": 0.047, "side": "buy", "timestamp": 1765756040448}, {"id": "2668333207", "price": 3056.17, "amount": 0.047, "side": "buy", "timestamp": 1765756040748}, {"id": "2668333208", "price": 3056.16, "amount": 0.011, "side": "sell", "timestamp": 1765756040950}, {"id": "2668333209", "price": 3056.17, "amount": 2.402, "side": "buy", "timestamp": 1765756040963}, {"id": "2668333210", "price": 3056.16, "amount": 28.832, "side": "sell", "timestamp": 1765756041034}, {"id": "2668333211", "price": 3056.17, "amount": 0.271, "side": "buy", "timestamp": 1765756041034}, {"id": "2668333212", "price": 3056.16, "amount": 0.289, "side": "sell", "timestamp": 1765756041034}, {"id": "2668333213", "price": 3056.17, "amount": 1.229, "side": "buy", "timestamp": 1765756041156}, {"id": "2668333214", "price": 3056.16, "amount": 0.01, "side": "sell", "timestamp": 1765756041240}, {"id": "2668333215", "price": 3056.17, "amount": 0.029, "side": "buy", "timestamp": 1765756041261}, {"id": "2668333216", "price": 3056.16, "amount": 0.172, "side": "sell", "timestamp": 1765756041600}, {"id": "2668333217", "price": 3056.17, "amount": 0.654, "side": "buy", "timestamp": 1765756041635}, {"id": "2668333218", "price": 3056.16, "amount": 6.215, "side": "sell", "timestamp": 1765756041790}, {"id": "2668333219", "price": 3056.16, "amount": 0.158, "side": "sell", "timestamp": 1765756042100}, {"id": "2668333220", "price": 3056.16, "amount": 0.137, "side": "sell", "timestamp": 1765756042214}, {"id": "2668333221", "price": 3056.16, "amount": 0.523, "side": "sell", "timestamp": 1765756042521}, {"id": "2668333222", "price": 3056.16, "amount": 0.1, "side": "sell", "timestamp": 1765756042740}, {"id": "2668333223", "price": 3056.17, "amount": 0.026, "side": "buy", "timestamp": 1765756042915}, {"id": "2668333224", "price": 3056.16, "amount": 0.007, "side": "sell", "timestamp": 1765756043069}, {"id": "2668333225", "price": 3056.17, "amount": 0.049, "side": "buy", "timestamp": 1765756043145}, {"id": "2668333226", "price": 3056.16, "amount": 0.088, "side": "sell", "timestamp": 1765756043171}, {"id": "2668333227", "price": 3056.17, "amount": 10.781, "side": "buy", "timestamp": 1765756043215}, {"id": "2668333228", "price": 3056.16, "amount": 0.444, "side": "sell", "timestamp": 1765756043380}, {"id": "2668333229", "price": 3056.16, "amount": 4.27, "side": "sell", "timestamp": 1765756043559}, {"id": "2668333230", "price": 3056.16, "amount": 0.004, "side": "sell", "timestamp": 1765756043691}, {"id": "2668333231", "price": 3056.17, "amount": 8.771, "side": "buy", "timestamp": 1765756043783}, {"id": "2668333232", "price": 3056.16, "amount": 0.093, "side": "sell", "timestamp": 1765756044204}, {"id": "2668334670", "price": 3056.67, "amount": 0.099, "side": "sell", "timestamp": 1765756096697}, {"id": "2668334671", "price": 3056.68, "amount": 2.037, "side": "buy", "timestamp": 1765756097055}, {"id": "2668334672", "price": 3056.69, "amount": 0.007, "side": "buy", "timestamp": 1765756097056}, {"id": "2668334673", "price": 3056.7, "amount": 0.033, "side": "buy", "timestamp": 1765756097056}, {"id": "2668334674", "price": 3056.72, "amount": 0.049, "side": "buy", "timestamp": 1765756097056}, {"id": "2668334675", "price": 3056.73, "amount": 0.922, "side": "buy", "timestamp": 1765756097056}, {"id": "2668334676", "price": 3056.75, "amount": 0.439, "side": "buy", "timestamp": 1765756097065}, {"id": "2668334677", "price": 3056.76, "amount": 0.054, "side": "buy", "timestamp": 1765756097065}, {"id": "2668334678", "price": 3056.77, "amount": 0.35, "side": "buy", "timestamp": 1765756097076}, {"id": "2668334679", "price": 3056.79, "amount": 0.014, "side": "buy", "timestamp": 1765756097077}, {"id": "2668334680", "price": 3056.8, "amount": 0.04, "side": "buy", "timestamp": 1765756097078}, {"id": "2668334681", "price": 3056.81, "amount": 0.065, "side": "buy", "timestamp": 1765756097082}, {"id": "2668334682", "price": 3056.82, "amount": 0.04, "side": "buy", "timestamp": 1765756097082}, {"id": "2668334683", "price": 3056.83, "amount": 0.016, "side": "buy", "timestamp": 1765756097082}, {"id": "2668334684", "price": 3056.85, "amount": 0.358, "side": "buy", "timestamp": 1765756097093}, {"id": "2668334685", "price": 3056.87, "amount": 0.049, "side": "buy", "timestamp": 1765756097093}, {"id": "2668334686", "price": 3056.88, "amount": 0.008, "side": "buy", "timestamp": 1765756097093}, {"id": "2668334687", "price": 3056.9, "amount": 0.026, "side": "buy", "timestamp": 1765756097093}, {"id": "2668334688", "price": 3056.91, "amount": 0.054, "side": "buy", "timestamp": 1765756097093}, {"id": "2668334689", "price": 3056.92, "amount": 0.009, "side": "buy", "timestamp": 1765756097093}, {"id": "2668334690", "price": 3056.93, "amount": 0.35, "side": "buy", "timestamp": 1765756097219}, {"id": "2668334691", "price": 3056.92, "amount": 0.151, "side": "sell", "timestamp": 1765756097236}, {"id": "2668334692", "price": 3056.93, "amount": 0.182, "side": "buy", "timestamp": 1765756097239}, {"id": "2668334693", "price": 3056.94, "amount": 0.016, "side": "buy", "timestamp": 1765756097239}, {"id": "2668334694", "price": 3056.95, "amount": 0.399, "side": "buy", "timestamp": 1765756097241}, {"id": "2668334695", "price": 3056.96, "amount": 0.297, "side": "buy", "timestamp": 1765756097242}, {"id": "2668334696", "price": 3056.98, "amount": 0.433, "side": "buy", "timestamp": 1765756097242}, {"id": "2668334697", "price": 3056.99, "amount": 0.124, "side": "buy", "timestamp": 1765756097242}, {"id": "2668334698", "price": 3057.0, "amount": 0.091, "side": "buy", "timestamp": 1765756097242}, {"id": "2668334699", "price": 3057.01, "amount": 0.023, "side": "buy", "timestamp": 1765756097242}, {"id": "2668334700", "price": 3057.02, "amount": 0.009, "side": "buy", "timestamp": 1765756097242}, {"id": "2668334701", "price": 3057.03, "amount": 0.474, "side": "buy", "timestamp": 1765756097249}, {"id": "2668334702", "price": 3057.05, "amount": 0.014, "side": "buy", "timestamp": 1765756097260}, {"id": "2668334703", "price": 3057.06, "amount": 0.027, "side": "buy", "timestamp": 1765756097260}, {"id": "2668334704", "price": 3057.07, "amount": 0.04, "side": "buy", "timestamp": 1765756097260}, {"id": "2668334705", "price": 3057.08, "amount": 0.009, "side": "buy", "timestamp": 1765756097260}, {"id": "2668334706", "price": 3057.09, "amount": 0.007, "side": "buy", "timestamp": 1765756097260}, {"id": "2668334707", "price": 3057.1, "amount": 0.009, "side": "buy", "timestamp": 1765756097260}, {"id": "2668334708", "price": 3057.11, "amount": 0.081, "side": "buy", "timestamp": 1765756097646}, {"id": "2668334709", "price": 3057.11, "amount": 2.0, "side": "buy", "timestamp": 1765756097924}, {"id": "2668334710", "price": 3057.1, "amount": 30.277, "side": "sell", "timestamp": 1765756098043}, {"id": "2668334711", "price": 3057.1, "amount": 0.112, "side": "sell", "timestamp": 1765756098228}, {"id": "2668334712", "price": 3057.11, "amount": 0.357, "side": "buy", "timestamp": 1765756098427}, {"id": "2668334713", "price": 3057.1, "amount": 0.099, "side": "sell", "timestamp": 1765756098741}, {"id": "2668334714", "price": 3057.1, "amount": 0.042, "side": "sell", "timestamp": 1765756098932}, {"id": "2668334715", "price": 3057.11, "amount": 2.407, "side": "buy", "timestamp": 1765756098950}, {"id": "2668334716", "price": 3057.1, "amount": 0.068, "side": "sell", "timestamp": 1765756098960}, {"id": "2668334717", "price": 3057.11, "amount": 0.058, "side": "buy", "timestamp": 1765756098984}, {"id": "2668334718", "price": 3057.1, "amount": 29.88, "side": "sell", "timestamp": 1765756099017}, {"id": "2668334719", "price": 3057.1, "amount": 0.323, "side": "sell", "timestamp": 1765756099158}, {"id": "2668336884", "price": 3058.8, "amount": 1.483, "side": "buy", "timestamp": 1765756152829}, {"id": "2668336885", "price": 3058.81, "amount": 0.023, "side": "buy", "timestamp": 1765756152829}, {"id": "2668336886", "price": 3058.82, "amount": 0.009, "side": "buy", "timestamp": 1765756152829}, {"id": "2668336887", "price": 3058.83, "amount": 0.007, "side": "buy", "timestamp": 1765756152829}, {"id": "2668336888", "price": 3058.84, "amount": 0.065, "side": "buy", "timestamp": 1765756152829}, {"id": "2668336889", "price": 3058.85, "amount": 0.056, "side": "buy", "timestamp": 1765756152829}, {"id": "2668336890", "price": 3058.86, "amount": 0.009, "side": "buy", "timestamp": 1765756152829}, {"id": "2668336891", "price": 3058.87, "amount": 0.014, "side": "buy", "timestamp": 1765756152829}, {"id": "2668336892", "price": 3058.88, "amount": 1.191, "side": "buy", "timestamp": 1765756152829}, {"id": "2668336893", "price": 3058.89, "amount": 1.042, "side": "buy", "timestamp": 1765756152829}, {"id": "2668336894", "price": 3058.9, "amount": 0.024, "side": "buy", "timestamp": 1765756152829}, {"id": "2668336895", "price": 3058.91, "amount": 0.023, "side": "buy", "timestamp": 1765756152829}, {"id": "2668336896", "price": 3058.92, "amount": 1.058, "side": "buy", "timestamp": 1765756152829}, {"id": "2668336897", "price": 3058.93, "amount": 0.048, "side": "buy", "timestamp": 1765756152829}, {"id": "2668336898", "price": 3058.94, "amount": 0.023, "side": "buy", "timestamp": 1765756152829}, {"id": "2668336899", "price": 3058.95, "amount": 0.376, "side": "buy", "timestamp": 1765756152829}, {"id": "2668336900", "price": 3058.96, "amount": 0.03, "side": "buy", "timestamp": 1765756152829}, {"id": "2668336901", "price": 3058.97, "amount": 0.1, "side": "buy", "timestamp": 1765756152829}, {"id": "2668336902", "price": 3058.98, "amount": 1.353, "side": "buy", "timestamp": 1765756152829}, {"id": "2668336903", "price": 3058.99, "amount": 4.232, "side": "buy", "timestamp": 1765756152829}, {"id": "2668336904", "price": 3059.0, "amount": 1.869, "side": "buy", "timestamp": 1765756152829}, {"id": "2668336905", "price": 3059.01, "amount": 0.326, "side": "buy", "timestamp": 1765756152829}, {"id": "2668336906", "price": 3059.02, "amount": 0.063, "side": "buy", "timestamp": 1765756152829}, {"id": "2668336907", "price": 3059.04, "amount": 0.024, "side": "buy", "timestamp": 1765756152829}, {"id": "2668336908", "price": 3059.05, "amount": 0.432, "side": "buy", "timestamp": 1765756152829}, {"id": "2668336909", "price": 3059.06, "amount": 0.789, "side": "buy", "timestamp": 1765756152829}, {"id": "2668336910", "price": 3059.07, "amount": 0.08, "side": "buy", "timestamp": 1765756152829}, {"id": "2668336911", "price": 3059.08, "amount": 1.344, "side": "buy", "timestamp": 1765756152829}, {"id": "2668336912", "price": 3059.09, "amount": 3.887, "side": "buy", "timestamp": 1765756152829}, {"id": "2668336913", "price": 3059.1, "amount": 1.607, "side": "buy", "timestamp": 1765756152829}, {"id": "2668336914", "price": 3059.11, "amount": 1.935, "side": "buy", "timestamp": 1765756152829}, {"id": "2668336915", "price": 3059.12, "amount": 0.009, "side": "buy", "timestamp": 1765756152829}, {"id": "2668336916", "price": 3059.13, "amount": 0.023, "side": "buy", "timestamp": 1765756152829}, {"id": "2668336917", "price": 3059.15, "amount": 1.308, "side": "buy", "timestamp": 1765756152829}, {"id": "2668336918", "price": 3059.16, "amount": 0.125, "side": "buy", "timestamp": 1765756152829}, {"id": "2668336919", "price": 3059.17, "amount": 1.657, "side": "buy", "timestamp": 1765756152829}, {"id": "2668336920", "price": 3059.18, "amount": 0.017, "side": "buy", "timestamp": 1765756152829}, {"id": "2668336921", "price": 3059.19, "amount": 0.16, "side": "buy", "timestamp": 1765756152829}, {"id": "2668336922", "price": 3059.2, "amount": 0.023, "side": "buy", "timestamp": 1765756152829}, {"id": "2668336923", "price": 3059.21, "amount": 0.834, "side": "buy", "timestamp": 1765756152829}, {"id": "2668336924", "price": 3059.22, "amount": 1.372, "side": "buy", "timestamp": 1765756152829}, {"id": "2668336925", "price": 3059.23, "amount": 0.009, "side": "buy", "timestamp": 1765756152829}, {"id": "2668336926", "price": 3059.24, "amount": 1.011, "side": "buy", "timestamp": 1765756152829}, {"id": "2668336927", "price": 3059.25, "amount": 9.521, "side": "buy", "timestamp": 1765756152829}, {"id": "2668336928", "price": 3059.26, "amount": 4.985, "side": "buy", "timestamp": 1765756152829}, {"id": "2668336929", "price": 3059.2, "amount": 0.008, "side": "buy", "timestamp": 1765756152833}, {"id": "2668336930", "price": 3059.19, "amount": 0.064, "side": "sell", "timestamp": 1765756152837}, {"id": "2668336931", "price": 3059.19, "amount": 0.001, "side": "sell", "timestamp": 1765756153030}, {"id": "2668336932", "price": 3059.19, "amount": 0.007, "side": "sell", "timestamp": 1765756153141}, {"id": "2668336933", "price": 3059.19, "amount": 0.249, "side": "sell", "timestamp": 1765756153489}, {"id": "2668338435", "price": 3059.14, "amount": 40.161, "side": "sell", "timestamp": 1765756204964}, {"id": "2668338436", "price": 3059.13, "amount": 0.028, "side": "sell", "timestamp": 1765756204972}, {"id": "2668338437", "price": 3059.11, "amount": 0.013, "side": "sell", "timestamp": 1765756204972}, {"id": "2668338438", "price": 3059.1, "amount": 0.088, "side": "sell", "timestamp": 1765756204972}, {"id": "2668338439", "price": 3059.08, "amount": 0.007, "side": "sell", "timestamp": 1765756204972}, {"id": "2668338440", "price": 3059.07, "amount": 0.009, "side": "sell", "timestamp": 1765756204972}, {"id": "2668338441", "price": 3059.06, "amount": 0.133, "side": "sell", "timestamp": 1765756204980}, {"id": "2668338442", "price": 3059.05, "amount": 0.014, "side": "sell", "timestamp": 1765756204981}, {"id": "2668338443", "price": 3059.04, "amount": 0.014, "side": "sell", "timestamp": 1765756204981}, {"id": "2668338444", "price": 3059.02, "amount": 0.007, "side": "sell", "timestamp": 1765756204981}, {"id": "2668338445", "price": 3059.01, "amount": 0.128, "side": "sell", "timestamp": 1765756204981}, {"id": "2668338446", "price": 3059.0, "amount": 0.086, "side": "sell", "timestamp": 1765756204986}, {"id": "2668338447", "price": 3058.97, "amount": 0.051, "side": "sell", "timestamp": 1765756204989}, {"id": "2668338448", "price": 3058.95, "amount": 0.016, "side": "sell", "timestamp": 1765756204990}, {"id": "2668338449", "price": 3058.94, "amount": 0.063, "side": "sell", "timestamp": 1765756204990}, {"id": "2668338450", "price": 3058.93, "amount": 0.05, "side": "sell", "timestamp": 1765756204995}, {"id": "2668338451", "price": 3058.93, "amount": 1.346, "side": "sell", "timestamp": 1765756205261}, {"id": "2668338452", "price": 3058.92, "amount": 0.007, "side": "sell", "timestamp": 1765756205261}, {"id": "2668338453", "price": 3058.91, "amount": 0.009, "side": "sell", "timestamp": 1765756205261}, {"id": "2668338454", "price": 3058.9, "amount": 0.05, "side": "sell", "timestamp": 1765756205261}, {"id": "2668338455", "price": 3058.88, "amount": 0.056, "side": "sell", "timestamp": 1765756205264}, {"id": "2668338456", "price": 3058.87, "amount": 0.007, "side": "sell", "timestamp": 1765756205264}, {"id": "2668338457", "price": 3058.86, "amount": 0.04, "side": "sell", "timestamp": 1765756205264}, {"id": "2668338458", "price": 3058.85, "amount": 0.023, "side": "sell", "timestamp": 1765756205264}, {"id": "2668338459", "price": 3058.83, "amount": 0.016, "side": "sell", "timestamp": 1765756205264}, {"id": "2668338460", "price": 3058.83, "amount": 2.126, "side": "buy", "timestamp": 1765756205280}, {"id": "2668338461", "price": 3058.82, "amount": 0.014, "side": "sell", "timestamp": 1765756205432}, {"id": "2668338462", "price": 3058.83, "amount": 0.145, "side": "buy", "timestamp": 1765756205453}, {"id": "2668338463", "price": 3058.82, "amount": 0.02, "side": "sell", "timestamp": 1765756205692}, {"id": "2668338464", "price": 3058.82, "amount": 0.447, "side": "sell", "timestamp": 1765756205894}, {"id": "2668338465", "price": 3058.82, "amount": 0.171, "side": "sell", "timestamp": 1765756206864}, {"id": "2668338466", "price": 3058.83, "amount": 16.841, "side": "buy", "timestamp": 1765756207022}, {"id": "2668338467", "price": 3058.83, "amount": 0.165, "side": "buy", "timestamp": 1765756207432}, {"id": "2668338468", "price": 3058.84, "amount": 0.028, "side": "buy", "timestamp": 1765756207432}, {"id": "2668338469", "price": 3058.85, "amount": 0.007, "side": "buy", "timestamp": 1765756207432}, {"id": "2668338470", "price": 3058.9, "amount": 0.059, "side": "buy", "timestamp": 1765756207436}, {"id": "2668338471", "price": 3058.91, "amount": 0.021, "side": "buy", "timestamp": 1765756207436}, {"id": "2668338472", "price": 3058.93, "amount": 0.018, "side": "buy", "timestamp": 1765756207436}, {"id": "2668338473", "price": 3058.94, "amount": 0.114, "side": "buy", "timestamp": 1765756207436}, {"id": "2668338474", "price": 3058.95, "amount": 0.514, "side": "buy", "timestamp": 1765756207439}, {"id": "2668338475", "price": 3058.94, "amount": 0.02, "side": "sell", "timestamp": 1765756207456}, {"id": "2668338476", "price": 3058.94, "amount": 0.472, "side": "sell", "timestamp": 1765756207849}, {"id": "2668338477", "price": 3058.94, "amount": 0.02, "side": "sell", "timestamp": 1765756207994}, {"id": "2668338478", "price": 3058.94, "amount": 0.335, "side": "sell", "timestamp": 1765756208893}, {"id": "2668338479", "price": 3058.95, "amount": 0.383, "side": "buy", "timestamp": 1765756208910}, {"id": "2668338480", "price": 3058.96, "amount": 0.014, "side": "buy", "timestamp": 1765756208915}, {"id": "2668338481", "price": 3058.97, "amount": 0.007, "side": "buy", "timestamp": 1765756208915}, {"id": "2668338482", "price": 3058.97, "amount": 0.17, "side": "sell", "timestamp": 1765756208919}, {"id": "2668338483", "price": 3058.98, "amount": 0.004, "side": "buy", "timestamp": 1765756208938}, {"id": "2668338484", "price": 3058.98, "amount": 0.142, "side": "buy", "timestamp": 1765756209172}, {"id": "2668339763", "price": 3061.42, "amount": 0.014, "side": "sell", "timestamp": 1765756261897}, {"id": "2668339764", "price": 3061.41, "amount": 0.009, "side": "sell", "timestamp": 1765756261897}, {"id": "2668339765", "price": 3061.4, "amount": 0.016, "side": "sell", "timestamp": 1765756261897}, {"id": "2668339766", "price": 3061.39, "amount": 0.279, "side": "sell", "timestamp": 1765756261897}, {"id": "2668339767", "price": 3061.38, "amount": 0.009, "side": "sell", "timestamp": 1765756261897}, {"id": "2668339768", "price": 3061.37, "amount": 0.023, "side": "sell", "timestamp": 1765756261897}, {"id": "2668339769", "price": 3061.35, "amount": 0.081, "side": "sell", "timestamp": 1765756261918}, {"id": "2668339770", "price": 3061.34, "amount": 0.016, "side": "sell", "timestamp": 1765756261918}, {"id": "2668339771", "price": 3061.33, "amount": 0.061, "side": "sell", "timestamp": 1765756261918}, {"id": "2668339772", "price": 3061.32, "amount": 0.009, "side": "sell", "timestamp": 1765756261918}, {"id": "2668339773", "price": 3061.31, "amount": 0.007, "side": "sell", "timestamp": 1765756261918}, {"id": "2668339774", "price": 3061.3, "amount": 0.03, "side": "sell", "timestamp": 1765756261918}, {"id": "2668339775", "price": 3061.29, "amount": 0.04, "side": "sell", "timestamp": 1765756261937}, {"id": "2668339776", "price": 3061.28, "amount": 0.023, "side": "sell", "timestamp": 1765756261937}, {"id": "2668339777", "price": 3061.26, "amount": 0.045, "side": "sell", "timestamp": 1765756261937}, {"id": "2668339778", "price": 3061.24, "amount": 0.009, "side": "sell", "timestamp": 1765756261937}, {"id": "2668339779", "price": 3061.23, "amount": 0.063, "side": "sell", "timestamp": 1765756261938}, {"id": "2668339780", "price": 3061.21, "amount": 0.027, "side": "sell", "timestamp": 1765756261938}, {"id": "2668339781", "price": 3061.2, "amount": 0.096, "side": "sell", "timestamp": 1765756261939}, {"id": "2668339782", "price": 3061.19, "amount": 0.04, "side": "sell", "timestamp": 1765756261939}, {"id": "2668339783", "price": 3061.18, "amount": 0.023, "side": "sell", "timestamp": 1765756261939}, {"id": "2668339784", "price": 3061.17, "amount": 1.9, "side": "sell", "timestamp": 1765756261947}, {"id": "2668339785", "price": 3061.16, "amount": 0.03, "side": "sell", "timestamp": 1765756261947}, {"id": "2668339786", "price": 3061.15, "amount": 0.007, "side": "sell", "timestamp": 1765756261947}, {"id": "2668339787", "price": 3061.14, "amount": 0.291, "side": "sell", "timestamp": 1765756261947}, {"id": "2668339788", "price": 3061.12, "amount": 6.555, "side": "sell", "timestamp": 1765756261999}, {"id": "2668339789", "price": 3061.11, "amount": 0.452, "side": "sell", "timestamp": 1765756262029}, {"id": "2668339790", "price": 3061.12, "amount": 0.437, "side": "buy", "timestamp": 1765756262037}, {"id": "2668339791", "price": 3061.11, "amount": 0.174, "side": "sell", "timestamp": 1765756262207}, {"id": "2668339792", "price": 3061.1, "amount": 0.057, "side": "sell", "timestamp": 1765756262221}, {"id": "2668339793", "price": 3061.09, "amount": 0.007, "side": "sell", "timestamp": 1765756262221}, {"id": "2668339794", "price": 3061.08, "amount": 0.017, "side": "sell", "timestamp": 1765756262221}, {"id": "2668339795", "price": 3061.06, "amount": 0.129, "side": "sell", "timestamp": 1765756262226}, {"id": "2668339796", "price": 3061.05, "amount": 0.03, "side": "sell", "timestamp": 1765756262243}, {"id": "2668339797", "price": 3061.03, "amount": 0.003, "side": "sell", "timestamp": 1765756262243}, {"id": "2668339798", "price": 3061.03, "amount": 1.806, "side": "buy", "timestamp": 1765756262279}, {"id": "2668339799", "price": 3061.02, "amount": 1.002, "side": "sell", "timestamp": 1765756262294}, {"id": "2668339800", "price": 3061.01, "amount": 0.112, "side": "sell", "timestamp": 1765756262294}, {"id": "2668339801", "price": 3061.01, "amount": 0.308, "side": "buy", "timestamp": 1765756262350}, {"id": "2668339802", "price": 3061.0, "amount": 0.008, "side": "sell", "timestamp": 1765756262462}, {"id": "2668339803", "price": 3061.0, "amount": 0.173, "side": "sell", "timestamp": 1765756263018}, {"id": "2668339804", "price": 3061.01, "amount": 1.46, "side": "buy", "timestamp": 1765756263203}, {"id": "2668339805", "price": 3061.0, "amount": 1.722, "side": "sell", "timestamp": 1765756263377}, {"id": "2668339806", "price": 3061.01, "amount": 0.007, "side": "buy", "timestamp": 1765756263382}, {"id": "2668339807", "price": 3061.0, "amount": 0.2, "side": "sell", "timestamp": 1765756263405}, {"id": "2668339808", "price": 3061.01, "amount": 1.0, "side": "buy", "timestamp": 1765756263477}, {"id": "2668339809", "price": 3061.0, "amount": 0.009, "side": "sell", "timestamp": 1765756263501}, {"id": "2668339810", "price": 3061.01, "amount": 0.466, "side": "buy", "timestamp": 1765756263524}, {"id": "2668339811", "price": 3061.01, "amount": 0.501, "side": "buy", "timestamp": 1765756263706}, {"id": "2668339812", "price": 3061.0, "amount": 0.774, "side": "sell", "timestamp": 1765756263950}, {"id": "2668342373", "price": 3065.49, "amount": 0.172, "side": "sell", "timestamp": 1765756318726}, {"id": "2668342374", "price": 3065.47, "amount": 0.016, "side": "sell", "timestamp": 1765756318730}, {"id": "2668342375", "price": 3065.46, "amount": 0.047, "side": "sell", "timestamp": 1765756318730}, {"id": "2668342376", "price": 3065.46, "amount": 0.266, "side": "buy", "timestamp": 1765756318733}, {"id": "2668342377", "price": 3065.45, "amount": 0.376, "side": "sell", "timestamp": 1765756318733}, {"id": "2668342378", "price": 3065.44, "amount": 0.031, "side": "sell", "timestamp": 1765756318738}, {"id": "2668342379", "price": 3065.43, "amount": 0.005, "side": "sell", "timestamp": 1765756318738}, {"id": "2668342380", "price": 3065.42, "amount": 0.028, "side": "sell", "timestamp": 1765756318746}, {"id": "2668342381", "price": 3065.41, "amount": 0.05, "side": "sell", "timestamp": 1765756318751}, {"id": "2668342382", "price": 3065.42, "amount": 0.103, "side": "buy", "timestamp": 1765756318797}, {"id": "2668342383", "price": 3065.41, "amount": 0.157, "side": "sell", "timestamp": 1765756318801}, {"id": "2668342384", "price": 3065.4, "amount": 0.045, "side": "sell", "timestamp": 1765756318801}, {"id": "2668342385", "price": 3065.39, "amount": 0.016, "side": "sell", "timestamp": 1765756318801}, {"id": "2668342386", "price": 3065.38, "amount": 0.614, "side": "sell", "timestamp": 1765756318801}, {"id": "2668342387", "price": 3065.37, "amount": 0.056, "side": "sell", "timestamp": 1765756318801}, {"id": "2668342388", "price": 3065.36, "amount": 0.007, "side": "sell", "timestamp": 1765756318801}, {"id": "2668342389", "price": 3065.34, "amount": 0.009, "side": "sell", "timestamp": 1765756318801}, {"id": "2668342390", "price": 3065.33, "amount": 0.054, "side": "sell", "timestamp": 1765756318801}, {"id": "2668342391", "price": 3065.31, "amount": 0.186, "side": "sell", "timestamp": 1765756318801}, {"id": "2668342392", "price": 3065.29, "amount": 0.478, "side": "sell", "timestamp": 1765756318801}, {"id": "2668342393", "price": 3065.3, "amount": 2.0, "side": "buy", "timestamp": 1765756318829}, {"id": "2668342394", "price": 3065.29, "amount": 3.018, "side": "sell", "timestamp": 1765756318859}, {"id": "2668342395", "price": 3065.28, "amount": 0.212, "side": "sell", "timestamp": 1765756318910}, {"id": "2668342396", "price": 3065.27, "amount": 0.04, "side": "sell", "timestamp": 1765756318910}, {"id": "2668342397", "price": 3065.26, "amount": 0.1, "side": "sell", "timestamp": 1765756318910}, {"id": "2668342398", "price": 3065.25, "amount": 0.025, "side": "sell", "timestamp": 1765756318910}, {"id": "2668342399", "price": 3065.24, "amount": 0.287, "side": "sell", "timestamp": 1765756318914}, {"id": "2668342400", "price": 3065.23, "amount": 0.068, "side": "sell", "timestamp": 1765756318964}, {"id": "2668342401", "price": 3065.22, "amount": 0.01, "side": "sell", "timestamp": 1765756319062}, {"id": "2668342402", "price": 3065.23, "amount": 4.2, "side": "buy", "timestamp": 1765756319066}, {"id": "2668342403", "price": 3065.22, "amount": 0.295, "side": "sell", "timestamp": 1765756319104}, {"id": "2668342404", "price": 3065.21, "amount": 0.007, "side": "sell", "timestamp": 1765756319104}, {"id": "2668342405", "price": 3065.2, "amount": 0.023, "side": "sell", "timestamp": 1765756319104}, {"id": "2668342406", "price": 3065.17, "amount": 0.067, "side": "sell", "timestamp": 1765756319104}, {"id": "2668342407", "price": 3065.16, "amount": 0.008, "side": "sell", "timestamp": 1765756319104}, {"id": "2668342408", "price": 3065.15, "amount": 0.009, "side": "sell", "timestamp": 1765756319104}, {"id": "2668342409", "price": 3065.14, "amount": 0.007, "side": "sell", "timestamp": 1765756319104}, {"id": "2668342410", "price": 3065.13, "amount": 0.076, "side": "sell", "timestamp": 1765756319104}, {"id": "2668342411", "price": 3065.11, "amount": 0.019, "side": "sell", "timestamp": 1765756319104}, {"id": "2668342412", "price": 3065.1, "amount": 1.336, "side": "sell", "timestamp": 1765756319104}, {"id": "2668342413", "price": 3065.09, "amount": 0.068, "side": "sell", "timestamp": 1765756319104}, {"id": "2668342414", "price": 3065.08, "amount": 0.009, "side": "sell", "timestamp": 1765756319104}, {"id": "2668342415", "price": 3065.07, "amount": 0.155, "side": "sell", "timestamp": 1765756319104}, {"id": "2668342416", "price": 3065.06, "amount": 0.025, "side": "sell", "timestamp": 1765756319104}, {"id": "2668342417", "price": 3065.05, "amount": 0.398, "side": "sell", "timestamp": 1765756319104}, {"id": "2668342418", "price": 3065.04, "amount": 0.022, "side": "sell", "timestamp": 1765756319104}, {"id": "2668342419", "price": 3065.03, "amount": 0.009, "side": "sell", "timestamp": 1765756319104}, {"id": "2668342420", "price": 3065.02, "amount": 0.7, "side": "sell", "timestamp": 1765756319104}, {"id": "2668342421", "price": 3065.01, "amount": 0.037, "side": "sell", "timestamp": 1765756319104}, {"id": "2668342422", "price": 3065.0, "amount": 4.776, "side": "sell", "timestamp": 1765756319104}, {"id": "2668344312", "price": 3064.33, "amount": 0.056, "side": "buy", "timestamp": 1765756372308}, {"id": "2668344313", "price": 3064.34, "amount": 0.337, "side": "buy", "timestamp": 1765756372314}, {"id": "2668344314", "price": 3064.35, "amount": 0.007, "side": "buy", "timestamp": 1765756372314}, {"id": "2668344315", "price": 3064.36, "amount": 0.082, "side": "buy", "timestamp": 1765756372314}, {"id": "2668344316", "price": 3064.37, "amount": 0.009, "side": "buy", "timestamp": 1765756372314}, {"id": "2668344317", "price": 3064.4, "amount": 0.175, "side": "buy", "timestamp": 1765756372319}, {"id": "2668344318", "price": 3064.42, "amount": 0.082, "side": "buy", "timestamp": 1765756372323}, {"id": "2668344319", "price": 3064.43, "amount": 0.014, "side": "buy", "timestamp": 1765756372323}, {"id": "2668344320", "price": 3064.44, "amount": 0.04, "side": "buy", "timestamp": 1765756372323}, {"id": "2668344321", "price": 3064.45, "amount": 0.412, "side": "buy", "timestamp": 1765756372327}, {"id": "2668344322", "price": 3064.47, "amount": 0.085, "side": "buy", "timestamp": 1765756372451}, {"id": "2668344323", "price": 3064.46, "amount": 0.002, "side": "sell", "timestamp": 1765756372527}, {"id": "2668344324", "price": 3064.47, "amount": 29.599, "side": "buy", "timestamp": 1765756372656}, {"id": "2668344325", "price": 3064.48, "amount": 0.028, "side": "buy", "timestamp": 1765756372659}, {"id": "2668344326", "price": 3064.49, "amount": 0.048, "side": "buy", "timestamp": 1765756372660}, {"id": "2668344327", "price": 3064.5, "amount": 0.688, "side": "buy", "timestamp": 1765756372664}, {"id": "2668344328", "price": 3064.52, "amount": 0.038, "side": "buy", "timestamp": 1765756372664}, {"id": "2668344329", "price": 3064.55, "amount": 0.03, "side": "buy", "timestamp": 1765756372667}, {"id": "2668344330", "price": 3064.56, "amount": 0.008, "side": "buy", "timestamp": 1765756372667}, {"id": "2668344331", "price": 3064.57, "amount": 0.049, "side": "buy", "timestamp": 1765756372667}, {"id": "2668344332", "price": 3064.58, "amount": 0.03, "side": "buy", "timestamp": 1765756372667}, {"id": "2668344333", "price": 3064.59, "amount": 0.124, "side": "buy", "timestamp": 1765756372667}, {"id": "2668344334", "price": 3064.61, "amount": 0.049, "side": "buy", "timestamp": 1765756372667}, {"id": "2668344335", "price": 3064.62, "amount": 0.007, "side": "buy", "timestamp": 1765756372667}, {"id": "2668344336", "price": 3064.64, "amount": 0.049, "side": "buy", "timestamp": 1765756372669}, {"id": "2668344337", "price": 3064.65, "amount": 0.007, "side": "buy", "timestamp": 1765756372669}, {"id": "2668344338", "price": 3064.66, "amount": 0.009, "side": "buy", "timestamp": 1765756372669}, {"id": "2668344339", "price": 3064.67, "amount": 0.072, "side": "buy", "timestamp": 1765756372816}, {"id": "2668344340", "price": 3064.66, "amount": 0.402, "side": "sell", "timestamp": 1765756372926}, {"id": "2668344341", "price": 3064.67, "amount": 0.997, "side": "buy", "timestamp": 1765756372951}, {"id": "2668344342", "price": 3064.67, "amount": 0.06, "side": "sell", "timestamp": 1765756373078}, {"id": "2668344343", "price": 3064.68, "amount": 0.1, "side": "buy", "timestamp": 1765756373086}, {"id": "2668344344", "price": 3064.68, "amount": 0.137, "side": "buy", "timestamp": 1765756373220}, {"id": "2668344345", "price": 3064.69, "amount": 0.007, "side": "buy", "timestamp": 1765756373220}, {"id": "2668344346", "price": 3064.7, "amount": 0.01, "side": "buy", "timestamp": 1765756373220}, {"id": "2668344347", "price": 3064.71, "amount": 0.03, "side": "buy", "timestamp": 1765756373220}, {"id": "2668344348", "price": 3064.72, "amount": 0.076, "side": "buy", "timestamp": 1765756373223}, {"id": "2668344349", "price": 3064.74, "amount": 0.021, "side": "buy", "timestamp": 1765756373223}, {"id": "2668344350", "price": 3064.75, "amount": 0.02, "side": "buy", "timestamp": 1765756373223}, {"id": "2668344351", "price": 3064.76, "amount": 0.311, "side": "buy", "timestamp": 1765756373254}, {"id": "2668344352", "price": 3064.75, "amount": 0.035, "side": "sell", "timestamp": 1765756373258}, {"id": "2668344353", "price": 3064.76, "amount": 0.053, "side": "buy", "timestamp": 1765756373260}, {"id": "2668344354", "price": 3064.77, "amount": 0.007, "side": "buy", "timestamp": 1765756373260}, {"id": "2668344355", "price": 3064.78, "amount": 0.009, "side": "buy", "timestamp": 1765756373260}, {"id": "2668344356", "price": 3064.79, "amount": 0.114, "side": "buy", "timestamp": 1765756373260}, {"id": "2668344357", "price": 3064.8, "amount": 0.062, "side": "buy", "timestamp": 1765756373260}, {"id": "2668344358", "price": 3064.81, "amount": 0.003, "side": "buy", "timestamp": 1765756373260}, {"id": "2668344359", "price": 3064.82, "amount": 0.014, "side": "buy", "timestamp": 1765756373263}, {"id": "2668344360", "price": 3064.81, "amount": 0.311, "side": "sell", "timestamp": 1765756373919}, {"id": "2668344361", "price": 3064.81, "amount": 0.336, "side": "sell", "timestamp": 1765756374088}, {"id": "2668345454", "price": 3063.59, "amount": 0.049, "side": "buy", "timestamp": 1765756426929}, {"id": "2668345455", "price": 3063.6, "amount": 0.03, "side": "buy", "timestamp": 1765756426929}, {"id": "2668345456", "price": 3063.62, "amount": 0.009, "side": "buy", "timestamp": 1765756426929}, {"id": "2668345457", "price": 3063.63, "amount": 0.048, "side": "buy", "timestamp": 1765756426929}, {"id": "2668345458", "price": 3063.64, "amount": 0.007, "side": "buy", "timestamp": 1765756426929}, {"id": "2668345459", "price": 3063.65, "amount": 0.009, "side": "buy", "timestamp": 1765756426929}, {"id": "2668345460", "price": 3063.67, "amount": 0.049, "side": "buy", "timestamp": 1765756426929}, {"id": "2668345461", "price": 3063.68, "amount": 0.007, "side": "buy", "timestamp": 1765756426929}, {"id": "2668345462", "price": 3063.69, "amount": 0.033, "side": "buy", "timestamp": 1765756426929}, {"id": "2668345463", "price": 3063.7, "amount": 0.417, "side": "buy", "timestamp": 1765756426929}, {"id": "2668345464", "price": 3063.71, "amount": 0.014, "side": "buy", "timestamp": 1765756426929}, {"id": "2668345465", "price": 3063.72, "amount": 0.241, "side": "buy", "timestamp": 1765756426929}, {"id": "2668345466", "price": 3063.73, "amount": 0.014, "side": "buy", "timestamp": 1765756426929}, {"id": "2668345467", "price": 3063.75, "amount": 0.384, "side": "buy", "timestamp": 1765756426929}, {"id": "2668345468", "price": 3063.76, "amount": 0.021, "side": "buy", "timestamp": 1765756426929}, {"id": "2668345469", "price": 3063.77, "amount": 0.527, "side": "buy", "timestamp": 1765756426929}, {"id": "2668345470", "price": 3063.76, "amount": 0.008, "side": "sell", "timestamp": 1765756427224}, {"id": "2668345471", "price": 3063.76, "amount": 1.049, "side": "sell", "timestamp": 1765756427388}, {"id": "2668345472", "price": 3063.77, "amount": 0.9, "side": "buy", "timestamp": 1765756427443}, {"id": "2668345473", "price": 3063.76, "amount": 0.182, "side": "sell", "timestamp": 1765756427733}, {"id": "2668345474", "price": 3063.76, "amount": 0.002, "side": "sell", "timestamp": 1765756427928}, {"id": "2668345475", "price": 3063.76, "amount": 6.041, "side": "sell", "timestamp": 1765756428048}, {"id": "2668345476", "price": 3063.75, "amount": 0.035, "side": "sell", "timestamp": 1765756428052}, {"id": "2668345477", "price": 3063.74, "amount": 0.016, "side": "sell", "timestamp": 1765756428052}, {"id": "2668345478", "price": 3063.72, "amount": 0.047, "side": "sell", "timestamp": 1765756428052}, {"id": "2668345479", "price": 3063.71, "amount": 0.03, "side": "sell", "timestamp": 1765756428052}, {"id": "2668345480", "price": 3063.69, "amount": 0.016, "side": "sell", "timestamp": 1765756428052}, {"id": "2668345481", "price": 3063.68, "amount": 0.054, "side": "sell", "timestamp": 1765756428052}, {"id": "2668345482", "price": 3063.66, "amount": 0.019, "side": "sell", "timestamp": 1765756428052}, {"id": "2668345483", "price": 3063.65, "amount": 0.014, "side": "sell", "timestamp": 1765756428052}, {"id": "2668345484", "price": 3063.64, "amount": 0.047, "side": "sell", "timestamp": 1765756428054}, {"id": "2668345485", "price": 3063.63, "amount": 0.009, "side": "sell", "timestamp": 1765756428054}, {"id": "2668345486", "price": 3063.61, "amount": 0.01, "side": "sell", "timestamp": 1765756428054}, {"id": "2668345487", "price": 3063.6, "amount": 0.04, "side": "sell", "timestamp": 1765756428054}, {"id": "2668345488", "price": 3063.59, "amount": 0.049, "side": "sell", "timestamp": 1765756428066}, {"id": "2668345489", "price": 3063.58, "amount": 0.31, "side": "sell", "timestamp": 1765756428073}, {"id": "2668345490", "price": 3063.57, "amount": 0.009, "side": "sell", "timestamp": 1765756428073}, {"id": "2668345491", "price": 3063.56, "amount": 0.014, "side": "sell", "timestamp": 1765756428073}, {"id": "2668345492", "price": 3063.54, "amount": 0.091, "side": "sell", "timestamp": 1765756428073}, {"id": "2668345493", "price": 3063.52, "amount": 0.009, "side": "sell", "timestamp": 1765756428073}, {"id": "2668345494", "price": 3063.51, "amount": 2.085, "side": "sell", "timestamp": 1765756428073}, {"id": "2668345495", "price": 3063.51, "amount": 2.685, "side": "sell", "timestamp": 1765756428375}, {"id": "2668345496", "price": 3063.52, "amount": 1.584, "side": "buy", "timestamp": 1765756428742}, {"id": "2668345497", "price": 3063.51, "amount": 0.01, "side": "sell", "timestamp": 1765756428856}, {"id": "2668345498", "price": 3063.52, "amount": 0.236, "side": "buy", "timestamp": 1765756428858}, {"id": "2668345499", "price": 3063.53, "amount": 0.014, "side": "buy", "timestamp": 1765756428858}, {"id": "2668345500", "price": 3063.54, "amount": 0.26, "side": "buy", "timestamp": 1765756428861}, {"id": "2668345501", "price": 3063.53, "amount": 0.046, "side": "sell", "timestamp": 1765756428913}, {"id": "2668345502", "price": 3063.54, "amount": 3.442, "side": "buy", "timestamp": 1765756429024}, {"id": "2668345503", "price": 3063.53, "amount": 0.009, "side": "sell", "timestamp": 1765756429101}, {"id": "2668346619", "price": 3063.56, "amount": 0.04, "side": "buy", "timestamp": 1765756480861}, {"id": "2668346620", "price": 3063.57, "amount": 0.018, "side": "buy", "timestamp": 1765756480861}, {"id": "2668346621", "price": 3063.59, "amount": 0.104, "side": "buy", "timestamp": 1765756480861}, {"id": "2668346622", "price": 3063.59, "amount": 0.363, "side": "sell", "timestamp": 1765756480863}, {"id": "2668346623", "price": 3063.6, "amount": 0.129, "side": "buy", "timestamp": 1765756480865}, {"id": "2668346624", "price": 3063.62, "amount": 31.911, "side": "buy", "timestamp": 1765756480870}, {"id": "2668346625", "price": 3063.62, "amount": 1.157, "side": "buy", "timestamp": 1765756481041}, {"id": "2668346626", "price": 3063.63, "amount": 0.008, "side": "buy", "timestamp": 1765756481045}, {"id": "2668346627", "price": 3063.65, "amount": 0.02, "side": "buy", "timestamp": 1765756481045}, {"id": "2668346628", "price": 3063.66, "amount": 3.698, "side": "buy", "timestamp": 1765756481056}, {"id": "2668346629", "price": 3063.67, "amount": 0.008, "side": "buy", "timestamp": 1765756481147}, {"id": "2668346630", "price": 3063.68, "amount": 0.009, "side": "buy", "timestamp": 1765756481147}, {"id": "2668346631", "price": 3063.69, "amount": 0.102, "side": "buy", "timestamp": 1765756481147}, {"id": "2668346632", "price": 3063.7, "amount": 0.05, "side": "buy", "timestamp": 1765756481147}, {"id": "2668346633", "price": 3063.71, "amount": 0.009, "side": "buy", "timestamp": 1765756481147}, {"id": "2668346634", "price": 3063.73, "amount": 0.047, "side": "buy", "timestamp": 1765756481147}, {"id": "2668346635", "price": 3063.74, "amount": 0.084, "side": "buy", "timestamp": 1765756481799}, {"id": "2668346636", "price": 3063.73, "amount": 1.073, "side": "sell", "timestamp": 1765756481949}, {"id": "2668346637", "price": 3063.74, "amount": 20.014, "side": "buy", "timestamp": 1765756482512}, {"id": "2668346638", "price": 3063.75, "amount": 0.104, "side": "buy", "timestamp": 1765756482586}, {"id": "2668346639", "price": 3063.76, "amount": 0.047, "side": "buy", "timestamp": 1765756482586}, {"id": "2668346640", "price": 3063.77, "amount": 0.016, "side": "buy", "timestamp": 1765756482586}, {"id": "2668346641", "price": 3063.8, "amount": 0.016, "side": "buy", "timestamp": 1765756482586}, {"id": "2668346642", "price": 3063.81, "amount": 0.345, "side": "buy", "timestamp": 1765756482590}, {"id": "2668346643", "price": 3063.81, "amount": 0.063, "side": "buy", "timestamp": 1765756482788}, {"id": "2668346644", "price": 3063.8, "amount": 28.463, "side": "sell", "timestamp": 1765756483006}, {"id": "2668346645", "price": 3063.8, "amount": 0.29, "side": "sell", "timestamp": 1765756483109}, {"id": "2668346646", "price": 3063.79, "amount": 0.021, "side": "sell", "timestamp": 1765756483109}, {"id": "2668346647", "price": 3063.77, "amount": 0.007, "side": "sell", "timestamp": 1765756483111}, {"id": "2668346648", "price": 3063.75, "amount": 0.016, "side": "sell", "timestamp": 1765756483111}, {"id": "2668346649", "price": 3063.74, "amount": 0.009, "side": "sell", "timestamp": 1765756483111}, {"id": "2668346650", "price": 3063.73, "amount": 0.639, "side": "sell", "timestamp": 1765756483116}, {"id": "2668346651", "price": 3063.72, "amount": 0.438, "side": "sell", "timestamp": 1765756483119}, {"id": "2668346652", "price": 3063.71, "amount": 0.007, "side": "sell", "timestamp": 1765756483126}, {"id": "2668346653", "price": 3063.7, "amount": 0.008, "side": "sell", "timestamp": 1765756483129}, {"id": "2668346654", "price": 3063.69, "amount": 0.061, "side": "sell", "timestamp": 1765756483129}, {"id": "2668346655", "price": 3063.68, "amount": 0.009, "side": "sell", "timestamp": 1765756483129}, {"id": "2668346656", "price": 3063.65, "amount": 0.097, "side": "sell", "timestamp": 1765756483133}, {"id": "2668346657", "price": 3063.64, "amount": 0.082, "side": "sell", "timestamp": 1765756483133}, {"id": "2668346658", "price": 3063.63, "amount": 0.009, "side": "sell", "timestamp": 1765756483133}, {"id": "2668346659", "price": 3063.61, "amount": 0.009, "side": "sell", "timestamp": 1765756483133}, {"id": "2668346660", "price": 3063.6, "amount": 0.047, "side": "sell", "timestamp": 1765756483133}, {"id": "2668346661", "price": 3063.59, "amount": 0.1, "side": "sell", "timestamp": 1765756483137}, {"id": "2668346662", "price": 3063.6, "amount": 0.12, "side": "buy", "timestamp": 1765756483306}, {"id": "2668346663", "price": 3063.61, "amount": 0.022, "side": "buy", "timestamp": 1765756483306}, {"id": "2668346664", "price": 3063.65, "amount": 0.009, "side": "buy", "timestamp": 1765756483306}, {"id": "2668346665", "price": 3063.66, "amount": 0.04, "side": "buy", "timestamp": 1765756483306}, {"id": "2668346666", "price": 3063.67, "amount": 0.009, "side": "buy", "timestamp": 1765756483306}, {"id": "2668346667", "price": 3063.68, "amount": 1.165, "side": "buy", "timestamp": 1765756484027}, {"id": "2668346668", "price": 3063.67, "amount": 0.259, "side": "sell", "timestamp": 1765756484055}, {"id": "2668347489", "price": 3065.12, "amount": 0.009, "side": "buy", "timestamp": 1765756533629}, {"id": "2668347490", "price": 3065.13, "amount": 0.666, "side": "buy", "timestamp": 1765756533629}, {"id": "2668347491", "price": 3065.14, "amount": 0.028, "side": "buy", "timestamp": 1765756533629}, {"id": "2668347492", "price": 3065.15, "amount": 0.164, "side": "buy", "timestamp": 1765756533629}, {"id": "2668347493", "price": 3065.16, "amount": 0.036, "side": "buy", "timestamp": 1765756533629}, {"id": "2668347494", "price": 3065.17, "amount": 0.098, "side": "buy", "timestamp": 1765756533629}, {"id": "2668347495", "price": 3065.18, "amount": 0.009, "side": "buy", "timestamp": 1765756533629}, {"id": "2668347496", "price": 3065.19, "amount": 0.07, "side": "buy", "timestamp": 1765756533629}, {"id": "2668347497", "price": 3065.2, "amount": 0.247, "side": "buy", "timestamp": 1765756533629}, {"id": "2668347498", "price": 3065.21, "amount": 0.014, "side": "buy", "timestamp": 1765756533629}, {"id": "2668347499", "price": 3065.22, "amount": 0.009, "side": "buy", "timestamp": 1765756533629}, {"id": "2668347500", "price": 3065.23, "amount": 0.83, "side": "buy", "timestamp": 1765756533629}, {"id": "2668347501", "price": 3065.24, "amount": 0.061, "side": "buy", "timestamp": 1765756533629}, {"id": "2668347502", "price": 3065.25, "amount": 0.026, "side": "buy", "timestamp": 1765756533629}, {"id": "2668347503", "price": 3065.26, "amount": 0.911, "side": "buy", "timestamp": 1765756533629}, {"id": "2668347504", "price": 3065.27, "amount": 0.63, "side": "buy", "timestamp": 1765756533630}, {"id": "2668347505", "price": 3065.28, "amount": 0.008, "side": "buy", "timestamp": 1765756533630}, {"id": "2668347506", "price": 3065.29, "amount": 1.902, "side": "buy", "timestamp": 1765756533630}, {"id": "2668347507", "price": 3065.3, "amount": 0.08, "side": "buy", "timestamp": 1765756533630}, {"id": "2668347508", "price": 3065.31, "amount": 0.007, "side": "buy", "timestamp": 1765756533630}, {"id": "2668347509", "price": 3065.32, "amount": 0.009, "side": "buy", "timestamp": 1765756533630}, {"id": "2668347510", "price": 3065.33, "amount": 0.014, "side": "buy", "timestamp": 1765756533630}, {"id": "2668347511", "price": 3065.34, "amount": 0.032, "side": "buy", "timestamp": 1765756533630}, {"id": "2668347512", "price": 3065.35, "amount": 0.014, "side": "buy", "timestamp": 1765756533630}, {"id": "2668347513", "price": 3065.36, "amount": 0.4, "side": "buy", "timestamp": 1765756533631}, {"id": "2668347514", "price": 3065.35, "amount": 4.583, "side": "sell", "timestamp": 1765756533986}, {"id": "2668347515", "price": 3065.35, "amount": 0.607, "side": "sell", "timestamp": 1765756534104}, {"id": "2668347516", "price": 3065.36, "amount": 0.079, "side": "buy", "timestamp": 1765756534110}, {"id": "2668347517", "price": 3065.35, "amount": 3.105, "side": "sell", "timestamp": 1765756534226}, {"id": "2668347518", "price": 3065.34, "amount": 0.913, "side": "sell", "timestamp": 1765756534226}, {"id": "2668347519", "price": 3065.33, "amount": 0.169, "side": "sell", "timestamp": 1765756534226}, {"id": "2668347520", "price": 3065.32, "amount": 0.158, "side": "sell", "timestamp": 1765756534226}, {"id": "2668347521", "price": 3065.28, "amount": 0.2, "side": "sell", "timestamp": 1765756534230}, {"id": "2668347522", "price": 3065.27, "amount": 17.902, "side": "sell", "timestamp": 1765756534233}, {"id": "2668347523", "price": 3065.27, "amount": 1.058, "side": "sell", "timestamp": 1765756534450}, {"id": "2668347524", "price": 3065.28, "amount": 2.0, "side": "buy", "timestamp": 1765756534490}, {"id": "2668347525", "price": 3065.28, "amount": 0.325, "side": "buy", "timestamp": 1765756534951}, {"id": "2668347526", "price": 3065.28, "amount": 1.839, "side": "buy", "timestamp": 1765756535269}, {"id": "2668347527", "price": 3065.28, "amount": 2.533, "side": "buy", "timestamp": 1765756535424}, {"id": "2668347528", "price": 3065.28, "amount": 0.2, "side": "buy", "timestamp": 1765756535962}, {"id": "2668347529", "price": 3065.28, "amount": 0.168, "side": "buy", "timestamp": 1765756536428}, {"id": "2668347530", "price": 3065.28, "amount": 0.1, "side": "buy", "timestamp": 1765756536567}, {"id": "2668347531", "price": 3065.28, "amount": 0.027, "side": "buy", "timestamp": 1765756536746}, {"id": "2668347532", "price": 3065.27, "amount": 1.78, "side": "sell", "timestamp": 1765756536900}, {"id": "2668347533", "price": 3065.28, "amount": 0.827, "side": "buy", "timestamp": 1765756536970}, {"id": "2668347534", "price": 3065.28, "amount": 6.524, "side": "buy", "timestamp": 1765756537298}, {"id": "2668347535", "price": 3065.27, "amount": 1.831, "side": "sell", "timestamp": 1765756537460}, {"id": "2668347536", "price": 3065.28, "amount": 0.5, "side": "buy", "timestamp": 1765756537695}, {"id": "2668347537", "price": 3065.27, "amount": 0.114, "side": "sell", "timestamp": 1765756537778}, {"id": "2668347538", "price": 3065.28, "amount": 1.3, "side": "buy", "timestamp": 1765756538685}, {"id": "2668348628", "price": 3064.39, "amount": 0.008, "side": "buy", "timestamp": 1765756581346}, {"id": "2668348629", "price": 3064.4, "amount": 0.059, "side": "buy", "timestamp": 1765756581349}, {"id": "2668348630", "price": 3064.42, "amount": 0.009, "side": "buy", "timestamp": 1765756581349}, {"id": "2668348631", "price": 3064.43, "amount": 0.014, "side": "buy", "timestamp": 1765756581349}, {"id": "2668348632", "price": 3064.44, "amount": 0.049, "side": "buy", "timestamp": 1765756581349}, {"id": "2668348633", "price": 3064.45, "amount": 0.009, "side": "buy", "timestamp": 1765756581349}, {"id": "2668348634", "price": 3064.46, "amount": 0.023, "side": "buy", "timestamp": 1765756581349}, {"id": "2668348635", "price": 3064.47, "amount": 0.009, "side": "buy", "timestamp": 1765756581349}, {"id": "2668348636", "price": 3064.48, "amount": 0.22, "side": "buy", "timestamp": 1765756581358}, {"id": "2668348637", "price": 3064.47, "amount": 1.688, "side": "sell", "timestamp": 1765756581432}, {"id": "2668348638", "price": 3064.47, "amount": 1.668, "side": "sell", "timestamp": 1765756582466}, {"id": "2668348639", "price": 3064.48, "amount": 2.0, "side": "buy", "timestamp": 1765756582885}, {"id": "2668348640", "price": 3064.48, "amount": 0.166, "side": "buy", "timestamp": 1765756583086}, {"id": "2668348641", "price": 3064.47, "amount": 3.439, "side": "sell", "timestamp": 1765756583310}, {"id": "2668348642", "price": 3064.47, "amount": 1.649, "side": "sell", "timestamp": 1765756583452}, {"id": "2668348643", "price": 3064.48, "amount": 0.103, "side": "buy", "timestamp": 1765756583533}, {"id": "2668348644", "price": 3064.47, "amount": 0.326, "side": "sell", "timestamp": 1765756583686}, {"id": "2668348645", "price": 3064.48, "amount": 0.2, "side": "buy", "timestamp": 1765756583761}, {"id": "2668348646", "price": 3064.47, "amount": 2.947, "side": "sell", "timestamp": 1765756584814}, {"id": "2668348647", "price": 3064.48, "amount": 2.0, "side": "buy", "timestamp": 1765756584933}, {"id": "2668348648", "price": 3064.48, "amount": 0.5, "side": "buy", "timestamp": 1765756585078}, {"id": "2668348649", "price": 3064.47, "amount": 1.682, "side": "sell", "timestamp": 1765756585665}, {"id": "2668348650", "price": 3064.48, "amount": 0.051, "side": "buy", "timestamp": 1765756585722}, {"id": "2668348651", "price": 3064.48, "amount": 0.018, "side": "buy", "timestamp": 1765756587124}, {"id": "2668348652", "price": 3064.47, "amount": 0.008, "side": "sell", "timestamp": 1765756587436}, {"id": "2668348653", "price": 3064.47, "amount": 1.442, "side": "sell", "timestamp": 1765756587608}, {"id": "2668348654", "price": 3064.47, "amount": 0.172, "side": "sell", "timestamp": 1765756588314}, {"id": "2668348655", "price": 3064.47, "amount": 2.652, "side": "sell", "timestamp": 1765756588725}, {"id": "2668348656", "price": 3064.47, "amount": 0.018, "side": "sell", "timestamp": 1765756589311}, {"id": "2668348657", "price": 3064.47, "amount": 0.001, "side": "sell", "timestamp": 1765756589479}, {"id": "2668348658", "price": 3064.48, "amount": 0.4, "side": "buy", "timestamp": 1765756589547}, {"id": "2668348659", "price": 3064.48, "amount": 0.163, "side": "buy", "timestamp": 1765756589699}, {"id": "2668348660", "price": 3064.47, "amount": 0.05, "side": "sell", "timestamp": 1765756590035}, {"id": "2668348661", "price": 3064.48, "amount": 0.2, "side": "buy", "timestamp": 1765756590155}, {"id": "2668348662", "price": 3064.47, "amount": 10.035, "side": "sell", "timestamp": 1765756590532}, {"id": "2668348663", "price": 3064.47, "amount": 1.018, "side": "sell", "timestamp": 1765756591119}, {"id": "2668348664", "price": 3064.47, "amount": 0.116, "side": "sell", "timestamp": 1765756592094}, {"id": "2668348665", "price": 3064.47, "amount": 4.33, "side": "sell", "timestamp": 1765756592561}, {"id": "2668348666", "price": 3064.48, "amount": 0.285, "side": "buy", "timestamp": 1765756592633}, {"id": "2668348667", "price": 3064.47, "amount": 0.001, "side": "sell", "timestamp": 1765756592652}, {"id": "2668348668", "price": 3064.47, "amount": 5.273, "side": "sell", "timestamp": 1765756593223}, {"id": "2668348669", "price": 3064.46, "amount": 0.061, "side": "sell", "timestamp": 1765756593226}, {"id": "2668348670", "price": 3064.44, "amount": 0.023, "side": "sell", "timestamp": 1765756593226}, {"id": "2668348671", "price": 3064.42, "amount": 0.009, "side": "sell", "timestamp": 1765756593226}, {"id": "2668348672", "price": 3064.41, "amount": 0.321, "side": "sell", "timestamp": 1765756593233}, {"id": "2668348673", "price": 3064.39, "amount": 0.014, "side": "sell", "timestamp": 1765756593233}, {"id": "2668348674", "price": 3064.37, "amount": 0.063, "side": "sell", "timestamp": 1765756593233}, {"id": "2668348675", "price": 3064.35, "amount": 0.014, "side": "sell", "timestamp": 1765756593233}, {"id": "2668348676", "price": 3064.34, "amount": 0.021, "side": "sell", "timestamp": 1765756593553}, {"id": "2668348677", "price": 3064.34, "amount": 0.169, "side": "sell", "timestamp": 1765756593928}, {"id": "2668350807", "price": 3059.18, "amount": 0.007, "side": "buy", "timestamp": 1765756646518}, {"id": "2668350808", "price": 3059.19, "amount": 0.093, "side": "buy", "timestamp": 1765756646518}, {"id": "2668350809", "price": 3059.2, "amount": 0.024, "side": "buy", "timestamp": 1765756646524}, {"id": "2668350810", "price": 3059.21, "amount": 0.097, "side": "buy", "timestamp": 1765756646524}, {"id": "2668350811", "price": 3059.22, "amount": 0.014, "side": "buy", "timestamp": 1765756646524}, {"id": "2668350812", "price": 3059.23, "amount": 0.018, "side": "buy", "timestamp": 1765756646525}, {"id": "2668350813", "price": 3059.24, "amount": 0.226, "side": "buy", "timestamp": 1765756646532}, {"id": "2668350814", "price": 3059.25, "amount": 0.017, "side": "buy", "timestamp": 1765756646532}, {"id": "2668350815", "price": 3059.26, "amount": 0.054, "side": "buy", "timestamp": 1765756646538}, {"id": "2668350816", "price": 3059.27, "amount": 0.014, "side": "buy", "timestamp": 1765756646538}, {"id": "2668350817", "price": 3059.28, "amount": 0.026, "side": "buy", "timestamp": 1765756646538}, {"id": "2668350818", "price": 3059.29, "amount": 0.009, "side": "buy", "timestamp": 1765756646538}, {"id": "2668350819", "price": 3059.3, "amount": 0.01, "side": "buy", "timestamp": 1765756646538}, {"id": "2668350820", "price": 3059.31, "amount": 0.04, "side": "buy", "timestamp": 1765756646538}, {"id": "2668350821", "price": 3059.32, "amount": 0.009, "side": "buy", "timestamp": 1765756646538}, {"id": "2668350822", "price": 3059.34, "amount": 0.037, "side": "buy", "timestamp": 1765756646538}, {"id": "2668350823", "price": 3059.35, "amount": 0.058, "side": "buy", "timestamp": 1765756646541}, {"id": "2668350824", "price": 3059.34, "amount": 0.163, "side": "sell", "timestamp": 1765756646615}, {"id": "2668350825", "price": 3059.34, "amount": 0.033, "side": "sell", "timestamp": 1765756646717}, {"id": "2668350826", "price": 3059.35, "amount": 3.574, "side": "buy", "timestamp": 1765756646876}, {"id": "2668350827", "price": 3059.36, "amount": 0.008, "side": "buy", "timestamp": 1765756646881}, {"id": "2668350828", "price": 3059.37, "amount": 0.047, "side": "buy", "timestamp": 1765756646882}, {"id": "2668350829", "price": 3059.39, "amount": 0.009, "side": "buy", "timestamp": 1765756646882}, {"id": "2668350830", "price": 3059.4, "amount": 0.022, "side": "buy", "timestamp": 1765756646882}, {"id": "2668350831", "price": 3059.41, "amount": 0.056, "side": "buy", "timestamp": 1765756646882}, {"id": "2668350832", "price": 3059.41, "amount": 0.01, "side": "sell", "timestamp": 1765756646997}, {"id": "2668350833", "price": 3059.41, "amount": 2.0, "side": "sell", "timestamp": 1765756647112}, {"id": "2668350834", "price": 3059.42, "amount": 2.721, "side": "buy", "timestamp": 1765756647118}, {"id": "2668350835", "price": 3059.43, "amount": 0.008, "side": "buy", "timestamp": 1765756647118}, {"id": "2668350836", "price": 3059.44, "amount": 0.009, "side": "buy", "timestamp": 1765756647119}, {"id": "2668350837", "price": 3059.45, "amount": 0.051, "side": "buy", "timestamp": 1765756647119}, {"id": "2668350838", "price": 3059.46, "amount": 0.038, "side": "buy", "timestamp": 1765756647119}, {"id": "2668350839", "price": 3059.47, "amount": 0.009, "side": "buy", "timestamp": 1765756647119}, {"id": "2668350840", "price": 3059.5, "amount": 0.154, "side": "buy", "timestamp": 1765756647123}, {"id": "2668350841", "price": 3059.52, "amount": 0.298, "side": "buy", "timestamp": 1765756647130}, {"id": "2668350842", "price": 3059.53, "amount": 0.054, "side": "buy", "timestamp": 1765756647139}, {"id": "2668350843", "price": 3059.54, "amount": 0.009, "side": "buy", "timestamp": 1765756647139}, {"id": "2668350844", "price": 3059.55, "amount": 0.007, "side": "buy", "timestamp": 1765756647139}, {"id": "2668350845", "price": 3059.57, "amount": 0.049, "side": "buy", "timestamp": 1765756647141}, {"id": "2668350846", "price": 3059.59, "amount": 0.011, "side": "buy", "timestamp": 1765756647141}, {"id": "2668350847", "price": 3059.6, "amount": 0.009, "side": "buy", "timestamp": 1765756647141}, {"id": "2668350848", "price": 3059.61, "amount": 0.05, "side": "buy", "timestamp": 1765756647149}, {"id": "2668350849", "price": 3059.6, "amount": 0.245, "side": "sell", "timestamp": 1765756647271}, {"id": "2668350850", "price": 3059.61, "amount": 0.045, "side": "buy", "timestamp": 1765756647851}, {"id": "2668350851", "price": 3059.6, "amount": 0.008, "side": "sell", "timestamp": 1765756648019}, {"id": "2668350852", "price": 3059.6, "amount": 0.396, "side": "sell", "timestamp": 1765756648144}, {"id": "2668350853", "price": 3059.61, "amount": 0.426, "side": "buy", "timestamp": 1765756648446}, {"id": "2668350854", "price": 3059.61, "amount": 0.175, "side": "buy", "timestamp": 1765756648586}, {"id": "2668350855", "price": 3059.61, "amount": 0.1, "side": "buy", "timestamp": 1765756648737}, {"id": "2668350856", "price": 3059.6, "amount": 0.021, "side": "sell", "timestamp": 1765756648770}, {"id": "2668351771", "price": 3058.29, "amount": 0.426, "side": "buy", "timestamp": 1765756699607}, {"id": "2668351772", "price": 3058.3, "amount": 0.031, "side": "buy", "timestamp": 1765756699607}, {"id": "2668351773", "price": 3058.32, "amount": 0.031, "side": "buy", "timestamp": 1765756699607}, {"id": "2668351774", "price": 3058.33, "amount": 0.054, "side": "buy", "timestamp": 1765756699607}, {"id": "2668351775", "price": 3058.34, "amount": 0.009, "side": "buy", "timestamp": 1765756699607}, {"id": "2668351776", "price": 3058.35, "amount": 1.207, "side": "buy", "timestamp": 1765756699607}, {"id": "2668351777", "price": 3058.36, "amount": 2.927, "side": "buy", "timestamp": 1765756699607}, {"id": "2668351778", "price": 3058.36, "amount": 0.84, "side": "buy", "timestamp": 1765756700158}, {"id": "2668351779", "price": 3058.35, "amount": 0.016, "side": "sell", "timestamp": 1765756700728}, {"id": "2668351780", "price": 3058.36, "amount": 29.344, "side": "buy", "timestamp": 1765756700854}, {"id": "2668351781", "price": 3058.35, "amount": 0.004, "side": "sell", "timestamp": 1765756701578}, {"id": "2668351782", "price": 3058.35, "amount": 0.024, "side": "sell", "timestamp": 1765756701799}, {"id": "2668351783", "price": 3058.36, "amount": 0.072, "side": "buy", "timestamp": 1765756701899}, {"id": "2668351784", "price": 3058.36, "amount": 0.271, "side": "buy", "timestamp": 1765756702045}, {"id": "2668351785", "price": 3058.35, "amount": 0.007, "side": "sell", "timestamp": 1765756702093}, {"id": "2668351786", "price": 3058.35, "amount": 0.008, "side": "sell", "timestamp": 1765756702232}, {"id": "2668351787", "price": 3058.36, "amount": 1.0, "side": "buy", "timestamp": 1765756702395}, {"id": "2668351788", "price": 3058.36, "amount": 0.007, "side": "buy", "timestamp": 1765756702564}, {"id": "2668351789", "price": 3058.36, "amount": 0.032, "side": "buy", "timestamp": 1765756702758}, {"id": "2668351790", "price": 3058.36, "amount": 0.129, "side": "buy", "timestamp": 1765756703031}, {"id": "2668351791", "price": 3058.35, "amount": 0.008, "side": "sell", "timestamp": 1765756703195}, {"id": "2668351792", "price": 3058.36, "amount": 5.551, "side": "buy", "timestamp": 1765756703251}, {"id": "2668351793", "price": 3058.37, "amount": 0.048, "side": "buy", "timestamp": 1765756703251}, {"id": "2668351794", "price": 3058.38, "amount": 0.009, "side": "buy", "timestamp": 1765756703251}, {"id": "2668351795", "price": 3058.4, "amount": 0.356, "side": "buy", "timestamp": 1765756703251}, {"id": "2668351796", "price": 3058.42, "amount": 0.063, "side": "buy", "timestamp": 1765756703252}, {"id": "2668351797", "price": 3058.43, "amount": 0.008, "side": "buy", "timestamp": 1765756703252}, {"id": "2668351798", "price": 3058.44, "amount": 0.017, "side": "buy", "timestamp": 1765756703252}, {"id": "2668351799", "price": 3058.45, "amount": 0.009, "side": "buy", "timestamp": 1765756703252}, {"id": "2668351800", "price": 3058.46, "amount": 0.04, "side": "buy", "timestamp": 1765756703260}, {"id": "2668351801", "price": 3058.49, "amount": 0.017, "side": "buy", "timestamp": 1765756703260}, {"id": "2668351802", "price": 3058.5, "amount": 1.313, "side": "buy", "timestamp": 1765756703266}, {"id": "2668351803", "price": 3058.51, "amount": 0.128, "side": "buy", "timestamp": 1765756703266}, {"id": "2668351804", "price": 3058.54, "amount": 0.063, "side": "buy", "timestamp": 1765756703266}, {"id": "2668351805", "price": 3058.55, "amount": 0.359, "side": "buy", "timestamp": 1765756703266}, {"id": "2668351806", "price": 3058.56, "amount": 0.595, "side": "buy", "timestamp": 1765756703266}, {"id": "2668351807", "price": 3058.57, "amount": 0.009, "side": "buy", "timestamp": 1765756703266}, {"id": "2668351808", "price": 3058.58, "amount": 0.062, "side": "buy", "timestamp": 1765756703266}, {"id": "2668351809", "price": 3058.6, "amount": 0.427, "side": "buy", "timestamp": 1765756703266}, {"id": "2668351810", "price": 3058.61, "amount": 0.021, "side": "buy", "timestamp": 1765756703266}, {"id": "2668351811", "price": 3058.62, "amount": 0.739, "side": "buy", "timestamp": 1765756703266}, {"id": "2668351812", "price": 3058.63, "amount": 0.014, "side": "buy", "timestamp": 1765756703266}, {"id": "2668351813", "price": 3058.64, "amount": 0.009, "side": "buy", "timestamp": 1765756703266}, {"id": "2668351814", "price": 3058.65, "amount": 0.031, "side": "buy", "timestamp": 1765756703266}, {"id": "2668351815", "price": 3058.65, "amount": 1.806, "side": "sell", "timestamp": 1765756703367}, {"id": "2668351816", "price": 3058.66, "amount": 0.161, "side": "buy", "timestamp": 1765756703593}, {"id": "2668351817", "price": 3058.65, "amount": 2.213, "side": "sell", "timestamp": 1765756703636}, {"id": "2668351818", "price": 3058.65, "amount": 0.014, "side": "sell", "timestamp": 1765756703821}, {"id": "2668351819", "price": 3058.66, "amount": 0.019, "side": "buy", "timestamp": 1765756703907}, {"id": "2668351820", "price": 3058.65, "amount": 0.66, "side": "sell", "timestamp": 1765756704089}, {"id": "2668352406", "price": 3059.33, "amount": 0.07, "side": "sell", "timestamp": 1765756752418}, {"id": "2668352407", "price": 3059.3, "amount": 3.63, "side": "sell", "timestamp": 1765756752884}, {"id": "2668352408", "price": 3059.31, "amount": 3.276, "side": "buy", "timestamp": 1765756753036}, {"id": "2668352409", "price": 3059.31, "amount": 0.346, "side": "buy", "timestamp": 1765756753533}, {"id": "2668352410", "price": 3059.32, "amount": 0.079, "side": "buy", "timestamp": 1765756753539}, {"id": "2668352411", "price": 3059.33, "amount": 0.008, "side": "buy", "timestamp": 1765756753544}, {"id": "2668352412", "price": 3059.35, "amount": 0.04, "side": "buy", "timestamp": 1765756753544}, {"id": "2668352413", "price": 3059.36, "amount": 0.009, "side": "buy", "timestamp": 1765756753545}, {"id": "2668352414", "price": 3059.38, "amount": 0.009, "side": "buy", "timestamp": 1765756753545}, {"id": "2668352415", "price": 3059.39, "amount": 0.04, "side": "buy", "timestamp": 1765756753545}, {"id": "2668352416", "price": 3059.4, "amount": 0.038, "side": "buy", "timestamp": 1765756753545}, {"id": "2668352417", "price": 3059.41, "amount": 0.025, "side": "buy", "timestamp": 1765756753545}, {"id": "2668352418", "price": 3059.43, "amount": 0.05, "side": "sell", "timestamp": 1765756753620}, {"id": "2668352419", "price": 3059.43, "amount": 1.001, "side": "sell", "timestamp": 1765756753733}, {"id": "2668352420", "price": 3059.43, "amount": 0.001, "side": "sell", "timestamp": 1765756753875}, {"id": "2668352421", "price": 3059.44, "amount": 0.05, "side": "buy", "timestamp": 1765756753945}, {"id": "2668352422", "price": 3059.43, "amount": 0.728, "side": "sell", "timestamp": 1765756753949}, {"id": "2668352423", "price": 3059.43, "amount": 1.207, "side": "sell", "timestamp": 1765756754073}, {"id": "2668352424", "price": 3059.43, "amount": 0.116, "side": "sell", "timestamp": 1765756754197}, {"id": "2668352425", "price": 3059.44, "amount": 2.673, "side": "buy", "timestamp": 1765756754398}, {"id": "2668352426", "price": 3059.43, "amount": 0.036, "side": "sell", "timestamp": 1765756754595}, {"id": "2668352427", "price": 3059.44, "amount": 0.009, "side": "buy", "timestamp": 1765756754699}, {"id": "2668352428", "price": 3059.43, "amount": 0.056, "side": "sell", "timestamp": 1765756754912}, {"id": "2668352429", "price": 3059.43, "amount": 0.01, "side": "sell", "timestamp": 1765756755054}, {"id": "2668352430", "price": 3059.44, "amount": 0.02, "side": "buy", "timestamp": 1765756755124}, {"id": "2668352431", "price": 3059.44, "amount": 0.051, "side": "buy", "timestamp": 1765756755586}, {"id": "2668352432", "price": 3059.43, "amount": 2.387, "side": "sell", "timestamp": 1765756755986}, {"id": "2668352433", "price": 3059.43, "amount": 0.022, "side": "sell", "timestamp": 1765756756235}, {"id": "2668352434", "price": 3059.43, "amount": 3.83, "side": "sell", "timestamp": 1765756756568}, {"id": "2668352435", "price": 3059.44, "amount": 0.158, "side": "buy", "timestamp": 1765756757151}, {"id": "2668352436", "price": 3059.43, "amount": 0.013, "side": "sell", "timestamp": 1765756757360}, {"id": "2668352437", "price": 3059.44, "amount": 1.631, "side": "buy", "timestamp": 1765756757599}, {"id": "2668352438", "price": 3059.43, "amount": 0.01, "side": "sell", "timestamp": 1765756757730}, {"id": "2668352439", "price": 3059.44, "amount": 0.468, "side": "buy", "timestamp": 1765756757823}, {"id": "2668352440", "price": 3059.43, "amount": 0.1, "side": "sell", "timestamp": 1765756758080}, {"id": "2668352441", "price": 3059.43, "amount": 0.065, "side": "sell", "timestamp": 1765756758276}, {"id": "2668352442", "price": 3059.43, "amount": 0.5, "side": "sell", "timestamp": 1765756759463}, {"id": "2668352443", "price": 3059.44, "amount": 0.816, "side": "buy", "timestamp": 1765756759491}, {"id": "2668352444", "price": 3059.45, "amount": 0.286, "side": "buy", "timestamp": 1765756759493}, {"id": "2668352445", "price": 3059.46, "amount": 0.007, "side": "buy", "timestamp": 1765756759495}, {"id": "2668352446", "price": 3059.47, "amount": 0.009, "side": "buy", "timestamp": 1765756759495}, {"id": "2668352447", "price": 3059.49, "amount": 0.016, "side": "buy", "timestamp": 1765756759497}, {"id": "2668352448", "price": 3059.5, "amount": 0.04, "side": "buy", "timestamp": 1765756759497}, {"id": "2668352449", "price": 3059.51, "amount": 0.009, "side": "buy", "timestamp": 1765756759497}, {"id": "2668352450", "price": 3059.52, "amount": 0.014, "side": "buy", "timestamp": 1765756759497}, {"id": "2668352451", "price": 3059.54, "amount": 0.03, "side": "buy", "timestamp": 1765756759497}, {"id": "2668352452", "price": 3059.55, "amount": 0.035, "side": "buy", "timestamp": 1765756759497}, {"id": "2668352453", "price": 3059.56, "amount": 0.007, "side": "buy", "timestamp": 1765756759497}