[{"symbol": "BTCUSDT", "bids": [[90296.4, 5.623], [90296.3, 0.012], [90296.2, 0.002], [90295.9, 0.027], [90295.8, 0.054], [90295.6, 0.033], [90295.4, 0.012], [90295.3, 0.002], [90295.0, 0.01], [90294.9, 0.003], [90294.8, 0.002], [90294.4, 0.003], [90294.2, 0.003], [90294.1, 0.002], [90293.9, 0.009], [90293.7, 0.002], [90293.6, 0.008], [90293.5, 0.005], [90293.4, 0.004], [90293.2, 0.003]], "asks": [[90296.5, 10.189], [90296.6, 0.009], [90296.8, 0.111], [90297.0, 0.081], [90297.2, 0.002], [90297.4, 0.012], [90297.6, 0.111], [90297.9, 0.011], [90298.4, 0.111], [90298.5, 0.005], [90298.8, 0.018], [90298.9, 0.002], [90299.0, 0.002], [90299.3, 0.165], [90299.5, 0.002], [90299.6, 0.003], [90299.9, 0.713], [90300.0, 3.091], [90300.1, 0.009], [90300.2, 0.113]], "timestamp": "2025-12-11T10:53:56.496346+00:00"}, {"symbol": "BTCUSDT", "bids": [[90276.2, 2.836], [90276.1, 0.008], [90276.0, 0.004], [90275.7, 0.003], [90275.6, 0.113], [90275.3, 0.072], [90275.1, 0.002], [90274.9, 0.003], [90274.7, 0.111], [90274.5, 0.004], [90274.4, 0.003], [90274.2, 0.105], [90274.1, 0.002], [90273.9, 0.009], [90273.8, 0.016], [90273.6, 0.002], [90273.5, 0.116], [90273.4, 0.005], [90273.3, 0.002], [90273.2, 0.002]], "asks": [[90276.3, 12.169], [90276.4, 0.066], [90277.2, 0.061], [90277.3, 0.278], [90277.4, 0.005], [90277.5, 0.003], [90277.6, 0.002], [90277.9, 0.015], [90278.0, 0.005], [90278.1, 0.033], [90278.2, 0.002], [90278.6, 0.006], [90278.9, 0.003], [90279.0, 0.004], [90279.2, 0.224], [90279.3, 0.014], [90279.6, 0.006], [90279.7, 0.003], [90280.0, 0.614], [90280.1, 0.134]], "timestamp": "2025-12-11T10:54:50.554744+00:00"}, {"symbol": "BTCUSDT", "bids": [[90255.0, 2.585], [90254.9, 0.018], [90254.5, 0.002], [90254.4, 0.005], [90254.2, 0.002], [90254.1, 0.002], [90253.9, 0.003], [90253.5, 0.002], [90253.4, 0.005], [90253.2, 0.002], [90252.9, 0.005], [90252.4, 0.006], [90252.1, 0.007], [90252.0, 0.007], [90251.9, 0.011], [90251.8, 0.044], [90251.5, 0.003], [90251.4, 0.007], [90251.2, 0.002], [90251.0, 0.002]], "asks": [[90255.1, 14.882], [90255.2, 0.01], [90255.3, 0.002], [90255.5, 0.006], [90255.6, 0.011], [90255.7, 0.129], [90256.0, 0.177], [90256.4, 0.005], [90256.5, 0.289], [90256.6, 1.356], [90256.7, 0.014], [90256.8, 0.003], [90256.9, 0.007], [90257.0, 0.005], [90257.1, 0.117], [90257.3, 0.006], [90257.6, 0.015], [90258.0, 0.113], [90258.1, 0.003], [90258.2, 0.003]], "timestamp": "2025-12-11T10:55:42.207413+00:00"}, {"symbol": "BTCUSDT", "bids": [[90258.4, 5.924], [90258.3, 0.056], [90258.2, 0.003], [90258.0, 0.113], [90257.9, 0.012], [90257.8, 0.8], [90257.7, 0.003], [90257.6, 0.844], [90257.4, 0.004], [90257.3, 0.166], [90257.2, 0.003], [90257.1, 0.002], [90256.7, 1.0], [90256.6, 0.004], [90256.5, 0.021], [90256.3, 0.113], [90256.1, 1.0], [90256.0, 0.018], [90255.5, 0.008], [90255.4, 0.116]], "asks": [[90258.5, 3.633], [90258.6, 0.012], [90258.8, 0.002], [90258.9, 0.003], [90259.0, 0.002], [90259.4, 0.008], [90259.5, 0.003], [90259.6, 0.012], [90259.7, 0.005], [90259.8, 0.003], [90259.9, 0.006], [90260.0, 0.003], [90260.2, 0.055], [90260.3, 0.004], [90260.4, 0.003], [90260.6, 0.009], [90260.8, 0.054], [90260.9, 0.005], [90261.0, 0.006], [90261.2, 0.007]], "timestamp": "2025-12-11T10:56:34.772035+00:00"}, {"symbol": "BTCUSDT", "bids": [[90253.8, 11.006], [90253.7, 0.202], [90253.6, 0.003], [90253.2, 0.002], [90253.1, 0.003], [90252.9, 0.114], [90252.7, 0.002], [90252.6, 0.071], [90252.4, 0.002], [90252.3, 0.002], [90252.0, 0.004], [90251.9, 0.111], [90251.8, 0.05], [90251.7, 0.012], [90251.6, 0.003], [90251.2, 0.161], [90251.1, 0.011], [90251.0, 0.004], [90250.8, 0.007], [90250.7, 0.13]], "asks": [[90253.9, 2.709], [90254.0, 0.006], [90254.2, 0.003], [90254.3, 0.002], [90254.5, 0.006], [90254.6, 0.002], [90254.7, 0.026], [90254.8, 1.889], [90254.9, 0.065], [90255.0, 0.013], [90255.1, 0.024], [90255.2, 0.003], [90255.3, 0.003], [90255.5, 0.16], [90255.6, 0.004], [90255.7, 0.279], [90255.8, 0.002], [90255.9, 0.005], [90256.0, 0.005], [90256.1, 0.005]], "timestamp": "2025-12-11T10:57:26.368497+00:00"}, {"symbol": "BTCUSDT", "bids": [[90295.7, 3.381], [90295.6, 0.501], [90295.2, 0.05], [90295.1, 0.003], [90294.8, 0.002], [90294.5, 0.112], [90294.4, 0.052], [90294.3, 0.055], [90294.1, 0.003], [90294.0, 0.116], [90293.9, 0.004], [90293.7, 0.027], [90293.6, 0.23], [90293.5, 0.002], [90293.4, 0.039], [90293.3, 0.006], [90293.2, 0.115], [90293.0, 0.004], [90292.9, 0.003], [90292.7, 0.014]], "asks": [[90295.8, 6.071], [90295.9, 0.046], [90296.0, 0.023], [90296.1, 0.066], [90296.2, 0.003], [90296.4, 0.012], [90296.5, 0.002], [90297.0, 0.004], [90297.2, 0.002], [90297.9, 0.025], [90298.3, 0.003], [90298.5, 0.093], [90298.6, 0.033], [90298.8, 0.024], [90298.9, 0.003], [90299.0, 0.004], [90299.3, 0.003], [90299.4, 0.003], [90299.5, 0.012], [90299.9, 0.003]], "timestamp": "2025-12-11T10:58:22.913555+00:00"}, {"symbol": "BTCUSDT", "bids": [[90278.3, 16.777], [90278.2, 0.601], [90278.0, 0.003], [90277.7, 0.012], [90277.6, 1.261], [90277.5, 0.232], [90277.4, 0.124], [90277.3, 0.003], [90277.0, 0.037], [90276.9, 0.045], [90276.8, 0.003], [90276.4, 0.832], [90276.3, 0.278], [90276.2, 0.213], [90276.1, 0.003], [90276.0, 0.003], [90275.6, 0.003], [90275.5, 0.002], [90275.4, 0.002], [90275.3, 0.014]], "asks": [[90278.4, 1.438], [90278.5, 0.004], [90278.9, 0.003], [90279.0, 0.004], [90279.1, 0.002], [90279.2, 1.069], [90279.3, 0.002], [90279.6, 0.003], [90279.8, 0.05], [90280.0, 0.165], [90280.1, 0.003], [90280.6, 0.003], [90280.8, 0.002], [90280.9, 0.003], [90281.0, 0.002], [90281.1, 0.003], [90281.3, 0.002], [90281.6, 0.003], [90281.8, 0.005], [90282.0, 0.002]], "timestamp": "2025-12-11T10:59:21.647866+00:00"}, {"symbol": "BTCUSDT", "bids": [[90260.5, 17.736], [90260.4, 0.012], [90260.3, 0.004], [90260.0, 0.002], [90259.9, 0.155], [90259.8, 0.002], [90259.7, 0.253], [90259.3, 0.005], [90259.2, 0.111], [90259.0, 0.008], [90258.7, 0.002], [90258.4, 0.17], [90258.3, 0.007], [90258.2, 0.002], [90258.0, 0.002], [90257.9, 0.003], [90257.7, 0.832], [90257.6, 0.112], [90257.5, 0.011], [90257.4, 0.007]], "asks": [[90260.6, 0.197], [90260.7, 0.021], [90260.9, 0.002], [90261.0, 0.007], [90261.2, 0.002], [90261.5, 0.008], [90261.7, 0.039], [90262.0, 0.002], [90262.1, 0.045], [90262.2, 0.004], [90262.3, 0.003], [90262.4, 0.002], [90262.8, 0.061], [90262.9, 0.034], [90263.0, 0.004], [90263.3, 0.002], [90263.4, 0.003], [90263.5, 0.003], [90263.7, 0.002], [90264.0, 0.002]], "timestamp": "2025-12-11T11:00:19.075481+00:00"}, {"symbol": "BTCUSDT", "bids": [[90245.9, 3.831], [90245.8, 0.021], [90245.7, 0.111], [90245.6, 0.046], [90245.4, 0.036], [90245.3, 0.003], [90245.2, 0.051], [90245.1, 0.002], [90245.0, 0.01], [90244.8, 0.187], [90244.6, 0.027], [90244.4, 0.154], [90244.3, 0.005], [90244.2, 0.002], [90244.1, 0.002], [90244.0, 0.02], [90243.8, 0.006], [90243.7, 0.005], [90243.6, 0.007], [90243.5, 0.01]], "asks": [[90246.0, 25.407], [90246.1, 0.762], [90246.2, 0.004], [90246.3, 0.002], [90246.4, 0.617], [90246.5, 0.002], [90246.6, 0.033], [90246.8, 0.004], [90247.2, 1.008], [90247.3, 0.006], [90247.4, 0.012], [90247.5, 0.005], [90247.6, 0.003], [90247.7, 0.008], [90247.8, 0.003], [90247.9, 0.003], [90248.0, 0.003], [90248.1, 0.003], [90248.2, 0.005], [90248.3, 0.036]], "timestamp": "2025-12-11T11:01:15.950907+00:00"}, {"symbol": "BTCUSDT", "bids": [[90267.1, 8.741], [90267.0, 1.322], [90266.9, 0.563], [90266.7, 0.002], [90266.6, 0.009], [90266.5, 0.085], [90266.4, 0.006], [90266.3, 0.055], [90266.1, 0.004], [90266.0, 0.111], [90265.9, 0.008], [90265.8, 0.002], [90265.6, 0.015], [90265.5, 0.91], [90265.4, 0.007], [90265.3, 0.003], [90265.2, 0.111], [90265.0, 0.003], [90264.9, 0.005], [90264.8, 0.017]], "asks": [[90267.2, 2.256], [90267.3, 0.058], [90267.4, 0.002], [90267.7, 0.003], [90267.8, 0.002], [90268.2, 0.003], [90268.7, 0.002], [90268.8, 0.003], [90269.4, 0.024], [90269.7, 0.003], [90270.0, 0.006], [90270.1, 0.002], [90270.3, 0.003], [90270.4, 0.002], [90270.5, 0.002], [90270.6, 0.279], [90271.0, 0.002], [90271.1, 0.003], [90271.2, 0.003], [90271.3, 0.026]], "timestamp": "2025-12-11T11:02:15.376307+00:00"}, {"symbol": "BTCUSDT", "bids": [[90263.9, 9.756], [90263.8, 0.271], [90263.7, 0.002], [90263.6, 0.055], [90263.4, 0.002], [90263.2, 0.043], [90263.1, 0.002], [90263.0, 0.116], [90262.9, 0.012], [90262.5, 0.027], [90262.4, 0.065], [90262.2, 0.111], [90262.1, 0.003], [90262.0, 0.063], [90261.9, 0.006], [90261.8, 0.033], [90261.7, 0.01], [90261.5, 0.132], [90261.0, 0.007], [90260.8, 0.005]], "asks": [[90264.0, 4.751], [90264.1, 0.032], [90264.5, 0.003], [90264.8, 0.002], [90265.1, 0.002], [90265.3, 0.003], [90265.4, 0.006], [90265.5, 0.005], [90265.6, 0.006], [90265.7, 0.005], [90265.8, 0.003], [90265.9, 0.003], [90266.0, 0.01], [90266.1, 0.003], [90266.2, 0.003], [90266.3, 0.006], [90266.4, 0.004], [90266.5, 0.005], [90266.6, 0.002], [90266.9, 0.002]], "timestamp": "2025-12-11T11:03:14.700762+00:00"}, {"symbol": "BTCUSDT", "bids": [[90289.8, 16.324], [90289.7, 0.492], [90289.6, 0.111], [90289.5, 0.035], [90289.4, 0.063], [90289.2, 0.152], [90289.1, 0.002], [90288.9, 0.005], [90288.8, 0.017], [90288.7, 0.111], [90288.5, 0.002], [90288.3, 0.003], [90288.0, 0.004], [90287.9, 0.111], [90287.8, 0.002], [90287.7, 0.016], [90287.6, 0.003], [90287.4, 0.019], [90287.3, 0.003], [90287.2, 0.834]], "asks": [[90289.9, 4.093], [90290.0, 0.002], [90290.1, 0.003], [90290.4, 0.011], [90290.7, 0.002], [90290.8, 0.005], [90290.9, 0.003], [90291.0, 0.19], [90291.3, 0.016], [90291.4, 0.013], [90291.7, 0.002], [90291.9, 0.003], [90292.0, 0.002], [90292.1, 0.003], [90292.2, 0.011], [90292.5, 0.016], [90292.6, 0.002], [90292.8, 0.003], [90293.0, 0.002], [90293.1, 0.064]], "timestamp": "2025-12-11T11:04:14.694832+00:00"}, {"symbol": "BTCUSDT", "bids": [[90349.9, 11.138], [90349.8, 0.006], [90349.7, 0.003], [90349.6, 0.091], [90349.5, 0.214], [90349.3, 0.012], [90349.2, 0.003], [90349.1, 0.002], [90348.7, 0.003], [90348.6, 0.002], [90348.5, 0.015], [90348.2, 0.005], [90348.1, 0.005], [90348.0, 0.002], [90347.9, 0.003], [90347.7, 0.008], [90347.6, 0.002], [90347.4, 0.033], [90347.3, 0.062], [90347.2, 0.003]], "asks": [[90350.0, 1.893], [90350.1, 0.01], [90350.2, 0.003], [90350.7, 0.003], [90351.0, 0.007], [90351.2, 0.003], [90351.6, 0.002], [90351.7, 0.003], [90351.8, 0.003], [90351.9, 0.011], [90352.0, 0.01], [90352.2, 0.003], [90352.3, 0.062], [90352.6, 0.007], [90352.7, 0.003], [90352.8, 0.112], [90352.9, 0.002], [90353.0, 0.009], [90353.1, 0.003], [90353.2, 0.005]], "timestamp": "2025-12-11T11:05:11.421850+00:00"}, {"symbol": "BTCUSDT", "bids": [[90321.9, 4.088], [90321.8, 0.009], [90321.4, 0.058], [90321.3, 0.002], [90320.9, 0.003], [90320.8, 0.002], [90320.4, 0.003], [90320.2, 0.073], [90320.1, 0.111], [90320.0, 0.306], [90319.9, 0.005], [90319.8, 0.054], [90319.5, 0.014], [90319.4, 0.111], [90319.3, 0.019], [90319.2, 0.003], [90319.0, 0.005], [90318.9, 0.018], [90318.8, 0.002], [90318.7, 0.177]], "asks": [[90322.0, 6.161], [90322.1, 0.085], [90322.4, 0.002], [90322.5, 0.003], [90322.8, 0.012], [90323.0, 0.005], [90323.4, 0.002], [90323.5, 0.003], [90323.9, 0.002], [90324.0, 0.007], [90324.2, 0.012], [90324.3, 0.005], [90324.5, 0.005], [90324.8, 0.059], [90324.9, 0.033], [90325.0, 0.283], [90325.1, 0.003], [90325.2, 0.004], [90325.3, 0.003], [90325.7, 0.014]], "timestamp": "2025-12-11T11:06:09.093915+00:00"}, {"symbol": "BTCUSDT", "bids": [[90358.6, 5.876], [90358.5, 0.024], [90358.4, 0.05], [90358.2, 0.003], [90358.1, 0.002], [90357.9, 0.043], [90357.6, 0.11], [90357.4, 0.069], [90357.3, 0.011], [90357.2, 0.002], [90357.1, 0.111], [90357.0, 0.02], [90356.8, 0.003], [90356.7, 0.004], [90356.4, 0.003], [90356.3, 0.138], [90356.2, 0.054], [90356.0, 0.005], [90355.8, 0.005], [90355.7, 0.008]], "asks": [[90358.7, 6.933], [90358.8, 0.006], [90359.2, 0.003], [90359.7, 0.003], [90360.0, 0.046], [90360.2, 0.003], [90360.6, 0.002], [90360.7, 0.003], [90360.9, 0.003], [90361.2, 0.003], [90361.6, 0.002], [90361.7, 0.003], [90361.8, 0.003], [90361.9, 0.002], [90362.2, 0.003], [90362.7, 0.008], [90362.8, 0.01], [90363.1, 0.266], [90363.2, 0.987], [90363.3, 0.002]], "timestamp": "2025-12-11T11:07:04.487346+00:00"}, {"symbol": "BTCUSDT", "bids": [[90356.3, 1.095], [90356.2, 0.012], [90356.0, 0.002], [90355.8, 0.003], [90355.5, 0.002], [90355.4, 0.002], [90355.3, 0.003], [90355.0, 0.002], [90354.8, 0.003], [90354.4, 0.002], [90354.1, 0.127], [90354.0, 0.005], [90353.6, 0.002], [90353.3, 0.003], [90353.2, 0.003], [90353.1, 0.004], [90352.8, 0.018], [90352.7, 0.005], [90352.3, 0.002], [90352.2, 0.005]], "asks": [[90356.4, 5.535], [90356.5, 0.006], [90357.0, 0.031], [90357.1, 0.113], [90357.2, 0.012], [90357.5, 0.002], [90357.7, 0.132], [90357.8, 0.015], [90358.0, 0.005], [90358.2, 0.011], [90358.3, 0.003], [90358.4, 0.004], [90358.6, 0.005], [90358.7, 0.111], [90358.8, 0.007], [90358.9, 0.016], [90359.1, 0.002], [90359.3, 0.025], [90359.5, 0.003], [90359.6, 0.113]], "timestamp": "2025-12-11T11:08:04.360571+00:00"}, {"symbol": "BTCUSDT", "bids": [[90321.1, 7.013], [90321.0, 0.027], [90320.6, 0.003], [90320.5, 0.015], [90320.4, 0.002], [90320.3, 0.117], [90320.2, 0.005], [90320.0, 0.091], [90319.9, 0.002], [90319.7, 0.002], [90319.6, 0.002], [90319.5, 0.327], [90319.2, 0.003], [90319.1, 0.118], [90319.0, 0.022], [90318.8, 0.002], [90318.7, 0.321], [90318.6, 0.027], [90318.5, 0.005], [90318.4, 0.01]], "asks": [[90321.2, 1.014], [90321.3, 0.145], [90322.1, 0.002], [90322.3, 0.044], [90322.5, 0.002], [90323.0, 0.002], [90323.1, 0.003], [90323.2, 0.276], [90323.4, 0.005], [90323.6, 0.003], [90323.9, 0.002], [90324.0, 0.059], [90324.1, 0.003], [90324.2, 0.113], [90324.3, 0.005], [90324.4, 0.002], [90324.6, 0.003], [90324.8, 0.002], [90325.0, 0.002], [90325.1, 0.003]], "timestamp": "2025-12-11T11:09:04.633005+00:00"}, {"symbol": "BTCUSDT", "bids": [[90314.7, 7.436], [90314.6, 0.01], [90314.5, 0.002], [90314.2, 0.002], [90314.0, 0.005], [90313.5, 0.012], [90313.3, 0.054], [90312.9, 0.137], [90312.8, 0.089], [90312.6, 0.003], [90312.5, 0.003], [90312.4, 0.002], [90312.3, 0.002], [90312.1, 0.021], [90312.0, 0.012], [90311.9, 0.002], [90311.6, 0.014], [90311.5, 0.002], [90311.3, 0.003], [90311.2, 0.002]], "asks": [[90314.8, 7.072], [90314.9, 0.115], [90315.0, 0.021], [90315.1, 0.003], [90315.2, 0.003], [90315.3, 0.003], [90315.4, 0.003], [90315.5, 0.005], [90315.6, 0.012], [90315.7, 0.014], [90315.9, 0.059], [90316.0, 0.111], [90316.2, 0.002], [90316.5, 0.015], [90316.9, 0.098], [90317.0, 0.059], [90317.1, 0.003], [90317.4, 0.122], [90317.7, 0.013], [90317.8, 0.006]], "timestamp": "2025-12-11T11:10:00.957701+00:00"}, {"symbol": "BTCUSDT", "bids": [[90318.6, 3.918], [90318.5, 0.066], [90318.2, 0.003], [90318.1, 0.002], [90317.8, 0.002], [90317.3, 0.003], [90317.2, 0.003], [90316.9, 0.012], [90316.8, 0.002], [90316.7, 0.003], [90316.4, 0.003], [90316.1, 0.003], [90316.0, 0.111], [90315.6, 0.005], [90315.5, 0.015], [90315.4, 0.002], [90315.2, 0.117], [90315.1, 0.003], [90315.0, 0.005], [90314.9, 0.02]], "asks": [[90318.7, 5.846], [90318.8, 0.02], [90318.9, 0.008], [90319.0, 0.114], [90319.1, 0.003], [90319.2, 0.003], [90319.3, 0.036], [90319.4, 0.008], [90319.5, 0.017], [90319.6, 0.061], [90319.7, 0.279], [90319.8, 0.002], [90320.0, 0.024], [90320.3, 0.002], [90320.4, 0.007], [90320.5, 0.003], [90320.6, 0.111], [90320.7, 0.002], [90320.9, 0.003], [90321.0, 0.073]], "timestamp": "2025-12-11T11:10:58.795233+00:00"}, {"symbol": "BTCUSDT", "bids": [[90312.9, 5.686], [90312.8, 0.075], [90312.7, 0.029], [90312.6, 0.034], [90312.5, 0.025], [90312.4, 0.101], [90312.3, 0.138], [90312.2, 0.043], [90312.1, 0.028], [90312.0, 0.023], [90311.9, 0.008], [90311.8, 0.006], [90311.7, 0.006], [90311.6, 0.017], [90311.5, 0.113], [90311.3, 0.003], [90311.2, 0.002], [90311.1, 0.003], [90311.0, 0.006], [90310.7, 0.123]], "asks": [[90313.0, 1.817], [90313.1, 0.008], [90313.2, 0.071], [90313.3, 0.003], [90313.4, 0.003], [90313.5, 0.003], [90313.6, 0.006], [90313.7, 0.003], [90313.8, 0.003], [90313.9, 0.003], [90314.0, 0.013], [90314.1, 0.063], [90314.4, 0.002], [90314.6, 0.003], [90315.0, 0.008], [90315.1, 0.003], [90315.2, 0.126], [90315.3, 0.003], [90315.6, 0.003], [90315.8, 0.276]], "timestamp": "2025-12-11T11:11:55.333785+00:00"}, {"symbol": "BTCUSDT", "bids": [[90304.4, 3.085], [90304.3, 0.035], [90304.0, 0.003], [90303.2, 0.003], [90302.9, 0.002], [90302.6, 0.003], [90302.5, 0.002], [90302.3, 0.004], [90302.1, 0.141], [90302.0, 0.002], [90301.6, 0.003], [90301.5, 0.002], [90301.3, 0.002], [90301.2, 0.003], [90301.1, 0.003], [90300.6, 0.006], [90300.5, 0.012], [90300.4, 0.003], [90300.3, 0.004], [90300.1, 0.003]], "asks": [[90304.5, 6.73], [90304.6, 0.011], [90304.7, 0.073], [90304.8, 0.003], [90304.9, 0.003], [90305.0, 0.246], [90305.1, 0.314], [90305.2, 0.114], [90305.3, 0.003], [90305.4, 0.017], [90305.5, 0.033], [90305.6, 0.002], [90305.7, 0.047], [90305.8, 0.006], [90306.0, 0.064], [90306.1, 0.004], [90306.2, 0.111], [90306.4, 0.007], [90306.5, 0.057], [90306.9, 0.016]], "timestamp": "2025-12-11T11:12:51.177390+00:00"}, {"symbol": "BTCUSDT", "bids": [[90320.8, 8.537], [90320.7, 0.008], [90320.4, 0.005], [90320.3, 0.109], [90320.2, 0.147], [90319.9, 0.005], [90319.6, 0.002], [90319.5, 0.004], [90319.4, 0.01], [90319.0, 0.002], [90318.8, 0.012], [90318.6, 0.003], [90318.5, 0.003], [90318.3, 0.111], [90318.0, 0.002], [90317.9, 0.002], [90317.6, 0.114], [90317.5, 0.002], [90317.4, 0.012], [90317.3, 0.003]], "asks": [[90320.9, 4.49], [90321.0, 0.015], [90321.1, 0.003], [90321.2, 0.022], [90321.3, 0.003], [90321.4, 0.003], [90321.5, 0.003], [90321.6, 0.01], [90321.7, 0.006], [90321.8, 0.276], [90321.9, 0.824], [90322.0, 0.112], [90322.1, 0.002], [90322.2, 0.007], [90322.4, 0.002], [90322.5, 0.002], [90322.6, 0.003], [90322.7, 0.02], [90322.9, 0.111], [90323.0, 0.004]], "timestamp": "2025-12-11T11:13:48.530787+00:00"}, {"symbol": "BTCUSDT", "bids": [[90310.1, 4.3], [90310.0, 0.005], [90309.7, 0.002], [90309.6, 0.013], [90309.5, 0.016], [90309.4, 0.114], [90309.2, 0.002], [90309.0, 0.002], [90308.8, 0.002], [90308.7, 0.003], [90308.3, 0.014], [90308.1, 0.114], [90307.9, 0.566], [90307.8, 0.002], [90307.7, 0.003], [90307.4, 0.116], [90307.1, 0.005], [90307.0, 0.002], [90306.9, 0.005], [90306.8, 0.509]], "asks": [[90310.2, 10.001], [90310.3, 0.014], [90310.4, 0.003], [90310.5, 0.043], [90310.6, 0.003], [90310.7, 0.009], [90310.8, 0.003], [90310.9, 0.005], [90311.0, 0.003], [90311.1, 0.015], [90311.2, 0.038], [90311.4, 0.002], [90312.0, 0.002], [90312.1, 0.003], [90312.3, 0.002], [90312.4, 0.114], [90312.5, 0.002], [90312.7, 0.014], [90313.0, 0.005], [90313.1, 0.003]], "timestamp": "2025-12-11T11:14:44.960961+00:00"}, {"symbol": "BTCUSDT", "bids": [[90304.8, 1.933], [90304.7, 0.006], [90304.6, 0.055], [90304.5, 0.005], [90304.4, 10.734], [90304.3, 0.006], [90304.2, 0.006], [90304.1, 0.055], [90304.0, 0.003], [90303.9, 0.002], [90303.8, 0.002], [90303.6, 0.002], [90303.5, 0.111], [90303.4, 0.002], [90303.3, 0.003], [90303.2, 0.005], [90302.9, 0.008], [90302.8, 0.111], [90302.6, 0.005], [90302.5, 0.005]], "asks": [[90304.9, 15.528], [90305.0, 0.011], [90305.1, 0.004], [90305.6, 0.002], [90305.9, 0.033], [90306.0, 0.14], [90306.1, 0.003], [90306.2, 0.003], [90306.3, 0.003], [90306.4, 0.005], [90306.5, 0.006], [90306.6, 0.003], [90306.7, 0.577], [90306.8, 1.005], [90306.9, 1.012], [90307.0, 0.349], [90307.1, 0.006], [90307.3, 0.002], [90307.4, 1.0], [90307.5, 0.238]], "timestamp": "2025-12-11T11:15:42.950327+00:00"}, {"symbol": "BTCUSDT", "bids": [[90312.5, 2.381], [90312.4, 0.006], [90312.3, 0.003], [90311.8, 0.003], [90311.6, 0.012], [90311.3, 0.003], [90311.0, 0.004], [90310.7, 0.003], [90310.5, 0.002], [90310.4, 0.002], [90310.3, 0.003], [90310.2, 0.123], [90310.1, 0.012], [90310.0, 0.002], [90309.7, 0.005], [90309.6, 0.058], [90309.4, 0.005], [90309.3, 0.014], [90309.2, 0.002], [90309.1, 0.003]], "asks": [[90312.6, 7.29], [90312.7, 0.015], [90312.8, 0.114], [90313.0, 0.129], [90313.1, 0.002], [90313.2, 0.008], [90313.5, 0.002], [90313.6, 0.111], [90313.7, 0.165], [90314.0, 0.002], [90314.1, 0.005], [90314.2, 0.006], [90314.3, 0.007], [90314.4, 0.002], [90314.5, 0.012], [90314.6, 0.113], [90314.7, 0.006], [90315.0, 0.023], [90315.1, 0.403], [90315.2, 0.279]], "timestamp": "2025-12-11T11:16:40.292235+00:00"}, {"symbol": "BTCUSDT", "bids": [[90288.5, 5.031], [90288.4, 0.005], [90288.3, 0.055], [90288.2, 0.004], [90288.0, 0.509], [90287.9, 0.367], [90287.8, 0.003], [90287.6, 0.006], [90287.5, 0.003], [90287.4, 0.037], [90287.3, 0.002], [90287.0, 0.114], [90286.7, 0.002], [90286.6, 0.035], [90286.5, 0.007], [90286.4, 0.014], [90286.3, 0.003], [90286.0, 0.008], [90285.9, 0.012], [90285.8, 0.002]], "asks": [[90288.6, 5.493], [90288.7, 0.009], [90288.8, 0.112], [90288.9, 0.185], [90289.0, 0.011], [90289.2, 0.047], [90289.3, 0.002], [90289.8, 0.055], [90289.9, 0.005], [90290.0, 0.041], [90290.2, 0.002], [90290.4, 0.057], [90290.5, 0.003], [90290.7, 0.022], [90290.8, 0.004], [90291.0, 0.003], [90291.1, 0.005], [90291.4, 0.279], [90291.5, 0.011], [90291.6, 0.002]], "timestamp": "2025-12-11T11:17:36.665223+00:00"}, {"symbol": "BTCUSDT", "bids": [[90317.5, 3.987], [90317.4, 0.058], [90317.3, 0.072], [90317.2, 0.016], [90317.1, 0.015], [90317.0, 0.017], [90316.9, 0.017], [90316.8, 0.015], [90316.7, 0.015], [90316.6, 0.015], [90316.5, 0.017], [90316.4, 0.014], [90316.3, 0.016], [90316.1, 0.111], [90316.0, 0.005], [90315.8, 0.055], [90315.6, 0.002], [90315.5, 0.003], [90315.4, 0.002], [90315.3, 0.114]], "asks": [[90317.6, 7.016], [90317.7, 0.008], [90317.9, 0.021], [90318.0, 0.11], [90318.4, 0.009], [90318.5, 0.002], [90318.6, 0.014], [90318.7, 0.015], [90318.8, 0.006], [90318.9, 0.002], [90319.0, 0.281], [90319.3, 0.002], [90319.4, 0.012], [90319.5, 0.005], [90319.6, 0.002], [90319.8, 0.283], [90319.9, 0.531], [90320.0, 1.011], [90320.2, 0.003], [90320.3, 0.002]], "timestamp": "2025-12-11T11:18:33.848785+00:00"}, {"symbol": "BTCUSDT", "bids": [[90321.8, 16.644], [90321.7, 0.136], [90321.3, 0.005], [90321.0, 0.973], [90320.9, 0.002], [90320.8, 0.135], [90320.7, 0.113], [90320.4, 0.005], [90320.3, 0.055], [90320.2, 0.021], [90320.1, 1.0], [90320.0, 1.006], [90319.9, 0.232], [90319.8, 0.009], [90319.7, 0.059], [90319.6, 0.008], [90319.5, 0.018], [90319.4, 0.018], [90319.3, 0.003], [90319.2, 0.003]], "asks": [[90321.9, 3.917], [90322.0, 0.12], [90322.1, 0.015], [90322.2, 0.008], [90322.5, 0.007], [90322.7, 0.008], [90323.0, 0.004], [90323.1, 0.002], [90323.3, 0.003], [90323.4, 0.002], [90323.6, 0.002], [90323.7, 0.002], [90323.8, 0.55], [90323.9, 0.1], [90324.0, 0.007], [90324.1, 0.003], [90324.3, 0.003], [90324.5, 0.003], [90324.9, 0.01], [90325.0, 0.007]], "timestamp": "2025-12-11T11:19:30.708618+00:00"}, {"symbol": "BTCUSDT", "bids": [[90327.6, 6.754], [90327.5, 0.004], [90327.2, 0.003], [90327.1, 0.005], [90327.0, 0.003], [90326.8, 0.111], [90326.7, 0.014], [90326.6, 0.895], [90326.5, 3.876], [90326.4, 0.008], [90326.2, 0.002], [90326.1, 0.003], [90326.0, 0.113], [90325.8, 0.013], [90325.7, 0.002], [90325.6, 0.003], [90325.5, 0.003], [90325.4, 0.006], [90325.3, 1.156], [90325.2, 0.008]], "asks": [[90327.7, 3.737], [90327.8, 0.006], [90328.1, 0.003], [90328.4, 0.002], [90328.5, 0.002], [90328.6, 0.279], [90329.2, 0.003], [90329.3, 0.002], [90329.7, 0.101], [90329.8, 0.235], [90329.9, 0.003], [90330.0, 0.002], [90330.2, 1.228], [90330.3, 0.004], [90330.7, 0.003], [90330.8, 0.003], [90331.2, 0.003], [90331.3, 0.002], [90331.5, 0.008], [90331.6, 0.09]], "timestamp": "2025-12-11T11:20:28.531913+00:00"}, {"symbol": "BTCUSDT", "bids": [[90327.6, 10.869], [90327.5, 0.004], [90327.4, 0.126], [90327.1, 0.002], [90326.8, 0.003], [90326.7, 0.005], [90326.6, 0.003], [90326.5, 0.003], [90326.4, 0.003], [90326.3, 0.142], [90326.2, 0.12], [90326.1, 0.003], [90326.0, 0.006], [90325.8, 0.068], [90325.7, 0.189], [90325.6, 0.83], [90325.5, 0.002], [90325.4, 0.254], [90325.3, 0.26], [90325.2, 0.125]], "asks": [[90327.7, 2.585], [90327.8, 0.015], [90327.9, 0.003], [90328.4, 0.002], [90328.5, 0.282], [90329.0, 0.066], [90329.1, 0.005], [90329.3, 0.002], [90329.5, 0.002], [90329.6, 0.003], [90329.7, 0.003], [90330.0, 0.007], [90330.1, 0.014], [90330.2, 0.024], [90330.5, 0.003], [90330.6, 0.002], [90330.7, 0.093], [90330.8, 0.227], [90330.9, 0.879], [90331.0, 0.002]], "timestamp": "2025-12-11T11:21:26.126766+00:00"}, {"symbol": "BTCUSDT", "bids": [[90315.0, 5.39], [90314.9, 0.004], [90314.7, 0.02], [90314.6, 0.003], [90314.2, 0.002], [90314.0, 0.002], [90313.8, 0.005], [90313.7, 0.019], [90313.6, 0.009], [90313.5, 0.003], [90313.3, 0.013], [90313.2, 0.002], [90313.0, 0.003], [90312.9, 0.177], [90312.8, 0.772], [90312.7, 0.008], [90312.5, 0.002], [90312.4, 0.007], [90312.3, 0.03], [90312.2, 0.016]], "asks": [[90315.1, 13.49], [90315.2, 0.01], [90315.3, 0.002], [90315.5, 0.003], [90315.6, 0.111], [90315.7, 0.171], [90315.9, 0.375], [90316.0, 0.078], [90316.3, 0.111], [90316.5, 0.003], [90316.6, 0.012], [90316.8, 0.004], [90317.1, 0.002], [90317.2, 0.003], [90317.3, 0.006], [90317.6, 0.111], [90317.7, 0.005], [90317.9, 0.002], [90318.1, 0.02], [90318.2, 0.003]], "timestamp": "2025-12-11T11:22:23.744922+00:00"}, {"symbol": "BTCUSDT", "bids": [[90327.5, 4.093], [90327.4, 0.855], [90327.0, 0.003], [90326.7, 0.002], [90326.2, 0.005], [90326.1, 0.003], [90326.0, 0.051], [90325.9, 0.111], [90325.8, 0.024], [90325.7, 0.003], [90325.6, 0.002], [90325.3, 0.005], [90325.0, 0.113], [90324.9, 0.005], [90324.8, 0.066], [90324.5, 0.002], [90324.4, 0.005], [90324.3, 0.005], [90324.0, 0.004], [90323.6, 0.003]], "asks": [[90327.6, 44.515], [90327.7, 0.028], [90327.8, 0.013], [90327.9, 0.005], [90328.0, 0.032], [90328.2, 0.003], [90328.4, 0.003], [90328.5, 0.279], [90328.8, 0.002], [90328.9, 0.031], [90329.2, 0.003], [90329.3, 0.01], [90329.4, 0.015], [90329.5, 0.002], [90329.6, 0.298], [90329.7, 0.033], [90329.9, 0.006], [90330.0, 0.007], [90330.1, 0.006], [90330.2, 0.008]], "timestamp": "2025-12-11T11:23:21.626703+00:00"}, {"symbol": "BTCUSDT", "bids": [[90318.7, 5.791], [90318.6, 0.161], [90318.5, 0.22], [90318.4, 0.003], [90318.1, 0.111], [90318.0, 0.002], [90317.8, 0.007], [90317.7, 0.002], [90317.6, 0.002], [90317.5, 0.002], [90317.3, 0.006], [90317.2, 0.113], [90317.1, 0.002], [90316.8, 0.02], [90316.7, 0.003], [90316.5, 0.113], [90316.4, 0.004], [90316.3, 0.008], [90316.0, 0.158], [90315.9, 0.002]], "asks": [[90318.8, 3.893], [90318.9, 0.009], [90319.4, 0.002], [90319.5, 0.005], [90319.7, 0.012], [90319.8, 0.002], [90320.2, 0.054], [90320.3, 0.005], [90320.8, 0.003], [90321.1, 0.009], [90321.2, 0.012], [90321.6, 0.002], [90321.7, 0.095], [90321.8, 0.043], [90321.9, 0.003], [90322.1, 0.004], [90322.2, 0.125], [90322.4, 0.002], [90322.5, 0.276], [90322.7, 0.012]], "timestamp": "2025-12-11T11:24:26.527737+00:00"}, {"symbol": "BTCUSDT", "bids": [[90263.5, 5.793], [90263.4, 0.006], [90263.3, 0.07], [90263.2, 0.111], [90263.1, 0.048], [90263.0, 0.004], [90262.8, 0.003], [90262.3, 0.111], [90262.2, 0.002], [90261.9, 0.003], [90261.8, 0.002], [90261.6, 0.012], [90261.5, 0.111], [90261.2, 0.005], [90261.0, 0.008], [90260.9, 0.007], [90260.8, 0.002], [90260.7, 0.003], [90260.6, 0.133], [90260.5, 0.283]], "asks": [[90263.6, 5.551], [90263.7, 0.064], [90263.9, 0.002], [90264.1, 0.002], [90264.2, 0.003], [90264.9, 0.003], [90265.1, 0.002], [90265.3, 0.235], [90265.4, 0.281], [90265.5, 0.015], [90265.7, 0.002], [90265.8, 0.003], [90265.9, 0.003], [90266.2, 0.003], [90266.3, 0.003], [90266.4, 0.101], [90266.5, 0.005], [90266.6, 0.003], [90266.7, 0.014], [90267.2, 0.003]], "timestamp": "2025-12-11T11:25:36.319103+00:00"}, {"symbol": "BTCUSDT", "bids": [[90258.9, 5.984], [90258.8, 0.126], [90258.5, 0.005], [90258.4, 0.003], [90258.3, 0.002], [90258.2, 0.047], [90258.1, 0.111], [90258.0, 0.002], [90257.9, 0.003], [90257.6, 0.002], [90257.5, 0.002], [90257.4, 0.003], [90257.3, 0.123], [90257.2, 0.002], [90256.7, 0.003], [90256.5, 0.007], [90256.4, 0.002], [90255.9, 0.295], [90255.8, 0.003], [90255.7, 0.428]], "asks": [[90259.0, 3.875], [90259.1, 0.009], [90259.4, 0.002], [90259.8, 0.003], [90260.3, 0.016], [90260.6, 0.002], [90260.8, 0.002], [90261.0, 0.062], [90261.2, 0.002], [90261.3, 0.003], [90261.5, 0.002], [90261.6, 0.012], [90261.7, 0.002], [90261.8, 0.003], [90262.0, 0.002], [90262.1, 0.005], [90262.3, 0.003], [90262.7, 0.111], [90262.8, 0.033], [90262.9, 0.278]], "timestamp": "2025-12-11T11:26:33.193456+00:00"}, {"symbol": "BTCUSDT", "bids": [[90258.9, 5.548], [90258.8, 0.014], [90258.7, 0.006], [90258.5, 0.005], [90258.4, 0.005], [90258.3, 0.002], [90258.0, 0.01], [90257.9, 0.003], [90257.7, 0.002], [90257.6, 0.003], [90257.5, 0.002], [90257.4, 0.003], [90257.2, 0.002], [90257.1, 1.232], [90257.0, 0.002], [90256.7, 0.003], [90256.6, 0.004], [90256.5, 0.005], [90256.4, 0.005], [90256.2, 0.003]], "asks": [[90259.0, 14.639], [90259.1, 0.028], [90259.2, 0.002], [90259.4, 0.113], [90259.5, 0.003], [90260.0, 0.003], [90260.1, 0.033], [90260.2, 0.012], [90260.3, 0.002], [90260.4, 0.113], [90260.5, 0.003], [90260.6, 0.002], [90260.8, 0.076], [90260.9, 0.002], [90261.0, 0.007], [90261.1, 0.111], [90261.2, 0.002], [90261.3, 0.003], [90261.4, 0.033], [90261.5, 0.002]], "timestamp": "2025-12-11T11:27:31.418882+00:00"}, {"symbol": "BTCUSDT", "bids": [[90242.7, 14.261], [90242.6, 0.009], [90242.5, 0.002], [90242.4, 0.004], [90241.2, 0.002], [90240.8, 0.002], [90240.5, 0.003], [90240.2, 0.003], [90240.0, 0.002], [90239.7, 0.114], [90239.6, 0.003], [90239.5, 0.002], [90239.4, 0.173], [90239.2, 0.003], [90239.0, 0.217], [90238.9, 0.105], [90238.8, 1.196], [90238.7, 0.007], [90238.6, 0.118], [90238.5, 0.012]], "asks": [[90242.8, 6.222], [90242.9, 0.008], [90243.0, 0.059], [90243.1, 0.003], [90243.2, 0.218], [90243.3, 0.276], [90243.4, 0.004], [90243.6, 0.002], [90243.8, 0.015], [90244.0, 0.002], [90244.1, 0.002], [90244.5, 0.008], [90244.6, 0.003], [90244.7, 0.003], [90244.8, 0.013], [90245.0, 0.006], [90245.1, 0.003], [90245.4, 0.004], [90245.5, 0.018], [90245.6, 0.997]], "timestamp": "2025-12-11T11:28:30.776589+00:00"}, {"symbol": "BTCUSDT", "bids": [[90219.5, 0.126], [90219.4, 0.008], [90219.1, 0.002], [90219.0, 0.002], [90218.9, 0.003], [90218.6, 0.057], [90218.5, 0.014], [90218.4, 0.003], [90218.2, 0.004], [90218.1, 0.002], [90218.0, 0.002], [90217.9, 0.006], [90217.8, 0.013], [90217.7, 0.007], [90217.4, 0.011], [90217.3, 0.002], [90217.1, 0.039], [90217.0, 0.003], [90216.9, 0.003], [90216.8, 0.002]], "asks": [[90219.6, 20.745], [90219.7, 0.605], [90219.8, 1.0], [90219.9, 1.0], [90220.0, 1.011], [90220.1, 0.199], [90220.2, 0.004], [90220.4, 0.006], [90220.5, 0.002], [90220.6, 0.011], [90220.7, 0.003], [90220.8, 0.224], [90220.9, 0.133], [90221.0, 0.003], [90221.1, 0.003], [90221.2, 0.005], [90221.3, 0.008], [90221.4, 0.172], [90221.5, 0.003], [90221.6, 0.002]], "timestamp": "2025-12-11T11:29:31.755104+00:00"}, {"symbol": "BTCUSDT", "bids": [[90222.9, 12.36], [90222.8, 0.122], [90222.7, 0.113], [90222.4, 0.107], [90222.3, 0.152], [90221.9, 0.111], [90221.8, 0.002], [90221.6, 0.002], [90221.3, 0.057], [90221.2, 0.197], [90221.1, 0.096], [90220.7, 0.005], [90220.5, 0.024], [90220.4, 0.113], [90220.1, 0.235], [90220.0, 0.005], [90219.9, 0.33], [90219.8, 0.282], [90219.7, 0.002], [90219.6, 0.011]], "asks": [[90223.0, 0.085], [90223.1, 0.002], [90223.2, 0.005], [90223.5, 0.002], [90223.7, 0.003], [90223.8, 0.002], [90224.3, 0.061], [90224.4, 0.004], [90224.6, 0.069], [90224.7, 0.002], [90225.0, 0.02], [90225.2, 0.083], [90225.3, 0.005], [90225.4, 0.003], [90225.5, 0.003], [90225.6, 0.007], [90225.9, 0.007], [90226.0, 0.025], [90226.2, 0.051], [90226.5, 0.007]], "timestamp": "2025-12-11T11:30:34.290282+00:00"}, {"symbol": "BTCUSDT", "bids": [[90255.8, 0.135], [90255.7, 0.002], [90255.5, 0.05], [90255.0, 0.002], [90254.9, 0.003], [90254.4, 0.002], [90254.0, 0.003], [90253.9, 0.002], [90253.8, 0.055], [90253.6, 0.003], [90253.5, 0.007], [90253.2, 0.002], [90253.0, 0.003], [90252.9, 0.003], [90252.7, 0.002], [90252.6, 0.002], [90252.5, 0.003], [90252.3, 0.002], [90252.1, 0.002], [90252.0, 0.01]], "asks": [[90255.9, 6.528], [90256.0, 0.006], [90256.1, 0.018], [90256.2, 0.003], [90256.3, 0.012], [90256.4, 0.003], [90256.5, 0.002], [90256.6, 0.057], [90256.7, 0.002], [90256.9, 0.253], [90257.0, 0.238], [90257.1, 0.064], [90257.2, 0.047], [90257.4, 0.003], [90257.6, 0.004], [90257.7, 0.003], [90257.9, 0.007], [90258.0, 0.002], [90258.1, 0.33], [90258.2, 0.007]], "timestamp": "2025-12-11T11:31:35.433864+00:00"}, {"symbol": "BTCUSDT", "bids": [[90249.0, 5.02], [90248.9, 0.015], [90248.7, 0.002], [90248.4, 0.003], [90248.2, 0.009], [90248.0, 0.1], [90247.8, 0.036], [90247.6, 0.005], [90247.5, 0.007], [90247.4, 0.016], [90247.3, 0.002], [90247.1, 0.007], [90246.9, 0.303], [90246.8, 0.342], [90246.7, 0.003], [90246.5, 1.265], [90246.4, 0.033], [90246.3, 0.162], [90246.2, 0.003], [90246.1, 0.004]], "asks": [[90249.1, 5.886], [90249.2, 0.01], [90249.3, 0.003], [90249.5, 0.002], [90249.6, 0.002], [90249.8, 0.111], [90249.9, 0.078], [90250.1, 0.012], [90250.4, 0.003], [90250.6, 0.111], [90250.9, 0.003], [90251.2, 0.013], [90251.3, 0.003], [90251.5, 0.123], [90251.6, 0.279], [90251.8, 0.002], [90252.0, 0.004], [90252.1, 0.002], [90252.2, 0.005], [90252.3, 0.003]], "timestamp": "2025-12-11T11:32:38.749426+00:00"}, {"symbol": "BTCUSDT", "bids": [[90218.1, 0.435], [90218.0, 0.002], [90217.4, 0.1], [90217.3, 0.005], [90217.0, 0.083], [90216.8, 0.005], [90216.5, 0.002], [90216.4, 0.111], [90216.0, 0.004], [90215.9, 0.002], [90215.7, 0.114], [90215.4, 0.005], [90215.2, 0.003], [90215.0, 0.119], [90214.8, 0.003], [90214.5, 0.005], [90214.2, 0.114], [90214.1, 0.002], [90213.9, 0.003], [90213.5, 0.125]], "asks": [[90218.2, 18.206], [90218.3, 0.022], [90218.4, 0.276], [90218.6, 0.163], [90218.7, 0.068], [90218.8, 0.002], [90219.0, 0.002], [90219.1, 0.002], [90219.3, 0.006], [90219.4, 0.003], [90219.8, 0.012], [90219.9, 0.005], [90220.0, 0.113], [90220.1, 0.003], [90220.3, 0.002], [90220.5, 0.039], [90220.8, 0.008], [90221.0, 0.111], [90221.2, 0.002], [90221.4, 0.014]], "timestamp": "2025-12-11T11:33:37.339952+00:00"}, {"symbol": "BTCUSDT", "bids": [[90243.2, 6.216], [90243.1, 0.004], [90243.0, 0.115], [90242.9, 0.006], [90242.8, 0.002], [90242.6, 0.064], [90242.5, 0.162], [90242.4, 0.003], [90242.3, 0.002], [90242.2, 0.011], [90242.1, 0.002], [90242.0, 0.015], [90241.9, 0.113], [90241.6, 0.003], [90241.5, 0.002], [90241.3, 0.003], [90241.1, 0.111], [90241.0, 0.017], [90240.9, 0.003], [90240.6, 0.002]], "asks": [[90243.3, 10.679], [90243.4, 0.008], [90243.8, 0.003], [90244.1, 0.002], [90244.3, 0.003], [90244.5, 0.002], [90244.8, 0.003], [90245.2, 0.002], [90245.3, 0.003], [90245.4, 0.002], [90245.6, 0.029], [90245.7, 0.066], [90245.8, 0.012], [90245.9, 0.002], [90246.1, 0.003], [90246.3, 0.002], [90246.4, 0.003], [90246.5, 0.002], [90246.8, 0.005], [90247.1, 0.031]], "timestamp": "2025-12-11T11:34:35.019783+00:00"}, {"symbol": "BTCUSDT", "bids": [[90233.9, 5.738], [90233.8, 0.034], [90233.5, 0.002], [90233.4, 0.002], [90233.1, 0.166], [90233.0, 0.311], [90232.9, 0.002], [90232.8, 0.002], [90232.6, 0.017], [90232.4, 0.054], [90232.1, 0.003], [90232.0, 0.111], [90231.9, 0.003], [90231.8, 0.002], [90231.7, 0.003], [90231.6, 0.005], [90231.0, 0.003], [90230.9, 0.123], [90230.7, 0.003], [90230.5, 0.003]], "asks": [[90234.0, 5.965], [90234.1, 0.033], [90234.3, 0.002], [90234.6, 0.003], [90234.9, 0.011], [90235.1, 0.003], [90235.2, 0.005], [90235.5, 0.008], [90235.6, 0.003], [90235.7, 0.068], [90236.1, 0.002], [90236.2, 0.003], [90236.3, 0.003], [90236.4, 0.002], [90236.7, 0.074], [90236.8, 0.002], [90236.9, 0.012], [90237.0, 0.004], [90237.1, 0.002], [90237.2, 0.003]], "timestamp": "2025-12-11T11:35:33.485110+00:00"}, {"symbol": "BTCUSDT", "bids": [[90230.0, 7.199], [90229.9, 0.148], [90229.7, 0.008], [90229.5, 0.005], [90229.2, 0.111], [90229.0, 0.002], [90228.7, 0.003], [90228.6, 0.002], [90228.4, 0.127], [90228.3, 0.004], [90228.1, 0.002], [90228.0, 0.107], [90227.9, 0.217], [90227.8, 0.005], [90227.7, 0.005], [90227.4, 0.111], [90227.2, 0.005], [90227.1, 0.005], [90227.0, 0.012], [90226.9, 0.002]], "asks": [[90230.1, 4.671], [90230.2, 0.011], [90230.5, 0.066], [90231.0, 0.002], [90231.1, 0.003], [90231.8, 0.003], [90231.9, 0.002], [90232.0, 0.094], [90232.1, 0.284], [90232.2, 0.011], [90232.3, 0.003], [90232.8, 0.006], [90233.1, 0.077], [90233.6, 0.006], [90233.7, 0.002], [90233.9, 0.174], [90234.0, 0.037], [90234.2, 0.003], [90234.3, 0.003], [90234.5, 0.005]], "timestamp": "2025-12-11T11:36:32.960987+00:00"}, {"symbol": "BTCUSDT", "bids": [[90255.4, 13.239], [90255.3, 0.115], [90255.2, 0.005], [90255.0, 0.12], [90254.4, 0.004], [90254.3, 0.052], [90254.2, 0.003], [90254.1, 0.014], [90254.0, 0.112], [90253.9, 0.129], [90253.8, 0.058], [90253.6, 0.003], [90253.5, 0.002], [90253.2, 0.003], [90253.0, 0.003], [90252.5, 0.003], [90252.4, 0.005], [90252.3, 0.003], [90252.1, 0.003], [90252.0, 0.006]], "asks": [[90255.5, 3.83], [90255.6, 0.004], [90255.7, 0.003], [90255.8, 0.033], [90256.1, 0.055], [90256.2, 0.003], [90256.3, 0.33], [90256.5, 0.002], [90256.7, 0.005], [90257.1, 0.037], [90257.2, 0.003], [90257.5, 0.003], [90257.7, 0.003], [90257.8, 0.068], [90258.0, 0.267], [90258.1, 0.168], [90258.2, 0.019], [90258.3, 0.013], [90258.4, 0.039], [90258.5, 0.063]], "timestamp": "2025-12-11T11:37:33.245693+00:00"}, {"symbol": "BTCUSDT", "bids": [[90274.1, 6.235], [90274.0, 0.075], [90273.9, 0.006], [90273.8, 0.004], [90273.7, 0.012], [90273.5, 0.003], [90273.0, 0.003], [90272.8, 0.058], [90272.6, 0.16], [90272.5, 0.003], [90272.4, 0.002], [90272.2, 0.054], [90272.0, 0.005], [90271.8, 0.002], [90271.7, 0.016], [90271.5, 0.005], [90271.4, 0.003], [90271.1, 0.002], [90271.0, 0.003], [90270.8, 0.014]], "asks": [[90274.2, 6.844], [90274.3, 0.036], [90274.5, 0.007], [90274.6, 0.002], [90274.8, 0.002], [90275.0, 0.003], [90275.1, 0.003], [90275.2, 0.111], [90275.4, 0.012], [90275.5, 0.003], [90275.8, 0.008], [90275.9, 0.002], [90276.0, 0.114], [90276.2, 0.288], [90276.3, 0.276], [90276.4, 0.003], [90276.5, 0.007], [90276.7, 0.002], [90276.8, 0.014], [90276.9, 0.111]], "timestamp": "2025-12-11T11:38:32.878267+00:00"}, {"symbol": "BTCUSDT", "bids": [[90278.3, 2.021], [90278.2, 0.01], [90277.4, 0.005], [90277.0, 0.006], [90276.9, 0.034], [90276.5, 0.002], [90276.4, 0.005], [90276.1, 0.003], [90276.0, 0.002], [90275.9, 0.003], [90275.6, 0.016], [90275.4, 0.003], [90275.1, 0.002], [90275.0, 0.002], [90274.9, 0.003], [90274.8, 0.002], [90274.7, 0.011], [90274.5, 0.057], [90274.4, 0.002], [90274.3, 0.196]], "asks": [[90278.4, 8.284], [90278.5, 0.669], [90278.6, 0.027], [90278.7, 0.042], [90278.9, 0.002], [90279.0, 0.009], [90279.1, 0.002], [90279.2, 0.012], [90279.3, 0.111], [90279.5, 0.005], [90279.6, 0.011], [90279.9, 0.068], [90280.0, 0.011], [90280.1, 0.002], [90280.3, 0.113], [90280.4, 0.552], [90280.5, 0.894], [90280.7, 0.017], [90280.8, 0.088], [90280.9, 0.002]], "timestamp": "2025-12-11T11:39:31.735437+00:00"}, {"symbol": "BTCUSDT", "bids": [[90274.4, 8.068], [90274.3, 0.473], [90274.2, 1.328], [90274.1, 0.774], [90274.0, 0.002], [90273.8, 0.002], [90273.7, 0.012], [90273.6, 0.044], [90273.5, 0.111], [90273.4, 0.002], [90273.3, 0.005], [90273.2, 0.003], [90273.1, 0.015], [90272.9, 0.002], [90272.8, 0.111], [90272.5, 0.003], [90272.4, 0.007], [90272.2, 0.014], [90272.1, 0.003], [90272.0, 0.006]], "asks": [[90274.5, 4.801], [90274.6, 0.006], [90274.7, 0.002], [90275.1, 0.003], [90275.3, 0.007], [90275.6, 0.016], [90275.9, 0.008], [90276.2, 0.003], [90276.5, 0.002], [90276.7, 0.003], [90276.8, 0.019], [90277.2, 0.003], [90277.6, 0.005], [90277.7, 0.009], [90277.9, 0.008], [90278.0, 0.002], [90278.2, 0.015], [90278.3, 0.002], [90278.4, 0.002], [90278.5, 0.003]], "timestamp": "2025-12-11T11:40:28.995153+00:00"}, {"symbol": "BTCUSDT", "bids": [[90260.4, 5.975], [90260.3, 0.007], [90260.0, 0.004], [90259.9, 0.003], [90259.8, 0.092], [90259.7, 0.111], [90259.5, 0.002], [90259.2, 0.005], [90258.9, 0.113], [90258.6, 0.011], [90258.3, 0.014], [90258.2, 0.114], [90258.0, 0.002], [90257.9, 0.003], [90257.8, 0.002], [90257.7, 0.002], [90257.5, 0.01], [90257.4, 0.003], [90257.3, 0.002], [90257.1, 0.005]], "asks": [[90260.5, 15.768], [90260.6, 0.008], [90260.7, 0.007], [90260.8, 0.05], [90261.0, 0.004], [90261.2, 0.059], [90261.3, 0.003], [90261.5, 0.002], [90261.6, 0.05], [90261.8, 0.003], [90262.1, 0.002], [90262.4, 0.002], [90262.6, 0.003], [90262.8, 0.006], [90262.9, 0.006], [90263.0, 0.012], [90263.2, 0.005], [90263.3, 0.002], [90263.6, 0.004], [90263.7, 0.015]], "timestamp": "2025-12-11T11:41:26.676317+00:00"}, {"symbol": "BTCUSDT", "bids": [[90220.4, 2.401], [90220.3, 0.002], [90220.1, 0.003], [90220.0, 0.02], [90219.6, 0.005], [90219.5, 0.015], [90219.3, 0.493], [90219.1, 0.005], [90218.6, 0.005], [90218.5, 0.018], [90218.4, 0.015], [90218.3, 0.003], [90218.2, 0.002], [90218.1, 0.337], [90217.8, 0.002], [90217.6, 0.003], [90217.4, 0.002], [90217.3, 0.005], [90217.2, 0.015], [90217.1, 0.005]], "asks": [[90220.5, 20.345], [90220.6, 1.49], [90220.7, 1.371], [90220.8, 0.002], [90220.9, 0.003], [90221.2, 6.412], [90221.4, 0.003], [90221.6, 0.002], [90221.7, 0.003], [90221.8, 1.0], [90221.9, 0.396], [90222.3, 0.002], [90222.5, 0.002], [90222.6, 1.0], [90222.7, 0.283], [90222.8, 0.003], [90222.9, 0.006], [90223.0, 0.166], [90223.2, 0.003], [90223.6, 0.832]], "timestamp": "2025-12-11T11:42:23.707915+00:00"}, {"symbol": "BTCUSDT", "bids": [[90188.6, 1.803], [90188.5, 0.004], [90188.1, 0.111], [90188.0, 0.11], [90187.8, 0.14], [90187.5, 0.012], [90187.3, 0.111], [90186.4, 0.003], [90186.2, 0.111], [90186.0, 0.012], [90185.6, 0.049], [90185.5, 0.136], [90185.4, 0.113], [90185.2, 0.002], [90185.1, 0.005], [90185.0, 0.061], [90184.8, 0.054], [90184.6, 0.02], [90184.5, 0.117], [90184.4, 0.011]], "asks": [[90188.7, 11.137], [90188.8, 0.013], [90188.9, 0.009], [90189.0, 0.007], [90189.1, 0.007], [90189.2, 0.003], [90189.3, 0.006], [90189.4, 0.005], [90189.5, 0.002], [90189.8, 0.005], [90189.9, 0.035], [90190.0, 0.014], [90190.1, 0.002], [90190.3, 0.008], [90190.5, 0.011], [90190.7, 0.079], [90190.8, 0.038], [90190.9, 0.003], [90191.0, 0.003], [90191.2, 0.002]], "timestamp": "2025-12-11T11:43:21.423145+00:00"}, {"symbol": "BTCUSDT", "bids": [[90208.8, 14.608], [90208.7, 0.012], [90208.6, 0.066], [90208.4, 0.002], [90208.2, 0.111], [90207.8, 0.185], [90207.6, 0.002], [90207.5, 0.111], [90207.3, 0.214], [90207.2, 0.098], [90207.1, 0.007], [90207.0, 0.007], [90206.9, 0.04], [90206.6, 0.003], [90206.5, 0.113], [90206.0, 0.005], [90205.9, 0.002], [90205.8, 0.002], [90205.7, 0.017], [90205.6, 0.002]], "asks": [[90208.9, 5.804], [90209.0, 0.004], [90209.1, 0.055], [90209.2, 0.005], [90209.3, 0.002], [90209.7, 0.002], [90209.9, 0.078], [90210.0, 0.002], [90210.1, 0.005], [90210.2, 0.011], [90210.4, 0.002], [90210.5, 0.003], [90210.6, 0.037], [90210.8, 0.006], [90210.9, 0.003], [90211.2, 0.076], [90211.3, 0.002], [90211.4, 0.008], [90211.5, 0.007], [90211.6, 0.021]], "timestamp": "2025-12-11T11:44:18.950458+00:00"}, {"symbol": "BTCUSDT", "bids": [[90203.0, 5.191], [90202.9, 0.975], [90202.7, 2.909], [90202.6, 0.8], [90202.5, 0.809], [90202.1, 0.002], [90202.0, 0.005], [90201.7, 0.003], [90201.6, 0.002], [90201.5, 0.121], [90201.4, 0.002], [90201.3, 0.098], [90201.2, 0.002], [90201.1, 0.012], [90201.0, 0.006], [90200.7, 0.482], [90200.6, 0.002], [90200.5, 0.006], [90200.3, 0.014], [90200.0, 10.191]], "asks": [[90203.1, 6.349], [90203.2, 0.006], [90203.3, 0.012], [90203.7, 0.003], [90203.8, 0.002], [90203.9, 0.008], [90204.1, 0.002], [90204.4, 0.003], [90204.5, 0.018], [90204.7, 0.002], [90204.8, 0.012], [90205.0, 0.215], [90205.1, 0.276], [90205.2, 0.005], [90205.3, 0.003], [90205.5, 0.003], [90205.6, 0.002], [90205.7, 0.003], [90205.9, 0.005], [90206.0, 0.003]], "timestamp": "2025-12-11T11:45:18.225921+00:00"}, {"symbol": "BTCUSDT", "bids": [[90209.7, 4.337], [90209.6, 0.042], [90209.4, 0.043], [90209.3, 0.006], [90209.2, 0.003], [90209.1, 0.071], [90208.7, 0.038], [90208.5, 0.054], [90208.4, 0.1], [90208.3, 0.002], [90208.2, 0.014], [90208.1, 0.111], [90208.0, 0.017], [90207.9, 0.006], [90207.7, 0.003], [90207.6, 0.002], [90207.5, 0.002], [90207.3, 0.005], [90207.1, 0.003], [90207.0, 0.009]], "asks": [[90209.8, 5.726], [90209.9, 0.016], [90210.0, 0.185], [90210.4, 0.005], [90210.6, 0.055], [90210.8, 0.382], [90210.9, 0.404], [90211.2, 0.008], [90211.3, 0.002], [90211.4, 0.003], [90211.5, 0.013], [90211.6, 0.111], [90211.9, 0.003], [90212.1, 0.003], [90212.3, 0.002], [90212.4, 0.037], [90212.5, 0.111], [90212.9, 0.003], [90213.0, 0.003], [90213.2, 0.002]], "timestamp": "2025-12-11T11:46:17.145271+00:00"}, {"symbol": "BTCUSDT", "bids": [[90194.7, 9.97], [90194.6, 0.006], [90194.3, 0.002], [90194.1, 0.029], [90194.0, 0.326], [90193.7, 0.123], [90193.6, 0.002], [90193.5, 0.135], [90193.4, 0.003], [90192.9, 0.003], [90192.5, 0.003], [90192.4, 0.005], [90191.9, 0.002], [90191.8, 0.003], [90191.7, 0.002], [90191.6, 0.006], [90191.3, 0.006], [90191.1, 0.11], [90191.0, 0.005], [90190.8, 0.004]], "asks": [[90194.8, 2.823], [90194.9, 0.007], [90195.0, 0.003], [90195.1, 0.005], [90195.3, 0.011], [90195.4, 0.003], [90195.5, 0.004], [90195.7, 0.004], [90195.9, 0.003], [90196.0, 0.004], [90196.2, 0.079], [90196.4, 0.003], [90196.6, 0.002], [90196.8, 0.002], [90196.9, 0.002], [90197.0, 0.005], [90197.1, 0.607], [90197.2, 0.003], [90197.5, 0.007], [90197.8, 0.004]], "timestamp": "2025-12-11T11:47:17.126309+00:00"}, {"symbol": "BTCUSDT", "bids": [[90188.7, 2.799], [90188.6, 0.011], [90188.5, 0.002], [90188.3, 0.003], [90188.1, 0.222], [90188.0, 0.508], [90187.9, 0.059], [90187.8, 0.002], [90187.6, 0.003], [90187.4, 0.002], [90187.2, 0.002], [90187.0, 0.002], [90186.9, 0.002], [90186.7, 0.003], [90186.6, 0.003], [90186.3, 0.113], [90186.1, 0.003], [90186.0, 0.007], [90185.9, 0.002], [90185.8, 0.003]], "asks": [[90188.8, 15.427], [90188.9, 0.401], [90189.0, 0.011], [90189.1, 0.003], [90189.2, 0.003], [90189.3, 0.003], [90189.4, 0.008], [90189.5, 0.003], [90189.7, 0.111], [90189.8, 0.002], [90190.1, 0.015], [90190.2, 0.004], [90190.5, 0.111], [90190.6, 0.004], [90190.7, 0.002], [90190.8, 0.013], [90191.0, 0.003], [90191.1, 0.003], [90191.3, 0.111], [90191.5, 0.036]], "timestamp": "2025-12-11T11:48:14.677702+00:00"}, {"symbol": "BTCUSDT", "bids": [[90194.0, 8.316], [90193.9, 0.006], [90193.7, 0.21], [90193.6, 0.593], [90193.5, 0.005], [90193.2, 0.003], [90192.9, 0.002], [90192.7, 0.114], [90192.6, 0.057], [90192.2, 0.019], [90192.0, 0.124], [90191.9, 0.002], [90191.7, 0.005], [90191.3, 0.116], [90191.2, 0.008], [90190.9, 0.005], [90190.8, 0.015], [90190.6, 0.012], [90190.4, 0.038], [90190.3, 0.116]], "asks": [[90194.1, 4.33], [90194.2, 0.01], [90194.6, 0.003], [90195.1, 0.005], [90195.6, 0.003], [90196.0, 0.006], [90196.1, 0.003], [90196.3, 0.015], [90196.7, 0.003], [90196.8, 0.033], [90196.9, 0.002], [90197.1, 0.057], [90197.2, 0.282], [90197.3, 0.002], [90197.7, 0.003], [90198.0, 0.004], [90198.1, 0.447], [90198.2, 0.002], [90198.4, 0.003], [90198.7, 0.011]], "timestamp": "2025-12-11T11:49:11.764821+00:00"}, {"symbol": "BTCUSDT", "bids": [[90200.7, 3.118], [90200.6, 0.134], [90200.3, 0.002], [90199.7, 0.002], [90199.0, 0.003], [90198.8, 0.028], [90198.7, 0.035], [90198.5, 0.118], [90198.4, 0.003], [90198.0, 0.019], [90197.8, 0.003], [90197.7, 0.111], [90197.6, 0.002], [90197.5, 0.033], [90197.4, 0.003], [90197.1, 0.173], [90197.0, 0.115], [90196.9, 0.005], [90196.8, 0.003], [90196.7, 0.002]], "asks": [[90200.8, 6.53], [90200.9, 0.282], [90201.1, 0.017], [90201.4, 0.002], [90201.5, 0.008], [90201.6, 0.003], [90201.7, 0.388], [90201.8, 0.515], [90201.9, 0.075], [90202.0, 0.004], [90202.1, 0.008], [90202.3, 0.002], [90202.5, 0.002], [90202.6, 0.012], [90202.8, 0.055], [90202.9, 0.004], [90203.0, 0.003], [90203.3, 0.003], [90203.5, 0.004], [90203.6, 0.171]], "timestamp": "2025-12-11T11:50:08.286915+00:00"}, {"symbol": "BTCUSDT", "bids": [[90181.2, 0.646], [90181.1, 0.002], [90180.6, 0.005], [90180.0, 0.009], [90179.7, 0.002], [90179.5, 0.003], [90179.2, 0.008], [90179.0, 0.01], [90178.9, 0.002], [90178.8, 0.002], [90178.7, 0.002], [90178.3, 0.003], [90178.1, 0.002], [90178.0, 0.003], [90177.9, 0.004], [90177.8, 0.009], [90177.7, 0.002], [90177.6, 0.003], [90177.4, 0.124], [90177.3, 0.005]], "asks": [[90181.3, 15.551], [90181.4, 0.007], [90181.7, 0.002], [90181.8, 0.114], [90182.3, 0.003], [90182.4, 0.004], [90182.6, 0.113], [90182.7, 0.066], [90182.8, 0.003], [90183.1, 0.248], [90183.2, 0.002], [90183.3, 0.003], [90183.5, 0.379], [90183.6, 1.036], [90183.7, 1.14], [90183.8, 0.006], [90183.9, 0.221], [90184.0, 0.008], [90184.1, 0.005], [90184.4, 0.003]], "timestamp": "2025-12-11T11:51:05.339208+00:00"}, {"symbol": "BTCUSDT", "bids": [[90188.5, 12.326], [90188.4, 0.007], [90188.3, 0.006], [90188.2, 0.003], [90188.0, 0.004], [90187.8, 0.002], [90187.7, 0.111], [90187.2, 0.005], [90187.1, 0.066], [90187.0, 0.498], [90186.9, 1.0], [90186.8, 1.192], [90186.7, 0.13], [90186.5, 0.002], [90186.3, 0.028], [90186.2, 0.002], [90185.8, 0.005], [90185.6, 0.006], [90185.4, 0.003], [90185.2, 0.002]], "asks": [[90188.6, 3.189], [90188.7, 0.004], [90189.0, 0.004], [90189.3, 0.003], [90189.4, 0.002], [90189.5, 0.002], [90189.6, 0.003], [90190.1, 0.003], [90190.5, 0.002], [90190.8, 0.008], [90191.6, 0.008], [90191.7, 0.008], [90191.8, 0.002], [90192.2, 0.003], [90192.5, 0.002], [90192.6, 0.005], [90192.7, 0.003], [90193.2, 0.012], [90193.3, 0.005], [90193.5, 0.066]], "timestamp": "2025-12-11T11:52:02.447798+00:00"}, {"symbol": "BTCUSDT", "bids": [[90207.5, 15.133], [90207.4, 0.007], [90207.3, 0.003], [90207.2, 0.196], [90207.0, 0.118], [90206.9, 0.002], [90206.8, 0.012], [90206.6, 0.002], [90206.5, 0.033], [90206.2, 0.111], [90206.1, 0.003], [90206.0, 0.004], [90205.9, 0.003], [90205.7, 0.002], [90205.5, 0.003], [90205.3, 0.003], [90205.2, 0.123], [90205.1, 0.066], [90205.0, 0.005], [90204.8, 0.007]], "asks": [[90207.6, 5.475], [90207.7, 0.004], [90207.8, 0.011], [90208.0, 0.003], [90208.1, 0.055], [90208.3, 0.002], [90208.5, 0.003], [90208.6, 0.278], [90208.7, 0.002], [90209.0, 0.343], [90209.1, 0.663], [90209.2, 0.17], [90209.3, 0.002], [90209.4, 0.012], [90209.5, 0.005], [90209.7, 0.112], [90209.8, 0.283], [90209.9, 0.003], [90210.0, 0.499], [90210.1, 0.004]], "timestamp": "2025-12-11T11:52:59.677939+00:00"}, {"symbol": "BTCUSDT", "bids": [[90203.5, 17.378], [90203.4, 0.004], [90203.0, 0.002], [90202.5, 0.002], [90202.4, 0.618], [90202.3, 1.0], [90202.2, 0.457], [90202.1, 0.005], [90202.0, 0.005], [90201.9, 0.003], [90201.8, 0.003], [90201.7, 0.006], [90201.6, 1.002], [90201.5, 0.113], [90201.4, 0.002], [90201.3, 0.049], [90201.2, 0.003], [90201.1, 1.0], [90200.7, 0.042], [90200.6, 0.132]], "asks": [[90203.6, 4.079], [90203.7, 0.005], [90203.8, 0.002], [90204.2, 0.003], [90204.3, 0.002], [90204.5, 0.002], [90204.7, 0.003], [90204.8, 0.024], [90205.2, 0.003], [90205.6, 0.002], [90205.7, 0.015], [90205.8, 0.003], [90205.9, 0.002], [90206.1, 0.002], [90206.2, 0.002], [90206.3, 0.003], [90206.4, 0.003], [90206.5, 0.094], [90206.7, 0.003], [90206.8, 0.189]], "timestamp": "2025-12-11T11:53:56.178714+00:00"}, {"symbol": "BTCUSDT", "bids": [[90204.9, 12.187], [90204.8, 0.009], [90204.0, 0.2], [90203.7, 0.005], [90203.3, 0.002], [90203.2, 0.003], [90203.0, 0.002], [90202.7, 0.006], [90202.6, 0.033], [90202.5, 0.024], [90202.0, 0.005], [90201.9, 0.002], [90201.8, 0.003], [90201.7, 0.002], [90201.6, 1.701], [90201.5, 0.296], [90201.4, 0.004], [90201.2, 0.003], [90200.9, 0.011], [90200.8, 0.003]], "asks": [[90205.0, 6.572], [90205.1, 0.004], [90205.2, 0.055], [90205.3, 0.002], [90205.4, 0.003], [90205.6, 0.278], [90205.9, 0.003], [90206.0, 0.003], [90206.2, 0.003], [90206.5, 0.002], [90206.6, 0.003], [90207.0, 0.008], [90207.1, 0.005], [90207.3, 0.003], [90207.4, 0.002], [90207.6, 0.002], [90208.0, 0.125], [90208.1, 0.066], [90208.5, 0.009], [90208.8, 0.113]], "timestamp": "2025-12-11T11:54:52.528866+00:00"}, {"symbol": "BTCUSDT", "bids": [[90200.2, 0.6], [90200.1, 0.005], [90199.8, 0.033], [90199.7, 0.002], [90199.6, 0.005], [90199.4, 0.002], [90199.1, 0.003], [90199.0, 0.174], [90198.9, 0.005], [90198.8, 0.005], [90198.7, 0.011], [90198.5, 0.002], [90198.4, 0.003], [90198.2, 0.002], [90198.0, 0.007], [90197.9, 0.005], [90197.5, 0.008], [90197.4, 0.064], [90197.3, 0.002], [90197.1, 0.087]], "asks": [[90200.3, 21.237], [90200.4, 1.861], [90200.5, 0.004], [90200.7, 0.111], [90200.8, 0.006], [90201.0, 0.818], [90201.1, 0.005], [90201.4, 0.002], [90201.6, 0.803], [90201.7, 0.111], [90201.8, 0.003], [90201.9, 1.0], [90202.0, 0.004], [90202.1, 0.803], [90202.2, 0.002], [90202.5, 0.059], [90202.6, 0.129], [90203.1, 0.003], [90203.4, 0.003], [90203.8, 0.002]], "timestamp": "2025-12-11T11:55:48.959831+00:00"}, {"symbol": "BTCUSDT", "bids": [[90196.0, 1.503], [90195.9, 0.004], [90195.8, 0.044], [90195.7, 0.003], [90195.6, 0.002], [90195.5, 0.004], [90195.3, 0.011], [90194.9, 0.002], [90194.8, 0.003], [90194.7, 0.002], [90194.6, 0.111], [90194.3, 0.026], [90194.2, 0.009], [90194.0, 0.004], [90193.8, 0.111], [90193.7, 0.003], [90193.6, 0.012], [90193.5, 0.006], [90193.4, 0.003], [90193.3, 0.002]], "asks": [[90196.1, 15.95], [90196.2, 0.008], [90196.3, 0.002], [90196.4, 0.002], [90196.6, 0.005], [90196.7, 0.111], [90196.9, 0.317], [90197.1, 0.005], [90197.2, 0.463], [90197.3, 0.002], [90197.5, 0.113], [90197.6, 0.003], [90197.8, 0.002], [90198.0, 0.059], [90198.1, 0.003], [90198.3, 0.003], [90198.4, 0.002], [90198.6, 0.033], [90198.7, 0.005], [90199.2, 0.113]], "timestamp": "2025-12-11T11:56:44.475800+00:00"}, {"symbol": "BTCUSDT", "bids": [[90215.5, 2.739], [90215.4, 0.025], [90215.2, 0.012], [90215.0, 0.134], [90214.9, 0.775], [90214.6, 0.002], [90214.4, 0.003], [90214.1, 0.002], [90213.9, 0.003], [90213.8, 0.012], [90213.4, 0.003], [90213.3, 0.003], [90213.2, 0.005], [90212.9, 0.003], [90212.8, 0.111], [90212.5, 0.002], [90212.4, 0.003], [90212.3, 0.004], [90212.1, 0.003], [90211.8, 0.012]], "asks": [[90215.6, 6.833], [90215.7, 0.004], [90215.9, 0.003], [90216.0, 0.05], [90216.2, 0.004], [90216.3, 0.002], [90216.4, 0.003], [90216.5, 0.596], [90216.6, 0.772], [90216.7, 0.186], [90216.8, 0.003], [90216.9, 0.014], [90217.0, 0.015], [90217.1, 0.185], [90217.2, 0.04], [90217.4, 0.006], [90217.6, 0.005], [90217.8, 0.002], [90217.9, 0.003], [90218.0, 0.063]], "timestamp": "2025-12-11T11:57:41.826312+00:00"}, {"symbol": "BTCUSDT", "bids": [[90217.5, 4.568], [90217.4, 0.012], [90217.3, 0.002], [90217.0, 0.115], [90216.7, 0.005], [90216.6, 0.003], [90216.4, 0.002], [90216.1, 0.003], [90216.0, 0.018], [90215.9, 0.002], [90215.8, 0.044], [90215.6, 0.005], [90215.5, 0.002], [90215.3, 0.003], [90215.1, 0.033], [90215.0, 0.004], [90214.8, 0.003], [90214.7, 0.006], [90214.6, 0.002], [90214.4, 0.003]], "asks": [[90217.6, 5.252], [90217.7, 0.004], [90217.8, 0.002], [90217.9, 0.003], [90218.0, 0.058], [90218.1, 0.76], [90218.3, 0.33], [90218.4, 0.007], [90218.5, 0.017], [90218.6, 0.003], [90218.8, 0.553], [90218.9, 0.039], [90219.0, 0.002], [90219.1, 0.012], [90219.2, 0.055], [90219.3, 0.002], [90219.4, 0.01], [90219.5, 0.008], [90219.6, 0.111], [90219.9, 0.189]], "timestamp": "2025-12-11T11:58:40.381599+00:00"}, {"symbol": "BTCUSDT", "bids": [[90207.0, 7.066], [90206.9, 0.009], [90206.8, 0.017], [90206.5, 0.035], [90206.2, 0.012], [90206.1, 0.134], [90206.0, 0.012], [90205.8, 0.006], [90205.7, 0.162], [90205.6, 0.111], [90205.5, 0.003], [90205.2, 0.004], [90205.1, 0.005], [90205.0, 0.034], [90204.9, 0.003], [90204.8, 0.024], [90204.7, 0.116], [90204.6, 0.002], [90204.3, 0.048], [90203.9, 0.116]], "asks": [[90207.1, 4.153], [90207.2, 0.004], [90207.4, 0.002], [90207.6, 0.003], [90207.7, 0.046], [90208.1, 0.003], [90208.3, 0.002], [90208.6, 0.003], [90209.0, 0.002], [90209.1, 0.003], [90209.3, 0.015], [90209.4, 0.003], [90209.5, 0.111], [90209.8, 0.003], [90210.0, 0.034], [90210.1, 0.004], [90210.2, 0.237], [90210.3, 0.002], [90210.5, 0.003], [90210.6, 0.111]], "timestamp": "2025-12-11T11:59:36.592749+00:00"}, {"symbol": "BTCUSDT", "bids": [[90187.1, 15.749], [90187.0, 0.009], [90186.9, 0.178], [90186.8, 0.002], [90186.7, 0.292], [90186.6, 0.002], [90186.3, 0.003], [90185.7, 0.003], [90185.6, 0.003], [90185.3, 0.011], [90185.2, 0.002], [90185.0, 0.005], [90184.9, 1.005], [90184.8, 0.114], [90184.7, 0.01], [90184.5, 0.029], [90184.2, 0.111], [90184.0, 0.015], [90183.8, 0.003], [90183.6, 0.144]], "asks": [[90187.2, 0.345], [90187.3, 0.005], [90187.6, 0.002], [90187.7, 0.002], [90187.8, 0.006], [90188.1, 0.002], [90188.3, 0.003], [90188.5, 0.003], [90188.7, 0.006], [90188.8, 0.003], [90188.9, 0.002], [90189.0, 0.004], [90189.1, 0.006], [90189.4, 0.002], [90189.5, 0.002], [90189.6, 0.002], [90189.7, 0.003], [90190.0, 0.005], [90190.1, 0.033], [90190.2, 0.005]], "timestamp": "2025-12-11T12:00:33.670692+00:00"}, {"symbol": "BTCUSDT", "bids": [[90189.6, 6.199], [90189.5, 0.06], [90189.0, 0.071], [90188.7, 0.111], [90188.6, 0.002], [90188.1, 0.005], [90187.9, 0.111], [90187.8, 0.002], [90187.7, 0.084], [90187.6, 0.017], [90187.4, 0.003], [90187.2, 0.004], [90187.1, 0.125], [90186.9, 0.002], [90186.6, 0.003], [90186.5, 0.003], [90186.3, 0.146], [90186.2, 0.012], [90186.0, 0.005], [90185.8, 0.003]], "asks": [[90189.7, 7.645], [90189.8, 0.109], [90190.1, 0.016], [90190.2, 0.005], [90190.3, 0.002], [90190.5, 0.002], [90190.7, 0.005], [90190.8, 0.004], [90190.9, 0.003], [90191.2, 0.025], [90191.4, 0.002], [90191.5, 0.002], [90191.6, 0.002], [90191.7, 0.015], [90192.1, 0.033], [90192.2, 0.002], [90192.4, 0.071], [90192.6, 0.003], [90192.7, 0.002], [90192.8, 0.002]], "timestamp": "2025-12-11T12:01:30.885502+00:00"}, {"symbol": "BTCUSDT", "bids": [[90189.5, 10.301], [90189.4, 0.007], [90189.1, 0.181], [90189.0, 0.004], [90188.9, 0.05], [90188.8, 0.492], [90188.7, 0.123], [90188.6, 0.005], [90188.2, 0.003], [90188.1, 0.002], [90188.0, 0.002], [90187.5, 0.053], [90187.4, 0.003], [90187.3, 0.003], [90187.1, 0.142], [90187.0, 0.052], [90186.9, 0.007], [90186.4, 0.003], [90186.2, 0.006], [90185.9, 0.111]], "asks": [[90189.6, 4.626], [90189.7, 0.46], [90190.0, 0.035], [90190.1, 0.016], [90190.2, 0.049], [90190.3, 0.224], [90190.7, 0.005], [90190.8, 0.059], [90190.9, 0.003], [90191.2, 0.016], [90191.4, 0.002], [90191.5, 0.014], [90191.6, 0.002], [90191.7, 0.036], [90191.8, 0.003], [90191.9, 0.011], [90192.1, 0.002], [90192.2, 0.002], [90192.3, 0.069], [90192.4, 0.003]], "timestamp": "2025-12-11T12:02:27.680190+00:00"}, {"symbol": "BTCUSDT", "bids": [[90174.0, 3.689], [90173.9, 0.01], [90173.8, 0.093], [90173.7, 0.013], [90173.5, 0.003], [90173.0, 0.014], [90172.8, 0.002], [90172.5, 0.008], [90172.4, 0.002], [90172.0, 0.003], [90171.9, 0.01], [90171.8, 0.058], [90171.5, 0.003], [90171.4, 0.011], [90171.2, 0.002], [90171.0, 0.131], [90170.9, 0.012], [90170.7, 0.003], [90170.5, 0.005], [90170.2, 0.111]], "asks": [[90174.1, 21.042], [90174.2, 0.522], [90174.4, 0.003], [90174.5, 0.002], [90174.7, 0.002], [90174.8, 0.038], [90174.9, 0.069], [90175.0, 0.005], [90175.1, 0.002], [90175.4, 0.002], [90175.5, 0.128], [90176.0, 0.005], [90176.2, 0.111], [90176.3, 0.002], [90176.4, 0.003], [90176.6, 0.013], [90176.7, 0.002], [90176.8, 0.002], [90176.9, 0.002], [90177.0, 0.289]], "timestamp": "2025-12-11T12:03:25.510097+00:00"}, {"symbol": "BTCUSDT", "bids": [[90195.2, 7.458], [90195.1, 0.76], [90195.0, 0.755], [90194.9, 0.125], [90194.8, 0.002], [90194.5, 0.003], [90194.3, 0.055], [90193.8, 0.003], [90193.6, 0.002], [90193.5, 0.035], [90193.4, 1.0], [90193.3, 0.228], [90193.2, 0.002], [90193.0, 0.003], [90192.8, 0.197], [90192.7, 0.123], [90192.2, 0.057], [90192.1, 0.003], [90192.0, 0.002], [90191.8, 1.0]], "asks": [[90195.3, 2.471], [90195.4, 0.075], [90195.5, 0.043], [90195.7, 0.002], [90195.8, 0.011], [90195.9, 0.003], [90196.0, 0.002], [90196.2, 0.002], [90196.4, 0.003], [90196.6, 0.002], [90196.8, 0.002], [90196.9, 0.011], [90197.5, 0.003], [90197.6, 0.003], [90197.8, 0.002], [90198.0, 0.006], [90198.1, 0.009], [90198.2, 0.005], [90198.3, 0.077], [90198.4, 0.002]], "timestamp": "2025-12-11T12:04:22.228956+00:00"}, {"symbol": "BTCUSDT", "bids": [[90184.8, 3.38], [90184.7, 0.004], [90184.5, 0.004], [90184.4, 0.054], [90184.2, 0.005], [90183.7, 0.003], [90183.6, 0.002], [90183.4, 0.002], [90183.2, 0.003], [90182.9, 0.012], [90182.7, 0.003], [90182.6, 0.003], [90182.2, 0.003], [90181.6, 0.007], [90181.5, 0.002], [90181.2, 0.015], [90180.9, 0.003], [90180.8, 0.113], [90180.6, 0.002], [90180.4, 0.009]], "asks": [[90184.9, 6.764], [90185.0, 0.123], [90185.2, 0.005], [90185.4, 0.005], [90185.7, 0.002], [90185.8, 0.081], [90185.9, 0.116], [90186.1, 0.023], [90186.2, 0.002], [90186.3, 0.006], [90186.4, 0.003], [90186.5, 0.043], [90186.8, 0.113], [90186.9, 0.003], [90187.1, 0.002], [90187.4, 0.003], [90187.5, 0.007], [90187.6, 0.114], [90187.7, 0.014], [90188.0, 0.006]], "timestamp": "2025-12-11T12:05:20.083599+00:00"}, {"symbol": "BTCUSDT", "bids": [[90229.0, 5.66], [90228.9, 0.299], [90228.8, 0.072], [90228.7, 0.241], [90228.6, 0.059], [90228.4, 0.157], [90228.2, 0.111], [90228.1, 0.002], [90228.0, 0.002], [90227.8, 0.003], [90227.5, 0.002], [90227.4, 0.111], [90227.2, 0.014], [90227.0, 0.006], [90226.9, 0.287], [90226.7, 0.111], [90226.6, 0.002], [90226.4, 0.003], [90226.3, 0.002], [90226.1, 0.002]], "asks": [[90229.1, 4.429], [90229.2, 0.082], [90229.5, 0.045], [90229.6, 0.003], [90229.8, 0.002], [90230.1, 0.126], [90230.2, 0.003], [90230.5, 0.035], [90230.7, 0.005], [90231.0, 0.004], [90231.2, 0.003], [90231.3, 0.057], [90231.4, 0.002], [90231.5, 0.003], [90231.6, 0.015], [90231.7, 0.115], [90231.9, 0.002], [90232.0, 0.004], [90232.2, 0.006], [90232.3, 0.063]], "timestamp": "2025-12-11T12:06:15.832068+00:00"}, {"symbol": "BTCUSDT", "bids": [[90179.8, 4.546], [90179.7, 0.048], [90179.6, 0.003], [90179.3, 0.003], [90179.1, 0.003], [90178.8, 0.002], [90178.6, 0.006], [90178.4, 0.004], [90178.2, 0.033], [90178.1, 0.003], [90178.0, 0.002], [90177.9, 0.002], [90177.7, 0.011], [90177.6, 0.003], [90177.5, 0.003], [90177.3, 0.004], [90177.2, 0.003], [90177.1, 0.005], [90177.0, 0.013], [90176.8, 0.003]], "asks": [[90179.9, 10.002], [90180.0, 0.155], [90180.1, 0.009], [90180.2, 0.012], [90180.6, 0.003], [90181.1, 0.003], [90181.6, 0.003], [90181.7, 0.012], [90181.8, 0.033], [90182.1, 0.006], [90182.4, 0.002], [90182.6, 0.072], [90182.9, 0.113], [90183.0, 0.003], [90183.1, 0.005], [90183.2, 0.012], [90183.5, 0.002], [90183.6, 0.036], [90183.8, 0.111], [90183.9, 0.048]], "timestamp": "2025-12-11T12:07:11.523880+00:00"}, {"symbol": "BTCUSDT", "bids": [[90161.7, 4.829], [90161.6, 7.994], [90161.5, 0.01], [90161.2, 0.027], [90161.1, 0.188], [90161.0, 0.36], [90160.9, 0.01], [90160.8, 0.006], [90160.7, 0.003], [90160.6, 0.003], [90160.5, 0.002], [90160.3, 0.007], [90160.1, 0.003], [90160.0, 0.052], [90159.9, 0.002], [90159.7, 0.003], [90159.6, 0.016], [90159.5, 0.006], [90159.4, 0.007], [90159.2, 0.014]], "asks": [[90161.8, 6.05], [90161.9, 0.183], [90162.0, 0.037], [90162.2, 0.173], [90162.3, 0.114], [90162.4, 0.05], [90162.5, 0.002], [90162.6, 0.012], [90162.8, 0.003], [90162.9, 0.002], [90163.2, 0.055], [90163.3, 0.003], [90163.4, 0.002], [90163.5, 0.111], [90163.7, 0.004], [90163.8, 0.033], [90164.0, 0.003], [90164.1, 0.015], [90164.3, 0.002], [90164.4, 0.123]], "timestamp": "2025-12-11T12:08:06.242052+00:00"}, {"symbol": "BTCUSDT", "bids": [[90153.0, 5.217], [90152.9, 0.002], [90152.8, 0.002], [90152.7, 0.027], [90152.6, 0.013], [90152.4, 0.008], [90152.2, 0.002], [90152.1, 0.006], [90151.9, 0.002], [90151.7, 0.012], [90151.6, 0.003], [90151.4, 0.002], [90151.3, 0.113], [90151.1, 0.003], [90151.0, 0.002], [90150.7, 0.01], [90150.6, 0.006], [90150.5, 0.004], [90150.4, 0.002], [90150.3, 0.002]], "asks": [[90153.1, 10.159], [90153.2, 0.143], [90153.3, 0.006], [90153.4, 0.015], [90153.5, 0.006], [90153.6, 0.052], [90153.7, 0.107], [90153.8, 0.003], [90153.9, 0.005], [90154.0, 0.003], [90154.1, 0.003], [90154.2, 0.003], [90154.3, 0.003], [90154.4, 0.054], [90154.5, 0.113], [90154.6, 0.003], [90154.8, 0.068], [90154.9, 0.012], [90155.0, 0.004], [90155.2, 0.003]], "timestamp": "2025-12-11T12:09:01.597836+00:00"}, {"symbol": "BTCUSDT", "bids": [[90133.1, 1.059], [90133.0, 0.037], [90132.9, 0.003], [90132.4, 0.005], [90132.0, 0.002], [90131.9, 0.005], [90131.8, 0.003], [90131.7, 0.177], [90131.6, 0.002], [90131.2, 0.003], [90130.8, 0.002], [90130.7, 0.003], [90130.5, 0.06], [90130.2, 0.003], [90130.1, 0.027], [90130.0, 0.006], [90129.9, 0.012], [90129.7, 0.005], [90129.6, 0.003], [90129.1, 0.008]], "asks": [[90133.2, 29.255], [90133.3, 0.259], [90133.4, 0.002], [90133.7, 0.015], [90133.8, 0.002], [90133.9, 0.002], [90134.0, 0.003], [90134.2, 0.114], [90134.8, 0.004], [90134.9, 0.003], [90135.0, 0.273], [90135.1, 0.012], [90135.2, 0.05], [90135.3, 0.363], [90135.4, 0.772], [90135.5, 0.002], [90135.7, 0.002], [90135.8, 0.071], [90135.9, 0.127], [90136.0, 0.056]], "timestamp": "2025-12-11T12:09:56.935371+00:00"}, {"symbol": "BTCUSDT", "bids": [[90100.0, 15.157], [90099.9, 2.277], [90099.8, 0.005], [90099.6, 0.114], [90099.4, 0.002], [90099.3, 0.542], [90099.1, 0.03], [90099.0, 0.051], [90098.7, 0.111], [90098.6, 0.006], [90098.4, 0.016], [90098.1, 0.007], [90097.9, 0.111], [90097.8, 0.832], [90097.7, 0.003], [90097.6, 0.003], [90097.5, 0.03], [90097.4, 0.006], [90097.3, 0.03], [90097.2, 0.113]], "asks": [[90100.1, 3.809], [90100.2, 0.013], [90100.3, 0.003], [90100.7, 0.003], [90100.8, 0.05], [90101.0, 0.002], [90101.2, 0.003], [90101.5, 0.002], [90101.6, 0.05], [90101.9, 0.003], [90102.0, 0.004], [90102.1, 0.009], [90102.6, 0.006], [90103.1, 0.005], [90103.2, 0.014], [90103.3, 0.004], [90103.4, 0.003], [90103.5, 0.002], [90103.6, 0.003], [90103.7, 0.057]], "timestamp": "2025-12-11T12:10:51.788714+00:00"}, {"symbol": "BTCUSDT", "bids": [[90123.4, 10.709], [90123.3, 0.281], [90123.2, 0.002], [90123.0, 0.024], [90122.9, 0.111], [90122.8, 0.003], [90122.6, 0.147], [90122.3, 0.002], [90122.2, 0.054], [90122.1, 0.003], [90121.9, 0.002], [90121.8, 0.007], [90121.7, 0.113], [90121.5, 0.002], [90121.4, 0.005], [90121.3, 0.012], [90121.1, 0.002], [90121.0, 0.002], [90120.9, 0.003], [90120.8, 0.004]], "asks": [[90123.5, 5.886], [90123.6, 0.036], [90123.7, 0.036], [90123.8, 0.003], [90123.9, 0.008], [90124.0, 0.384], [90124.1, 0.003], [90124.3, 0.005], [90124.4, 0.003], [90124.5, 0.006], [90124.9, 0.002], [90125.0, 0.009], [90125.1, 0.002], [90125.2, 0.002], [90125.5, 0.005], [90125.9, 0.005], [90126.0, 0.009], [90126.1, 0.005], [90126.2, 0.002], [90126.4, 0.004]], "timestamp": "2025-12-11T12:11:47.916281+00:00"}, {"symbol": "BTCUSDT", "bids": [[90126.8, 11.626], [90126.7, 0.234], [90126.6, 0.002], [90126.0, 0.004], [90125.9, 0.002], [90125.7, 0.012], [90125.3, 0.002], [90125.2, 0.003], [90125.1, 0.074], [90125.0, 0.115], [90124.6, 0.003], [90124.5, 0.003], [90124.2, 0.012], [90124.1, 0.003], [90123.7, 0.002], [90123.6, 0.01], [90123.5, 0.111], [90123.4, 0.002], [90123.2, 0.002], [90123.0, 0.051]], "asks": [[90126.9, 4.076], [90127.0, 0.024], [90127.3, 0.003], [90127.5, 0.027], [90127.6, 0.002], [90127.8, 0.003], [90127.9, 0.002], [90128.0, 0.004], [90128.3, 0.005], [90128.7, 0.006], [90128.8, 0.018], [90128.9, 0.003], [90129.2, 0.002], [90129.3, 0.002], [90129.4, 0.007], [90129.5, 0.003], [90129.6, 0.002], [90129.7, 0.014], [90129.9, 0.003], [90130.0, 0.002]], "timestamp": "2025-12-11T12:12:42.312451+00:00"}, {"symbol": "BTCUSDT", "bids": [[90145.2, 12.335], [90145.1, 0.232], [90145.0, 0.01], [90144.7, 0.002], [90144.2, 0.696], [90144.1, 1.004], [90144.0, 1.012], [90143.9, 0.92], [90143.8, 0.007], [90143.5, 0.003], [90143.4, 0.003], [90143.3, 0.002], [90143.2, 0.004], [90143.1, 0.003], [90143.0, 0.003], [90142.9, 1.002], [90142.8, 0.002], [90142.7, 0.044], [90142.6, 0.043], [90142.5, 0.003]], "asks": [[90145.3, 3.135], [90145.4, 0.015], [90145.5, 0.002], [90145.7, 0.011], [90145.8, 0.002], [90145.9, 0.003], [90146.5, 0.007], [90146.6, 0.003], [90146.7, 0.002], [90147.4, 0.002], [90147.5, 0.006], [90147.6, 0.002], [90147.7, 0.002], [90147.8, 0.002], [90148.0, 0.005], [90148.4, 0.003], [90148.5, 0.005], [90148.7, 0.033], [90148.8, 0.002], [90149.3, 0.076]], "timestamp": "2025-12-11T12:13:38.009224+00:00"}, {"symbol": "BTCUSDT", "bids": [[90145.2, 0.03], [90145.1, 0.002], [90145.0, 0.02], [90144.9, 0.005], [90144.7, 0.002], [90144.5, 0.046], [90144.1, 0.002], [90144.0, 0.004], [90143.9, 0.003], [90143.8, 0.002], [90143.5, 0.003], [90143.2, 0.002], [90143.1, 0.003], [90142.9, 0.002], [90142.5, 0.008], [90142.3, 0.002], [90142.2, 0.004], [90142.1, 0.068], [90142.0, 0.008], [90141.8, 0.006]], "asks": [[90145.3, 28.093], [90145.4, 0.431], [90145.5, 0.005], [90145.6, 0.003], [90145.7, 0.002], [90145.8, 0.111], [90146.0, 1.002], [90146.1, 0.401], [90146.2, 0.004], [90146.6, 0.111], [90146.7, 0.014], [90146.9, 0.003], [90147.4, 0.141], [90147.5, 0.003], [90147.6, 0.203], [90147.7, 1.11], [90147.8, 0.044], [90148.0, 0.002], [90148.1, 0.122], [90148.3, 0.003]], "timestamp": "2025-12-11T12:14:33.205277+00:00"}, {"symbol": "BTCUSDT", "bids": [[90189.9, 9.641], [90189.8, 0.237], [90189.5, 0.002], [90189.1, 0.003], [90189.0, 0.006], [90188.7, 0.111], [90188.6, 0.005], [90188.1, 0.06], [90188.0, 0.111], [90187.8, 0.002], [90187.7, 0.137], [90187.6, 0.003], [90187.2, 0.002], [90187.1, 0.111], [90187.0, 0.015], [90186.9, 0.002], [90186.8, 0.005], [90186.5, 0.026], [90186.4, 0.002], [90186.3, 0.004]], "asks": [[90190.0, 6.119], [90190.1, 0.051], [90190.2, 0.003], [90190.3, 0.002], [90190.7, 0.003], [90190.8, 0.004], [90191.0, 0.012], [90191.2, 0.016], [90191.3, 0.005], [90191.5, 0.027], [90191.6, 0.03], [90191.7, 0.003], [90191.9, 0.003], [90192.1, 0.002], [90192.2, 0.005], [90192.4, 0.086], [90192.5, 0.005], [90192.6, 0.013], [90192.7, 0.003], [90192.8, 0.005]], "timestamp": "2025-12-11T12:15:28.157603+00:00"}, {"symbol": "BTCUSDT", "bids": [[90153.3, 10.856], [90153.2, 0.004], [90153.1, 0.002], [90153.0, 0.026], [90152.8, 0.355], [90152.7, 0.019], [90152.6, 0.234], [90152.5, 0.003], [90151.9, 0.002], [90151.8, 0.005], [90151.7, 0.003], [90151.6, 0.002], [90151.5, 0.177], [90151.4, 0.002], [90151.3, 0.043], [90151.1, 0.126], [90150.8, 0.003], [90150.6, 1.085], [90150.5, 0.002], [90150.4, 0.003]], "asks": [[90153.4, 0.478], [90153.5, 0.004], [90153.6, 0.002], [90153.9, 0.003], [90154.2, 0.006], [90154.4, 0.003], [90154.7, 0.002], [90154.8, 0.014], [90154.9, 0.002], [90155.1, 0.003], [90155.3, 0.07], [90155.4, 0.004], [90155.6, 0.003], [90155.7, 0.002], [90155.9, 0.014], [90156.1, 0.006], [90156.2, 0.024], [90156.3, 0.004], [90156.5, 0.003], [90156.7, 0.003]], "timestamp": "2025-12-11T12:16:22.975420+00:00"}, {"symbol": "BTCUSDT", "bids": [[90165.7, 6.935], [90165.6, 0.006], [90165.4, 0.114], [90165.3, 0.002], [90165.0, 0.07], [90164.8, 0.003], [90164.7, 0.111], [90164.2, 0.012], [90164.1, 0.003], [90163.9, 0.111], [90163.6, 0.003], [90163.5, 0.003], [90163.0, 0.111], [90162.9, 0.003], [90162.8, 0.012], [90162.6, 0.002], [90162.3, 0.005], [90162.2, 0.111], [90162.1, 0.003], [90162.0, 0.008]], "asks": [[90165.8, 6.892], [90165.9, 0.016], [90166.0, 0.002], [90166.1, 0.016], [90166.2, 0.004], [90166.3, 0.003], [90166.5, 0.004], [90166.7, 0.005], [90166.8, 0.07], [90167.0, 0.211], [90167.1, 0.998], [90167.2, 0.002], [90167.3, 0.013], [90167.4, 0.057], [90167.5, 0.002], [90167.6, 0.015], [90167.8, 0.003], [90167.9, 0.016], [90168.1, 0.005], [90168.2, 0.002]], "timestamp": "2025-12-11T12:17:19.363724+00:00"}, {"symbol": "BTCUSDT", "bids": [[90155.6, 3.992], [90155.5, 0.006], [90155.4, 0.002], [90155.1, 0.219], [90155.0, 1.0], [90154.9, 0.002], [90154.8, 0.018], [90154.7, 0.123], [90154.6, 0.005], [90154.1, 0.003], [90154.0, 0.113], [90153.9, 0.002], [90153.8, 0.002], [90153.7, 0.058], [90153.3, 0.033], [90153.2, 0.012], [90153.1, 0.002], [90153.0, 0.075], [90152.9, 0.006], [90152.8, 0.113]], "asks": [[90155.7, 14.416], [90155.8, 0.021], [90155.9, 0.01], [90156.3, 0.002], [90156.4, 0.047], [90156.6, 0.002], [90156.9, 0.003], [90157.2, 0.002], [90157.3, 0.212], [90157.5, 0.009], [90157.6, 0.008], [90157.9, 0.003], [90158.1, 0.759], [90158.2, 0.002], [90158.4, 0.168], [90158.6, 0.012], [90158.7, 0.003], [90158.8, 0.003], [90159.1, 0.002], [90159.2, 0.006]], "timestamp": "2025-12-11T12:18:14.842625+00:00"}, {"symbol": "BTCUSDT", "bids": [[90130.9, 9.705], [90130.8, 0.004], [90130.7, 0.002], [90130.5, 0.111], [90130.4, 0.002], [90130.3, 0.002], [90130.2, 0.585], [90129.7, 0.123], [90129.2, 0.002], [90129.1, 0.003], [90128.6, 0.061], [90128.5, 0.004], [90128.4, 0.002], [90128.1, 0.005], [90128.0, 1.171], [90127.9, 1.755], [90127.8, 0.008], [90127.7, 0.114], [90127.5, 0.003], [90127.4, 0.012]], "asks": [[90131.0, 3.866], [90131.1, 0.016], [90131.2, 0.002], [90131.4, 0.054], [90132.1, 0.008], [90132.3, 0.003], [90132.4, 0.002], [90132.8, 0.002], [90132.9, 0.064], [90133.0, 0.002], [90133.1, 0.205], [90133.2, 0.052], [90133.3, 0.002], [90133.4, 0.043], [90133.5, 0.002], [90133.6, 0.003], [90133.8, 0.003], [90133.9, 0.018], [90134.1, 0.006], [90134.4, 0.003]], "timestamp": "2025-12-11T12:19:09.310952+00:00"}, {"symbol": "BTCUSDT", "bids": [[90142.9, 5.944], [90142.8, 0.009], [90142.3, 0.005], [90142.2, 0.004], [90142.0, 0.002], [90141.8, 0.003], [90141.6, 0.002], [90141.4, 0.002], [90141.3, 0.003], [90141.1, 0.054], [90141.0, 0.012], [90140.9, 0.002], [90140.8, 0.111], [90140.7, 0.003], [90140.6, 0.012], [90140.5, 0.005], [90140.2, 0.002], [90140.1, 0.008], [90140.0, 0.002], [90139.9, 0.284]], "asks": [[90143.0, 18.494], [90143.1, 0.014], [90143.2, 0.002], [90143.3, 0.003], [90143.8, 0.003], [90144.0, 0.059], [90144.4, 0.341], [90144.5, 0.007], [90144.7, 0.012], [90144.9, 0.013], [90145.0, 0.002], [90145.2, 0.003], [90145.3, 0.008], [90145.6, 0.109], [90145.7, 0.002], [90145.8, 0.006], [90145.9, 0.918], [90146.0, 0.018], [90146.1, 0.005], [90146.2, 0.014]], "timestamp": "2025-12-11T12:20:04.218463+00:00"}, {"symbol": "BTCUSDT", "bids": [[90192.2, 9.283], [90192.1, 0.043], [90192.0, 0.003], [90191.9, 0.012], [90191.5, 0.006], [90191.3, 0.002], [90191.0, 0.003], [90190.9, 0.015], [90190.8, 0.059], [90190.5, 0.003], [90190.4, 0.002], [90190.3, 0.002], [90190.0, 0.005], [90189.9, 0.002], [90189.6, 0.003], [90189.5, 0.019], [90189.4, 0.004], [90189.0, 0.008], [90188.9, 0.598], [90188.8, 1.456]], "asks": [[90192.3, 0.071], [90192.4, 0.002], [90192.5, 0.002], [90192.7, 0.011], [90192.9, 0.008], [90193.0, 0.003], [90193.4, 0.017], [90193.5, 0.007], [90193.6, 0.003], [90193.7, 0.002], [90193.9, 0.003], [90194.0, 0.026], [90194.1, 0.004], [90194.2, 0.002], [90194.3, 0.033], [90194.4, 0.077], [90194.5, 0.003], [90194.6, 0.005], [90195.0, 0.007], [90195.1, 0.002]], "timestamp": "2025-12-11T12:20:59.946893+00:00"}, {"symbol": "BTCUSDT", "bids": [[90260.2, 6.232], [90260.1, 0.008], [90260.0, 0.169], [90259.8, 0.297], [90259.7, 0.003], [90259.5, 0.094], [90259.4, 0.003], [90259.3, 0.003], [90259.2, 0.056], [90259.1, 0.058], [90259.0, 0.057], [90258.9, 0.128], [90258.8, 0.003], [90258.7, 0.006], [90258.6, 0.007], [90258.5, 0.003], [90258.3, 0.002], [90258.2, 0.003], [90258.0, 0.007], [90257.7, 0.008]], "asks": [[90260.3, 4.402], [90260.4, 0.002], [90260.9, 0.003], [90261.0, 0.01], [90261.2, 0.002], [90261.3, 0.003], [90261.4, 0.003], [90261.5, 0.002], [90261.8, 0.002], [90261.9, 0.003], [90262.4, 0.005], [90262.5, 0.005], [90262.6, 0.003], [90262.9, 0.002], [90263.0, 0.031], [90263.1, 0.009], [90263.3, 0.002], [90263.5, 0.005], [90263.6, 0.008], [90263.7, 0.013]], "timestamp": "2025-12-11T12:21:56.433152+00:00"}, {"symbol": "BTCUSDT", "bids": [[90280.0, 0.457], [90279.9, 0.004], [90279.7, 0.005], [90279.6, 0.002], [90279.2, 0.305], [90279.1, 0.003], [90279.0, 0.006], [90278.9, 0.014], [90278.7, 0.023], [90278.6, 0.003], [90278.3, 0.002], [90277.9, 0.006], [90277.8, 0.008], [90277.7, 0.002], [90277.4, 0.003], [90277.3, 0.004], [90277.2, 0.004], [90277.0, 0.003], [90276.9, 0.005], [90276.5, 0.013]], "asks": [[90280.1, 8.215], [90280.2, 0.115], [90280.4, 0.017], [90280.7, 0.565], [90280.8, 0.055], [90280.9, 3.521], [90281.0, 0.117], [90281.1, 0.021], [90281.3, 0.002], [90281.5, 0.077], [90281.7, 0.122], [90281.8, 0.002], [90282.0, 0.002], [90282.2, 0.014], [90282.3, 0.003], [90282.5, 0.02], [90282.6, 0.111], [90282.7, 0.002], [90282.8, 0.003], [90283.1, 0.004]], "timestamp": "2025-12-11T12:22:51.527911+00:00"}, {"symbol": "BTCUSDT", "bids": [[90252.8, 4.931], [90252.7, 0.018], [90252.5, 0.111], [90252.3, 0.005], [90252.0, 0.004], [90251.9, 0.003], [90251.8, 0.005], [90251.4, 0.033], [90251.3, 0.003], [90251.2, 0.012], [90251.0, 0.111], [90250.9, 0.002], [90250.8, 0.003], [90250.7, 0.002], [90250.6, 0.003], [90250.5, 0.004], [90250.3, 0.005], [90250.2, 0.109], [90250.1, 0.111], [90250.0, 0.028]], "asks": [[90252.9, 5.883], [90253.0, 0.006], [90253.1, 0.002], [90253.2, 0.05], [90253.3, 0.209], [90253.4, 0.046], [90253.8, 0.055], [90254.0, 0.002], [90254.3, 0.002], [90254.8, 0.009], [90255.0, 0.002], [90255.2, 0.006], [90255.6, 0.003], [90256.3, 0.002], [90256.4, 0.015], [90256.5, 0.002], [90256.8, 0.002], [90256.9, 0.002], [90257.0, 0.006], [90257.2, 0.027]], "timestamp": "2025-12-11T12:23:47.014104+00:00"}, {"symbol": "BTCUSDT", "bids": [[90279.8, 6.562], [90279.7, 0.008], [90279.6, 0.002], [90279.5, 0.012], [90279.4, 0.003], [90279.2, 0.002], [90279.1, 0.111], [90279.0, 0.004], [90278.9, 0.003], [90278.7, 0.002], [90278.4, 0.01], [90278.1, 0.316], [90278.0, 0.802], [90277.9, 0.019], [90277.8, 0.002], [90277.6, 0.005], [90277.5, 0.002], [90277.4, 0.002], [90277.3, 0.111], [90277.0, 0.003]], "asks": [[90279.9, 6.14], [90280.0, 0.041], [90280.1, 0.048], [90280.6, 0.005], [90280.8, 0.568], [90280.9, 3.521], [90281.0, 0.002], [90281.1, 0.003], [90281.2, 0.003], [90281.3, 0.002], [90281.6, 0.003], [90281.8, 0.012], [90281.9, 0.003], [90282.0, 0.002], [90282.1, 0.003], [90282.2, 0.015], [90282.3, 0.014], [90282.4, 0.003], [90282.5, 0.022], [90282.6, 0.057]], "timestamp": "2025-12-11T12:24:42.663211+00:00"}, {"symbol": "BTCUSDT", "bids": [[90285.0, 10.297], [90284.9, 0.125], [90284.7, 0.005], [90284.6, 0.002], [90284.0, 0.002], [90283.9, 0.003], [90283.6, 0.111], [90283.5, 0.002], [90283.4, 0.003], [90282.8, 0.014], [90282.5, 0.006], [90282.0, 0.114], [90281.6, 0.006], [90281.4, 0.012], [90281.3, 0.005], [90281.2, 0.111], [90280.8, 0.069], [90280.7, 0.007], [90280.4, 0.113], [90280.3, 0.003]], "asks": [[90285.1, 7.227], [90285.2, 0.004], [90285.3, 0.005], [90285.4, 0.002], [90285.6, 0.012], [90285.7, 0.002], [90285.8, 0.121], [90285.9, 0.003], [90286.0, 0.002], [90286.1, 0.003], [90286.2, 0.011], [90286.3, 0.002], [90286.4, 0.025], [90286.6, 0.01], [90286.8, 0.121], [90286.9, 0.362], [90287.0, 0.018], [90287.1, 0.055], [90287.2, 0.002], [90287.5, 0.002]], "timestamp": "2025-12-11T12:25:39.678131+00:00"}, {"symbol": "BTCUSDT", "bids": [[90275.1, 4.392], [90275.0, 0.004], [90274.9, 0.003], [90274.8, 0.002], [90274.5, 0.004], [90274.4, 0.003], [90274.2, 0.002], [90273.8, 0.003], [90273.5, 0.003], [90273.3, 0.002], [90273.2, 0.014], [90273.1, 0.016], [90273.0, 0.002], [90272.9, 0.002], [90272.7, 0.003], [90272.6, 0.173], [90272.5, 1.0], [90272.4, 0.006], [90272.2, 0.009], [90272.1, 0.005]], "asks": [[90275.2, 18.877], [90275.3, 0.006], [90275.9, 0.157], [90276.0, 0.221], [90276.3, 0.033], [90276.6, 0.006], [90276.8, 0.002], [90276.9, 0.335], [90277.0, 0.084], [90277.1, 0.002], [90277.2, 0.012], [90277.4, 0.003], [90277.5, 0.043], [90277.6, 0.002], [90277.9, 0.071], [90278.2, 0.002], [90278.3, 0.003], [90278.6, 0.002], [90278.8, 0.002], [90279.0, 0.016]], "timestamp": "2025-12-11T12:26:35.306974+00:00"}, {"symbol": "BTCUSDT", "bids": [[90262.5, 5.378], [90262.4, 1.162], [90262.3, 0.014], [90262.2, 0.002], [90261.9, 0.111], [90261.8, 0.003], [90261.6, 0.223], [90261.5, 0.265], [90261.3, 0.005], [90261.1, 0.111], [90261.0, 0.063], [90260.9, 0.038], [90260.8, 0.017], [90260.7, 0.008], [90260.5, 0.002], [90260.4, 0.002], [90260.3, 0.003], [90260.2, 0.403], [90260.1, 0.002], [90260.0, 0.004]], "asks": [[90262.6, 6.53], [90262.7, 0.006], [90263.0, 0.032], [90263.1, 0.003], [90263.2, 0.044], [90263.7, 0.057], [90263.9, 0.002], [90264.2, 0.002], [90264.6, 0.047], [90264.8, 0.007], [90265.0, 0.007], [90265.1, 0.002], [90265.2, 0.003], [90265.4, 0.013], [90265.5, 0.015], [90265.6, 0.003], [90265.7, 0.118], [90265.8, 0.077], [90266.0, 0.005], [90266.3, 0.018]], "timestamp": "2025-12-11T12:27:31.386630+00:00"}, {"symbol": "BTCUSDT", "bids": [[90267.2, 7.793], [90267.1, 0.059], [90267.0, 0.003], [90266.8, 0.13], [90266.7, 0.006], [90266.5, 0.005], [90266.4, 0.002], [90266.3, 0.033], [90266.1, 0.014], [90265.9, 0.114], [90265.8, 0.005], [90265.5, 0.002], [90265.0, 0.005], [90264.9, 0.007], [90264.7, 0.328], [90264.6, 0.033], [90264.4, 0.006], [90264.2, 0.004], [90264.1, 0.005], [90264.0, 0.113]], "asks": [[90267.3, 11.556], [90267.4, 0.01], [90267.8, 0.012], [90269.2, 0.004], [90269.6, 0.015], [90269.7, 0.021], [90269.8, 0.138], [90270.0, 0.006], [90270.1, 0.002], [90270.4, 0.003], [90270.5, 0.002], [90270.6, 0.122], [90270.9, 0.419], [90271.0, 0.007], [90271.1, 0.012], [90271.3, 0.005], [90271.4, 0.003], [90271.5, 0.004], [90271.8, 0.002], [90271.9, 0.005]], "timestamp": "2025-12-11T12:28:26.060127+00:00"}, {"symbol": "BTCUSDT", "bids": [[90276.2, 4.099], [90276.1, 0.004], [90275.7, 0.003], [90275.6, 0.002], [90275.1, 0.002], [90274.9, 0.003], [90274.5, 0.002], [90274.4, 0.003], [90274.3, 0.002], [90274.2, 0.029], [90274.0, 0.003], [90273.6, 0.057], [90273.3, 0.223], [90273.2, 0.002], [90273.1, 0.101], [90272.9, 0.002], [90272.8, 0.003], [90272.7, 0.043], [90272.6, 0.002], [90272.4, 0.111]], "asks": [[90276.3, 8.228], [90276.4, 0.012], [90276.6, 0.015], [90276.8, 0.119], [90277.2, 0.002], [90277.3, 0.006], [90277.4, 0.31], [90277.5, 0.002], [90277.6, 0.002], [90277.7, 0.002], [90277.8, 0.121], [90278.0, 0.021], [90278.1, 0.066], [90278.2, 0.005], [90278.3, 0.003], [90278.6, 0.002], [90278.7, 0.003], [90278.8, 0.016], [90278.9, 0.221], [90279.0, 0.545]], "timestamp": "2025-12-11T12:29:20.193382+00:00"}, {"symbol": "BTCUSDT", "bids": [[90265.0, 7.533], [90264.9, 0.132], [90264.8, 0.003], [90264.4, 0.003], [90264.1, 0.013], [90264.0, 0.015], [90263.7, 0.002], [90263.6, 0.005], [90263.5, 0.111], [90263.4, 0.002], [90263.1, 0.012], [90263.0, 0.043], [90262.8, 0.002], [90262.7, 0.114], [90262.6, 0.005], [90262.5, 0.002], [90262.4, 0.183], [90262.3, 0.274], [90262.2, 0.005], [90262.1, 0.002]], "asks": [[90265.1, 7.461], [90265.2, 0.009], [90265.3, 0.003], [90265.4, 0.003], [90265.5, 0.038], [90265.7, 0.113], [90265.8, 0.437], [90265.9, 0.003], [90266.0, 0.058], [90266.4, 0.202], [90266.5, 0.016], [90266.9, 1.002], [90267.0, 0.063], [90267.1, 0.006], [90267.2, 0.111], [90267.3, 0.072], [90267.4, 0.002], [90267.7, 0.003], [90268.0, 0.006], [90268.2, 0.114]], "timestamp": "2025-12-11T12:30:14.612151+00:00"}, {"symbol": "BTCUSDT", "bids": [[90279.4, 7.332], [90279.3, 0.004], [90279.2, 0.05], [90279.0, 0.007], [90278.9, 0.003], [90278.7, 0.043], [90278.5, 0.005], [90278.4, 0.05], [90278.3, 0.002], [90278.2, 0.012], [90278.0, 0.003], [90277.8, 0.002], [90277.4, 0.035], [90277.2, 0.007], [90277.1, 0.092], [90277.0, 0.003], [90276.9, 0.004], [90276.8, 0.111], [90276.7, 0.012], [90276.6, 0.006]], "asks": [[90279.5, 14.869], [90279.6, 0.024], [90279.7, 0.123], [90280.2, 0.75], [90280.4, 0.002], [90281.0, 0.002], [90281.1, 0.014], [90281.6, 0.002], [90281.8, 0.003], [90282.6, 0.003], [90282.7, 0.012], [90283.0, 0.002], [90283.2, 0.006], [90283.3, 0.003], [90283.5, 0.01], [90283.6, 0.434], [90283.7, 0.002], [90284.0, 0.007], [90284.1, 0.134], [90284.2, 0.85]], "timestamp": "2025-12-11T12:31:09.068519+00:00"}, {"symbol": "BTCUSDT", "bids": [[90287.5, 6.006], [90287.4, 0.016], [90287.3, 0.014], [90287.2, 0.111], [90287.0, 0.012], [90286.9, 0.003], [90286.5, 0.111], [90286.4, 0.005], [90286.0, 0.002], [90285.9, 0.113], [90285.8, 0.113], [90285.7, 0.003], [90285.6, 0.005], [90285.5, 0.014], [90285.3, 0.006], [90285.1, 0.221], [90285.0, 0.005], [90284.9, 0.113], [90284.8, 0.05], [90284.6, 0.033]], "asks": [[90287.6, 0.121], [90287.7, 0.005], [90287.8, 0.002], [90287.9, 0.115], [90288.0, 0.006], [90288.1, 0.002], [90288.4, 0.002], [90288.5, 0.037], [90288.6, 0.002], [90288.8, 0.002], [90289.0, 0.002], [90289.1, 0.002], [90289.3, 0.008], [90289.5, 0.004], [90289.7, 0.003], [90289.8, 0.005], [90289.9, 0.002], [90290.0, 0.004], [90290.1, 0.061], [90290.2, 0.002]], "timestamp": "2025-12-11T12:32:04.086043+00:00"}, {"symbol": "BTCUSDT", "bids": [[90332.0, 10.345], [90331.9, 0.009], [90331.7, 0.207], [90331.6, 0.202], [90331.4, 0.003], [90331.2, 0.002], [90330.8, 0.002], [90330.7, 0.125], [90330.5, 0.003], [90330.1, 0.002], [90330.0, 0.002], [90329.9, 0.111], [90329.8, 0.006], [90329.3, 0.081], [90329.2, 0.126], [90329.1, 0.003], [90329.0, 0.005], [90328.9, 0.006], [90328.8, 0.01], [90328.7, 0.003]], "asks": [[90332.1, 7.919], [90332.2, 0.006], [90332.5, 0.003], [90332.7, 0.012], [90332.9, 0.002], [90333.0, 0.037], [90333.2, 0.003], [90333.3, 0.002], [90333.6, 0.002], [90333.7, 0.013], [90333.8, 0.266], [90333.9, 0.292], [90334.1, 0.006], [90334.2, 0.015], [90334.3, 0.003], [90334.7, 0.005], [90334.8, 0.006], [90335.0, 0.002], [90335.1, 0.003], [90335.2, 0.003]], "timestamp": "2025-12-11T12:32:58.986061+00:00"}, {"symbol": "BTCUSDT", "bids": [[90340.0, 13.292], [90339.9, 0.122], [90339.8, 0.017], [90339.3, 0.002], [90339.2, 0.002], [90339.0, 0.003], [90338.8, 0.002], [90338.7, 0.89], [90338.6, 0.048], [90338.5, 1.0], [90338.4, 1.807], [90338.3, 0.008], [90338.2, 0.126], [90338.0, 0.013], [90337.9, 0.805], [90337.8, 0.059], [90337.7, 0.006], [90337.6, 0.014], [90337.5, 0.115], [90337.4, 0.753]], "asks": [[90340.1, 0.47], [90340.2, 0.004], [90340.3, 0.01], [90340.4, 0.023], [90340.9, 0.664], [90341.0, 1.642], [90341.1, 0.557], [90341.4, 0.003], [90341.6, 0.002], [90341.9, 0.005], [90342.0, 0.009], [90342.5, 0.002], [90342.8, 1.175], [90342.9, 0.302], [90343.0, 0.005], [90343.3, 0.015], [90343.4, 0.002], [90343.5, 0.002], [90343.7, 0.002], [90343.8, 0.003]], "timestamp": "2025-12-11T12:33:54.029750+00:00"}, {"symbol": "BTCUSDT", "bids": [[90325.7, 0.74], [90325.6, 0.004], [90325.4, 0.043], [90325.3, 0.003], [90325.0, 0.003], [90324.8, 0.003], [90324.3, 0.002], [90324.2, 0.002], [90324.1, 0.055], [90324.0, 0.061], [90323.9, 0.003], [90323.5, 0.003], [90323.4, 0.01], [90323.2, 0.002], [90323.1, 0.035], [90323.0, 0.003], [90322.7, 0.002], [90322.6, 0.003], [90322.5, 0.004], [90322.4, 0.003]], "asks": [[90325.8, 19.505], [90325.9, 1.173], [90326.0, 0.002], [90327.5, 0.104], [90327.7, 1.221], [90327.8, 0.113], [90328.0, 1.002], [90328.1, 0.262], [90328.3, 0.109], [90328.5, 0.002], [90328.6, 0.861], [90328.7, 0.002], [90328.9, 0.005], [90329.4, 0.219], [90329.7, 0.203], [90329.8, 0.002], [90329.9, 0.002], [90330.0, 0.002], [90330.1, 0.003], [90330.8, 0.005]], "timestamp": "2025-12-11T12:34:49.109480+00:00"}, {"symbol": "BTCUSDT", "bids": [[90270.0, 6.29], [90269.9, 0.009], [90269.8, 0.002], [90269.4, 0.003], [90269.3, 0.002], [90269.2, 0.002], [90269.1, 0.083], [90268.9, 0.003], [90268.8, 0.092], [90268.7, 0.003], [90268.5, 0.012], [90268.1, 0.008], [90268.0, 0.002], [90267.8, 0.006], [90267.7, 0.002], [90267.4, 0.003], [90267.2, 0.003], [90266.9, 0.017], [90266.7, 0.004], [90266.5, 0.006]], "asks": [[90270.1, 3.926], [90270.2, 0.009], [90270.8, 0.058], [90270.9, 0.111], [90271.0, 0.002], [90271.4, 0.002], [90271.7, 0.003], [90271.8, 0.067], [90271.9, 0.002], [90272.0, 0.002], [90272.2, 0.003], [90272.3, 0.003], [90272.4, 0.003], [90272.5, 0.111], [90272.6, 0.015], [90272.8, 0.005], [90273.1, 0.002], [90273.2, 0.003], [90273.3, 0.005], [90273.6, 0.033]], "timestamp": "2025-12-11T12:35:43.904428+00:00"}, {"symbol": "BTCUSDT", "bids": [[90286.2, 2.734], [90286.1, 0.338], [90286.0, 0.004], [90285.8, 0.011], [90285.5, 0.05], [90285.4, 0.276], [90285.3, 0.005], [90285.2, 0.002], [90284.9, 0.002], [90284.8, 0.003], [90284.6, 0.005], [90284.2, 0.005], [90283.9, 0.002], [90283.8, 0.012], [90283.7, 0.005], [90283.6, 0.003], [90283.5, 0.002], [90283.3, 0.002], [90283.2, 0.003], [90282.8, 0.139]], "asks": [[90286.3, 15.247], [90286.4, 0.01], [90286.8, 0.012], [90287.2, 0.002], [90287.5, 0.002], [90288.0, 0.115], [90288.2, 0.002], [90288.4, 0.174], [90288.6, 0.003], [90288.8, 0.002], [90288.9, 0.088], [90289.0, 0.005], [90289.1, 0.281], [90289.3, 0.096], [90289.4, 0.317], [90289.5, 0.002], [90289.6, 0.005], [90289.7, 0.003], [90289.9, 0.014], [90290.0, 0.004]], "timestamp": "2025-12-11T12:36:37.841590+00:00"}, {"symbol": "BTCUSDT", "bids": [[90281.7, 5.709], [90281.6, 0.005], [90281.5, 0.003], [90281.4, 0.006], [90281.3, 0.005], [90281.2, 0.044], [90281.1, 0.003], [90281.0, 0.043], [90280.9, 0.006], [90280.8, 0.08], [90280.5, 0.002], [90280.4, 0.002], [90280.3, 0.003], [90280.2, 0.005], [90280.1, 0.02], [90279.9, 0.002], [90279.8, 0.111], [90279.7, 0.003], [90279.6, 0.006], [90279.5, 0.003]], "asks": [[90281.8, 4.955], [90281.9, 0.021], [90282.0, 0.111], [90282.2, 0.002], [90282.6, 0.033], [90282.7, 0.002], [90283.0, 0.114], [90283.1, 0.002], [90283.2, 0.011], [90283.4, 0.211], [90283.5, 0.04], [90283.6, 0.002], [90283.7, 0.002], [90283.8, 0.111], [90283.9, 0.002], [90284.0, 0.003], [90284.1, 0.023], [90284.5, 0.005], [90284.6, 0.003], [90284.8, 0.002]], "timestamp": "2025-12-11T12:37:33.099137+00:00"}, {"symbol": "BTCUSDT", "bids": [[90256.5, 10.544], [90256.4, 0.561], [90255.7, 0.002], [90255.5, 0.138], [90255.3, 0.002], [90255.2, 0.002], [90255.0, 0.166], [90254.9, 0.128], [90254.8, 0.008], [90254.4, 0.003], [90254.3, 0.005], [90254.2, 0.002], [90253.9, 0.003], [90253.5, 0.002], [90253.4, 0.003], [90253.3, 0.003], [90253.1, 0.832], [90253.0, 1.248], [90252.9, 0.006], [90252.8, 0.002]], "asks": [[90256.6, 1.024], [90256.7, 0.004], [90256.9, 0.003], [90257.0, 0.002], [90257.4, 0.003], [90257.8, 0.081], [90258.1, 0.003], [90258.5, 0.002], [90258.7, 0.005], [90258.8, 0.003], [90258.9, 0.003], [90259.0, 0.006], [90259.1, 0.004], [90259.3, 0.003], [90259.4, 0.002], [90259.5, 0.003], [90259.6, 0.01], [90259.8, 0.006], [90259.9, 0.005], [90260.0, 0.004]], "timestamp": "2025-12-11T12:38:28.080021+00:00"}, {"symbol": "BTCUSDT", "bids": [[90259.5, 5.171], [90259.4, 0.01], [90259.3, 0.111], [90259.1, 0.012], [90259.0, 0.005], [90258.8, 0.002], [90258.6, 0.002], [90258.5, 0.003], [90258.4, 0.046], [90258.3, 0.035], [90258.0, 0.116], [90257.7, 0.002], [90257.5, 0.014], [90257.4, 0.003], [90257.1, 0.116], [90256.9, 0.003], [90256.8, 0.047], [90256.5, 0.326], [90256.4, 0.752], [90256.3, 0.005]], "asks": [[90259.6, 13.841], [90259.7, 0.01], [90259.8, 0.002], [90260.0, 0.002], [90260.3, 0.002], [90260.6, 0.002], [90260.8, 0.002], [90261.0, 0.004], [90261.1, 0.004], [90261.5, 0.002], [90261.6, 0.003], [90261.7, 0.362], [90261.8, 0.003], [90261.9, 0.003], [90262.0, 0.754], [90262.1, 0.019], [90262.6, 0.114], [90262.7, 0.003], [90262.9, 0.005], [90263.0, 0.002]], "timestamp": "2025-12-11T12:39:22.280758+00:00"}, {"symbol": "BTCUSDT", "bids": [[90282.5, 2.356], [90282.4, 0.007], [90282.3, 0.002], [90281.9, 0.005], [90281.8, 0.043], [90281.4, 0.005], [90281.0, 0.002], [90280.9, 0.003], [90280.8, 0.055], [90280.6, 0.002], [90280.2, 0.003], [90280.1, 0.005], [90280.0, 0.002], [90279.8, 0.033], [90279.7, 0.003], [90279.6, 0.012], [90279.3, 0.004], [90279.2, 0.008], [90279.0, 0.004], [90278.7, 0.003]], "asks": [[90282.6, 7.946], [90282.7, 0.012], [90282.8, 0.114], [90282.9, 0.012], [90283.2, 0.005], [90283.4, 0.151], [90283.5, 0.093], [90283.6, 0.118], [90283.7, 0.002], [90283.9, 0.002], [90284.0, 0.003], [90284.1, 0.017], [90284.4, 0.123], [90284.5, 0.003], [90284.8, 0.005], [90285.0, 0.007], [90285.2, 0.111], [90285.3, 0.083], [90285.5, 0.003], [90285.7, 0.004]], "timestamp": "2025-12-11T12:40:16.645337+00:00"}, {"symbol": "BTCUSDT", "bids": [[90285.9, 7.713], [90285.8, 0.231], [90285.5, 0.005], [90285.3, 0.002], [90285.0, 0.288], [90284.9, 0.005], [90284.5, 0.111], [90284.4, 0.003], [90284.2, 0.669], [90284.1, 4.367], [90284.0, 0.008], [90283.9, 0.003], [90283.7, 0.004], [90283.6, 0.111], [90283.5, 0.083], [90283.4, 0.003], [90283.3, 0.006], [90283.2, 0.215], [90283.1, 0.003], [90283.0, 0.005]], "asks": [[90286.0, 17.595], [90286.1, 0.448], [90286.2, 0.004], [90286.3, 0.002], [90286.9, 0.766], [90287.0, 0.002], [90287.2, 0.002], [90287.5, 0.002], [90288.0, 0.006], [90288.2, 0.003], [90288.3, 0.114], [90288.7, 0.003], [90288.8, 0.004], [90289.1, 0.005], [90289.2, 0.125], [90289.4, 0.003], [90289.5, 0.003], [90289.8, 0.055], [90290.0, 0.119], [90290.1, 0.002]], "timestamp": "2025-12-11T12:41:11.543076+00:00"}, {"symbol": "BTCUSDT", "bids": [[90226.6, 7.623], [90226.5, 0.158], [90226.3, 0.015], [90226.2, 0.038], [90226.1, 0.014], [90226.0, 0.002], [90225.9, 0.002], [90225.8, 0.003], [90225.7, 0.14], [90225.6, 0.077], [90225.4, 0.002], [90225.3, 0.209], [90225.1, 0.002], [90225.0, 0.004], [90224.8, 0.005], [90224.7, 0.014], [90224.5, 0.002], [90224.4, 0.007], [90224.3, 0.019], [90224.2, 0.111]], "asks": [[90226.7, 4.715], [90226.8, 0.28], [90226.9, 1.113], [90227.0, 0.007], [90227.1, 0.002], [90227.3, 0.043], [90227.4, 0.011], [90227.5, 0.003], [90227.7, 0.076], [90227.9, 0.003], [90228.0, 0.115], [90228.1, 0.004], [90228.3, 0.002], [90228.7, 0.174], [90228.8, 0.002], [90228.9, 0.002], [90229.0, 0.113], [90229.1, 0.003], [90229.2, 0.003], [90229.3, 0.012]], "timestamp": "2025-12-11T12:42:05.956066+00:00"}, {"symbol": "BTCUSDT", "bids": [[90226.6, 4.64], [90226.5, 0.162], [90226.4, 0.033], [90226.3, 0.015], [90226.2, 0.038], [90226.1, 0.002], [90226.0, 0.002], [90225.9, 0.002], [90225.8, 0.003], [90225.7, 0.22], [90225.4, 0.002], [90225.3, 0.003], [90225.2, 0.004], [90225.1, 0.002], [90225.0, 0.012], [90224.8, 0.005], [90224.7, 0.281], [90224.4, 0.005], [90224.3, 0.021], [90224.0, 0.115]], "asks": [[90226.7, 7.229], [90226.8, 0.125], [90226.9, 0.189], [90227.0, 0.003], [90227.1, 0.005], [90227.2, 0.113], [90227.3, 0.003], [90227.4, 0.006], [90227.5, 0.003], [90227.6, 0.015], [90227.7, 0.067], [90227.9, 0.003], [90228.0, 0.002], [90228.1, 0.004], [90228.3, 0.002], [90228.4, 0.008], [90228.6, 0.011], [90228.7, 0.285], [90228.8, 0.03], [90228.9, 0.002]], "timestamp": "2025-12-11T12:43:00.658519+00:00"}, {"symbol": "BTCUSDT", "bids": [[90228.8, 3.448], [90228.7, 0.055], [90228.6, 0.002], [90228.4, 0.002], [90228.3, 0.003], [90228.1, 0.002], [90227.8, 0.005], [90227.6, 0.003], [90227.5, 0.005], [90227.3, 0.003], [90227.1, 0.043], [90226.8, 0.003], [90226.7, 0.057], [90226.6, 0.057], [90226.5, 0.062], [90226.3, 0.017], [90226.2, 0.038], [90225.9, 0.074], [90225.8, 0.003], [90225.7, 0.034]], "asks": [[90228.9, 7.186], [90229.0, 0.009], [90229.1, 0.003], [90229.2, 0.003], [90229.4, 0.114], [90229.5, 0.002], [90229.8, 0.002], [90229.9, 0.166], [90230.0, 0.075], [90230.1, 0.12], [90230.4, 0.003], [90230.5, 0.055], [90230.7, 0.002], [90230.9, 0.003], [90231.0, 0.002], [90231.1, 0.003], [90231.3, 0.111], [90231.4, 0.003], [90231.5, 0.012], [90231.6, 0.002]], "timestamp": "2025-12-11T12:43:54.561094+00:00"}, {"symbol": "BTCUSDT", "bids": [[90235.8, 5.339], [90235.7, 0.002], [90235.6, 0.033], [90235.5, 0.003], [90235.3, 0.002], [90235.2, 0.111], [90235.0, 0.004], [90234.9, 0.047], [90234.8, 0.004], [90234.7, 0.005], [90234.4, 0.116], [90234.2, 0.003], [90234.0, 0.272], [90233.7, 0.003], [90233.6, 0.004], [90233.4, 0.012], [90233.3, 0.005], [90233.1, 0.776], [90233.0, 0.656], [90232.9, 0.079]], "asks": [[90235.9, 13.076], [90236.0, 0.011], [90236.1, 0.005], [90236.4, 0.003], [90236.7, 0.055], [90236.9, 0.003], [90237.0, 0.002], [90237.1, 0.012], [90237.3, 0.002], [90237.4, 0.003], [90237.6, 0.011], [90237.8, 0.151], [90237.9, 1.0], [90238.1, 0.006], [90238.2, 0.002], [90238.4, 0.002], [90238.5, 0.002], [90238.6, 0.003], [90239.0, 0.007], [90239.1, 0.004]], "timestamp": "2025-12-11T12:44:50.963264+00:00"}, {"symbol": "BTCUSDT", "bids": [[90239.6, 5.806], [90239.5, 0.006], [90239.0, 0.003], [90238.9, 0.005], [90238.8, 0.077], [90238.5, 0.002], [90238.4, 0.111], [90238.2, 0.015], [90237.8, 0.108], [90237.7, 0.003], [90237.6, 0.111], [90237.2, 0.005], [90237.1, 0.002], [90236.9, 0.003], [90236.8, 0.012], [90236.7, 0.008], [90236.6, 0.055], [90236.5, 0.002], [90236.2, 0.111], [90236.1, 0.002]], "asks": [[90239.7, 5.775], [90239.8, 0.008], [90239.9, 0.003], [90240.0, 0.033], [90240.4, 0.003], [90240.5, 0.004], [90240.7, 0.006], [90240.9, 0.008], [90241.1, 0.012], [90241.3, 0.154], [90241.4, 1.005], [90241.5, 0.004], [90241.7, 0.166], [90241.8, 0.002], [90241.9, 0.006], [90242.1, 0.047], [90242.3, 0.002], [90242.4, 0.003], [90242.5, 0.002], [90242.6, 0.123]], "timestamp": "2025-12-11T12:45:45.808696+00:00"}, {"symbol": "BTCUSDT", "bids": [[90246.0, 3.759], [90245.9, 0.004], [90245.8, 0.003], [90245.6, 0.05], [90245.5, 0.004], [90245.4, 0.111], [90245.3, 0.002], [90245.2, 0.003], [90245.1, 0.002], [90244.8, 0.05], [90244.7, 0.003], [90244.6, 0.004], [90244.4, 0.111], [90244.2, 0.007], [90243.7, 0.003], [90243.6, 0.131], [90243.5, 0.003], [90243.1, 0.005], [90243.0, 0.016], [90242.9, 0.002]], "asks": [[90246.1, 18.639], [90246.2, 0.008], [90246.3, 0.456], [90246.5, 0.003], [90246.7, 0.003], [90246.8, 0.004], [90247.0, 0.01], [90247.2, 0.08], [90247.5, 0.002], [90247.7, 0.634], [90247.8, 0.01], [90247.9, 0.003], [90248.0, 0.148], [90248.2, 0.003], [90248.3, 0.003], [90248.6, 0.002], [90248.7, 1.199], [90248.8, 0.111], [90248.9, 0.012], [90249.0, 0.005]], "timestamp": "2025-12-11T12:46:39.111037+00:00"}, {"symbol": "BTCUSDT", "bids": [[90228.9, 3.232], [90228.8, 0.654], [90228.7, 0.019], [90228.6, 0.006], [90228.4, 0.079], [90228.3, 0.003], [90228.1, 0.009], [90227.8, 0.003], [90227.5, 0.017], [90227.3, 0.005], [90226.8, 0.325], [90226.7, 0.002], [90226.6, 0.156], [90226.5, 0.023], [90226.3, 0.019], [90226.2, 0.04], [90225.9, 0.086], [90225.8, 0.003], [90225.7, 0.034], [90225.5, 0.113]], "asks": [[90229.0, 17.443], [90229.1, 0.011], [90229.2, 0.006], [90229.3, 0.003], [90229.4, 0.003], [90229.5, 0.514], [90229.6, 0.28], [90229.7, 0.233], [90229.8, 0.08], [90230.0, 0.12], [90230.1, 0.006], [90230.2, 0.008], [90230.3, 1.0], [90230.4, 0.019], [90230.7, 0.005], [90230.8, 0.12], [90231.0, 0.002], [90231.2, 0.003], [90231.3, 0.003], [90231.4, 0.008]], "timestamp": "2025-12-11T12:47:30.985541+00:00"}, {"symbol": "BTCUSDT", "bids": [[90215.5, 4.526], [90215.4, 0.004], [90215.2, 0.012], [90215.1, 0.1], [90214.6, 0.002], [90214.3, 0.003], [90214.1, 0.171], [90213.8, 0.003], [90213.5, 0.218], [90213.4, 0.077], [90213.3, 0.111], [90213.2, 0.002], [90213.1, 0.003], [90212.9, 0.033], [90212.8, 0.003], [90212.5, 0.003], [90212.4, 0.003], [90212.3, 0.002], [90212.2, 0.11], [90212.0, 0.004]], "asks": [[90215.6, 7.558], [90215.7, 0.015], [90215.8, 0.005], [90215.9, 0.003], [90216.0, 0.009], [90216.1, 0.013], [90216.2, 0.006], [90216.3, 0.005], [90216.6, 0.004], [90216.7, 0.014], [90216.8, 0.131], [90216.9, 0.046], [90217.0, 0.037], [90217.2, 0.002], [90217.4, 0.006], [90217.6, 0.113], [90217.8, 0.008], [90217.9, 0.004], [90218.1, 0.006], [90218.3, 0.012]], "timestamp": "2025-12-11T12:48:22.696399+00:00"}, {"symbol": "BTCUSDT", "bids": [[90215.5, 12.032], [90215.4, 0.006], [90215.0, 0.002], [90214.6, 0.002], [90214.4, 0.003], [90213.9, 0.003], [90213.6, 0.002], [90213.5, 1.007], [90213.4, 0.083], [90213.3, 0.101], [90213.2, 0.074], [90213.1, 0.117], [90213.0, 0.005], [90212.9, 0.002], [90212.8, 0.169], [90212.7, 0.012], [90212.5, 0.002], [90212.4, 0.003], [90212.3, 0.042], [90212.2, 0.113]], "asks": [[90215.6, 1.519], [90215.7, 0.002], [90215.8, 0.002], [90216.0, 0.004], [90216.1, 0.006], [90216.3, 0.002], [90216.6, 0.046], [90216.9, 0.044], [90217.2, 0.002], [90217.4, 0.003], [90217.8, 0.005], [90217.9, 0.003], [90218.0, 0.002], [90218.3, 0.002], [90218.6, 0.008], [90218.7, 0.055], [90218.8, 0.004], [90218.9, 0.004], [90219.0, 0.002], [90219.1, 0.003]], "timestamp": "2025-12-11T12:49:14.650516+00:00"}