[{"id": "3009773121", "price": 92683.7, "amount": 0.468, "side": "sell", "timestamp": 1765496537984}, {"id": "3009773122", "price": 92683.8, "amount": 0.011, "side": "buy", "timestamp": 1765496538347}, {"id": "3009773123", "price": 92683.7, "amount": 0.957, "side": "sell", "timestamp": 1765496538705}, {"id": "3009773124", "price": 92683.6, "amount": 0.057, "side": "sell", "timestamp": 1765496538705}, {"id": "3009773125", "price": 92683.5, "amount": 0.08, "side": "sell", "timestamp": 1765496538705}, {"id": "3009773126", "price": 92683.4, "amount": 0.013, "side": "sell", "timestamp": 1765496538705}, {"id": "3009773127", "price": 92683.0, "amount": 0.002, "side": "sell", "timestamp": 1765496538705}, {"id": "3009773128", "price": 92682.6, "amount": 0.003, "side": "sell", "timestamp": 1765496538705}, {"id": "3009773129", "price": 92682.3, "amount": 0.002, "side": "sell", "timestamp": 1765496538705}, {"id": "3009773130", "price": 92682.1, "amount": 0.361, "side": "sell", "timestamp": 1765496538705}, {"id": "3009773131", "price": 92682.0, "amount": 0.087, "side": "sell", "timestamp": 1765496538705}, {"id": "3009773132", "price": 92681.8, "amount": 0.023, "side": "sell", "timestamp": 1765496538705}, {"id": "3009773133", "price": 92681.6, "amount": 0.002, "side": "sell", "timestamp": 1765496538705}, {"id": "3009773134", "price": 92681.5, "amount": 0.025, "side": "sell", "timestamp": 1765496538705}, {"id": "3009773135", "price": 92681.2, "amount": 0.02, "side": "sell", "timestamp": 1765496538705}, {"id": "3009773136", "price": 92681.1, "amount": 0.075, "side": "sell", "timestamp": 1765496538705}, {"id": "3009773137", "price": 92681.0, "amount": 0.047, "side": "sell", "timestamp": 1765496538705}, {"id": "3009773138", "price": 92680.9, "amount": 0.002, "side": "sell", "timestamp": 1765496538705}, {"id": "3009773139", "price": 92680.8, "amount": 0.002, "side": "sell", "timestamp": 1765496538705}, {"id": "3009773140", "price": 92680.6, "amount": 0.044, "side": "sell", "timestamp": 1765496538705}, {"id": "3009773141", "price": 92680.5, "amount": 0.005, "side": "sell", "timestamp": 1765496538705}, {"id": "3009773142", "price": 92680.3, "amount": 0.002, "side": "sell", "timestamp": 1765496538705}, {"id": "3009773143", "price": 92680.2, "amount": 0.002, "side": "sell", "timestamp": 1765496538705}, {"id": "3009773144", "price": 92680.0, "amount": 0.222, "side": "sell", "timestamp": 1765496538705}, {"id": "3009773145", "price": 92679.9, "amount": 0.273, "side": "sell", "timestamp": 1765496538705}, {"id": "3009773146", "price": 92679.7, "amount": 0.009, "side": "sell", "timestamp": 1765496538705}, {"id": "3009773147", "price": 92679.5, "amount": 0.005, "side": "sell", "timestamp": 1765496538705}, {"id": "3009773148", "price": 92679.4, "amount": 0.002, "side": "sell", "timestamp": 1765496538705}, {"id": "3009773149", "price": 92679.3, "amount": 0.012, "side": "sell", "timestamp": 1765496538705}, {"id": "3009773150", "price": 92679.1, "amount": 0.004, "side": "sell", "timestamp": 1765496538705}, {"id": "3009773151", "price": 92679.0, "amount": 0.003, "side": "sell", "timestamp": 1765496538705}, {"id": "3009773152", "price": 92678.9, "amount": 0.002, "side": "sell", "timestamp": 1765496538705}, {"id": "3009773153", "price": 92678.7, "amount": 0.003, "side": "sell", "timestamp": 1765496538706}, {"id": "3009773154", "price": 92678.6, "amount": 0.002, "side": "sell", "timestamp": 1765496538706}, {"id": "3009773155", "price": 92678.2, "amount": 0.111, "side": "sell", "timestamp": 1765496538706}, {"id": "3009773156", "price": 92678.1, "amount": 0.003, "side": "sell", "timestamp": 1765496538706}, {"id": "3009773157", "price": 92678.0, "amount": 0.002, "side": "sell", "timestamp": 1765496538706}, {"id": "3009773158", "price": 92677.8, "amount": 0.005, "side": "sell", "timestamp": 1765496538706}, {"id": "3009773159", "price": 92677.7, "amount": 0.002, "side": "sell", "timestamp": 1765496538706}, {"id": "3009773160", "price": 92677.6, "amount": 0.006, "side": "sell", "timestamp": 1765496538706}, {"id": "3009773161", "price": 92677.5, "amount": 0.15, "side": "sell", "timestamp": 1765496538706}, {"id": "3009773162", "price": 92677.2, "amount": 0.005, "side": "sell", "timestamp": 1765496538706}, {"id": "3009773163", "price": 92677.0, "amount": 0.003, "side": "sell", "timestamp": 1765496538706}, {"id": "3009773164", "price": 92676.8, "amount": 0.002, "side": "sell", "timestamp": 1765496538706}, {"id": "3009773165", "price": 92676.7, "amount": 0.002, "side": "sell", "timestamp": 1765496538706}, {"id": "3009773166", "price": 92676.4, "amount": 0.058, "side": "sell", "timestamp": 1765496538706}, {"id": "3009773167", "price": 92676.4, "amount": 0.002, "side": "sell", "timestamp": 1765496539199}, {"id": "3009773168", "price": 92676.4, "amount": 0.062, "side": "sell", "timestamp": 1765496540491}, {"id": "3009773169", "price": 92676.4, "amount": 0.08, "side": "sell", "timestamp": 1765496540621}, {"id": "3009773170", "price": 92676.5, "amount": 0.014, "side": "buy", "timestamp": 1765496540738}, {"id": "3009773781", "price": 92727.2, "amount": 0.049, "side": "buy", "timestamp": 1765496584526}, {"id": "3009773782", "price": 92727.2, "amount": 0.022, "side": "buy", "timestamp": 1765496584708}, {"id": "3009773783", "price": 92727.1, "amount": 0.026, "side": "sell", "timestamp": 1765496584828}, {"id": "3009773784", "price": 92727.2, "amount": 0.005, "side": "buy", "timestamp": 1765496585158}, {"id": "3009773785", "price": 92727.1, "amount": 0.002, "side": "sell", "timestamp": 1765496585176}, {"id": "3009773786", "price": 92727.2, "amount": 0.258, "side": "buy", "timestamp": 1765496585786}, {"id": "3009773787", "price": 92727.1, "amount": 0.099, "side": "sell", "timestamp": 1765496585995}, {"id": "3009773788", "price": 92727.2, "amount": 0.7, "side": "buy", "timestamp": 1765496586031}, {"id": "3009773789", "price": 92727.1, "amount": 0.04, "side": "sell", "timestamp": 1765496586077}, {"id": "3009773790", "price": 92727.2, "amount": 0.002, "side": "buy", "timestamp": 1765496586129}, {"id": "3009773791", "price": 92727.2, "amount": 0.047, "side": "buy", "timestamp": 1765496586356}, {"id": "3009773792", "price": 92727.1, "amount": 0.021, "side": "sell", "timestamp": 1765496586587}, {"id": "3009773793", "price": 92727.2, "amount": 0.01, "side": "buy", "timestamp": 1765496586986}, {"id": "3009773794", "price": 92727.1, "amount": 0.002, "side": "sell", "timestamp": 1765496587180}, {"id": "3009773795", "price": 92727.2, "amount": 0.002, "side": "buy", "timestamp": 1765496587410}, {"id": "3009773796", "price": 92727.1, "amount": 0.025, "side": "sell", "timestamp": 1765496587662}, {"id": "3009773797", "price": 92727.1, "amount": 0.014, "side": "sell", "timestamp": 1765496587764}, {"id": "3009773798", "price": 92727.2, "amount": 0.162, "side": "buy", "timestamp": 1765496587846}, {"id": "3009773799", "price": 92727.1, "amount": 0.028, "side": "sell", "timestamp": 1765496587869}, {"id": "3009773800", "price": 92727.2, "amount": 0.01, "side": "buy", "timestamp": 1765496588400}, {"id": "3009773801", "price": 92727.2, "amount": 0.046, "side": "buy", "timestamp": 1765496588689}, {"id": "3009773802", "price": 92727.1, "amount": 2.723, "side": "sell", "timestamp": 1765496588947}, {"id": "3009773803", "price": 92727.0, "amount": 0.038, "side": "sell", "timestamp": 1765496588956}, {"id": "3009773804", "price": 92726.9, "amount": 0.006, "side": "sell", "timestamp": 1765496589030}, {"id": "3009773805", "price": 92726.8, "amount": 0.002, "side": "sell", "timestamp": 1765496589030}, {"id": "3009773806", "price": 92726.4, "amount": 0.019, "side": "sell", "timestamp": 1765496589034}, {"id": "3009773807", "price": 92726.1, "amount": 0.027, "side": "sell", "timestamp": 1765496589037}, {"id": "3009773808", "price": 92726.2, "amount": 0.305, "side": "buy", "timestamp": 1765496589066}, {"id": "3009773809", "price": 92726.1, "amount": 0.01, "side": "sell", "timestamp": 1765496589085}, {"id": "3009773810", "price": 92726.2, "amount": 0.013, "side": "buy", "timestamp": 1765496589429}, {"id": "3009773811", "price": 92726.2, "amount": 0.012, "side": "buy", "timestamp": 1765496589686}, {"id": "3009773812", "price": 92726.1, "amount": 0.455, "side": "sell", "timestamp": 1765496589893}, {"id": "3009773813", "price": 92726.2, "amount": 0.002, "side": "buy", "timestamp": 1765496590010}, {"id": "3009773814", "price": 92726.1, "amount": 0.015, "side": "sell", "timestamp": 1765496590094}, {"id": "3009773815", "price": 92726.1, "amount": 0.146, "side": "sell", "timestamp": 1765496590384}, {"id": "3009773816", "price": 92726.1, "amount": 0.015, "side": "sell", "timestamp": 1765496591014}, {"id": "3009773817", "price": 92726.1, "amount": 0.007, "side": "sell", "timestamp": 1765496591320}, {"id": "3009773818", "price": 92726.2, "amount": 0.118, "side": "buy", "timestamp": 1765496591499}, {"id": "3009773819", "price": 92726.1, "amount": 0.053, "side": "sell", "timestamp": 1765496591545}, {"id": "3009773820", "price": 92726.1, "amount": 0.003, "side": "sell", "timestamp": 1765496591670}, {"id": "3009773821", "price": 92726.2, "amount": 0.004, "side": "buy", "timestamp": 1765496591906}, {"id": "3009773822", "price": 92726.2, "amount": 0.002, "side": "buy", "timestamp": 1765496592456}, {"id": "3009773823", "price": 92726.1, "amount": 0.002, "side": "sell", "timestamp": 1765496593018}, {"id": "3009773824", "price": 92726.1, "amount": 0.01, "side": "sell", "timestamp": 1765496593318}, {"id": "3009773825", "price": 92726.2, "amount": 0.01, "side": "buy", "timestamp": 1765496593383}, {"id": "3009773826", "price": 92726.1, "amount": 0.005, "side": "sell", "timestamp": 1765496593459}, {"id": "3009773827", "price": 92726.1, "amount": 0.002, "side": "sell", "timestamp": 1765496593777}, {"id": "3009773828", "price": 92726.2, "amount": 0.002, "side": "buy", "timestamp": 1765496593777}, {"id": "3009773829", "price": 92726.1, "amount": 0.079, "side": "sell", "timestamp": 1765496593800}, {"id": "3009773830", "price": 92726.1, "amount": 0.016, "side": "sell", "timestamp": 1765496593902}, {"id": "3009774299", "price": 92699.7, "amount": 0.005, "side": "buy", "timestamp": 1765496642177}, {"id": "3009774300", "price": 92699.8, "amount": 0.003, "side": "buy", "timestamp": 1765496642177}, {"id": "3009774301", "price": 92699.9, "amount": 0.003, "side": "buy", "timestamp": 1765496642177}, {"id": "3009774302", "price": 92700.0, "amount": 0.036, "side": "buy", "timestamp": 1765496642177}, {"id": "3009774303", "price": 92700.4, "amount": 0.016, "side": "buy", "timestamp": 1765496642177}, {"id": "3009774304", "price": 92700.5, "amount": 0.039, "side": "buy", "timestamp": 1765496642177}, {"id": "3009774305", "price": 92700.6, "amount": 0.003, "side": "buy", "timestamp": 1765496642177}, {"id": "3009774306", "price": 92700.7, "amount": 0.006, "side": "buy", "timestamp": 1765496642177}, {"id": "3009774307", "price": 92700.9, "amount": 0.007, "side": "buy", "timestamp": 1765496642177}, {"id": "3009774308", "price": 92701.0, "amount": 0.003, "side": "buy", "timestamp": 1765496642177}, {"id": "3009774309", "price": 92701.1, "amount": 0.01, "side": "buy", "timestamp": 1765496642177}, {"id": "3009774310", "price": 92701.5, "amount": 0.002, "side": "buy", "timestamp": 1765496642177}, {"id": "3009774311", "price": 92701.6, "amount": 0.003, "side": "buy", "timestamp": 1765496642177}, {"id": "3009774312", "price": 92701.7, "amount": 0.003, "side": "buy", "timestamp": 1765496642177}, {"id": "3009774313", "price": 92701.8, "amount": 0.004, "side": "buy", "timestamp": 1765496642177}, {"id": "3009774314", "price": 92702.2, "amount": 0.076, "side": "buy", "timestamp": 1765496642186}, {"id": "3009774315", "price": 92702.3, "amount": 0.002, "side": "buy", "timestamp": 1765496642233}, {"id": "3009774316", "price": 92702.7, "amount": 0.003, "side": "buy", "timestamp": 1765496642237}, {"id": "3009774317", "price": 92703.2, "amount": 0.005, "side": "buy", "timestamp": 1765496642237}, {"id": "3009774318", "price": 92703.4, "amount": 0.005, "side": "buy", "timestamp": 1765496642237}, {"id": "3009774319", "price": 92703.7, "amount": 0.003, "side": "buy", "timestamp": 1765496642237}, {"id": "3009774320", "price": 92703.8, "amount": 0.002, "side": "buy", "timestamp": 1765496642237}, {"id": "3009774321", "price": 92704.0, "amount": 0.025, "side": "buy", "timestamp": 1765496642277}, {"id": "3009774322", "price": 92704.1, "amount": 0.004, "side": "buy", "timestamp": 1765496642290}, {"id": "3009774323", "price": 92704.2, "amount": 0.003, "side": "buy", "timestamp": 1765496642290}, {"id": "3009774324", "price": 92704.4, "amount": 0.002, "side": "buy", "timestamp": 1765496642290}, {"id": "3009774325", "price": 92704.5, "amount": 0.002, "side": "buy", "timestamp": 1765496642290}, {"id": "3009774326", "price": 92704.7, "amount": 0.063, "side": "buy", "timestamp": 1765496642293}, {"id": "3009774327", "price": 92705.0, "amount": 0.035, "side": "buy", "timestamp": 1765496642297}, {"id": "3009774328", "price": 92705.0, "amount": 0.121, "side": "buy", "timestamp": 1765496642698}, {"id": "3009774329", "price": 92704.9, "amount": 0.035, "side": "sell", "timestamp": 1765496643061}, {"id": "3009774330", "price": 92705.0, "amount": 0.072, "side": "buy", "timestamp": 1765496643064}, {"id": "3009774331", "price": 92705.0, "amount": 0.09, "side": "buy", "timestamp": 1765496643619}, {"id": "3009774332", "price": 92704.9, "amount": 0.002, "side": "sell", "timestamp": 1765496643825}, {"id": "3009774333", "price": 92705.0, "amount": 0.074, "side": "buy", "timestamp": 1765496644488}, {"id": "3009774334", "price": 92704.9, "amount": 0.01, "side": "sell", "timestamp": 1765496644577}, {"id": "3009774335", "price": 92705.0, "amount": 0.012, "side": "buy", "timestamp": 1765496645067}, {"id": "3009774336", "price": 92704.9, "amount": 0.002, "side": "sell", "timestamp": 1765496645139}, {"id": "3009774337", "price": 92705.0, "amount": 0.37, "side": "buy", "timestamp": 1765496645219}, {"id": "3009774338", "price": 92705.0, "amount": 0.012, "side": "buy", "timestamp": 1765496645351}, {"id": "3009774339", "price": 92705.0, "amount": 0.005, "side": "buy", "timestamp": 1765496645457}, {"id": "3009774340", "price": 92705.0, "amount": 0.05, "side": "buy", "timestamp": 1765496645757}, {"id": "3009774341", "price": 92704.9, "amount": 0.219, "side": "sell", "timestamp": 1765496645760}, {"id": "3009774342", "price": 92705.0, "amount": 0.589, "side": "buy", "timestamp": 1765496645840}, {"id": "3009774343", "price": 92704.9, "amount": 0.036, "side": "sell", "timestamp": 1765496645894}, {"id": "3009774344", "price": 92705.0, "amount": 0.002, "side": "buy", "timestamp": 1765496646108}, {"id": "3009774345", "price": 92704.9, "amount": 0.08, "side": "sell", "timestamp": 1765496646426}, {"id": "3009774346", "price": 92704.9, "amount": 0.022, "side": "sell", "timestamp": 1765496646980}, {"id": "3009774347", "price": 92704.9, "amount": 0.002, "side": "sell", "timestamp": 1765496647156}, {"id": "3009774348", "price": 92705.0, "amount": 2.678, "side": "buy", "timestamp": 1765496647306}, {"id": "3009774868", "price": 92685.1, "amount": 0.009, "side": "buy", "timestamp": 1765496687790}, {"id": "3009774869", "price": 92685.1, "amount": 0.002, "side": "buy", "timestamp": 1765496688200}, {"id": "3009774870", "price": 92685.0, "amount": 0.012, "side": "sell", "timestamp": 1765496688293}, {"id": "3009774871", "price": 92685.1, "amount": 0.082, "side": "buy", "timestamp": 1765496688546}, {"id": "3009774872", "price": 92685.0, "amount": 2.699, "side": "sell", "timestamp": 1765496689071}, {"id": "3009774873", "price": 92685.0, "amount": 0.005, "side": "sell", "timestamp": 1765496689314}, {"id": "3009774874", "price": 92685.1, "amount": 0.01, "side": "buy", "timestamp": 1765496689333}, {"id": "3009774875", "price": 92685.0, "amount": 0.024, "side": "sell", "timestamp": 1765496689430}, {"id": "3009774876", "price": 92684.9, "amount": 0.01, "side": "sell", "timestamp": 1765496689434}, {"id": "3009774877", "price": 92684.5, "amount": 0.003, "side": "sell", "timestamp": 1765496689437}, {"id": "3009774878", "price": 92684.0, "amount": 0.003, "side": "sell", "timestamp": 1765496689437}, {"id": "3009774879", "price": 92683.5, "amount": 0.003, "side": "sell", "timestamp": 1765496689437}, {"id": "3009774880", "price": 92683.1, "amount": 0.002, "side": "sell", "timestamp": 1765496689437}, {"id": "3009774881", "price": 92683.0, "amount": 0.005, "side": "sell", "timestamp": 1765496689437}, {"id": "3009774882", "price": 92682.8, "amount": 0.003, "side": "sell", "timestamp": 1765496689437}, {"id": "3009774883", "price": 92682.1, "amount": 0.003, "side": "sell", "timestamp": 1765496689437}, {"id": "3009774884", "price": 92682.0, "amount": 0.006, "side": "sell", "timestamp": 1765496689437}, {"id": "3009774885", "price": 92681.9, "amount": 0.006, "side": "sell", "timestamp": 1765496689441}, {"id": "3009774886", "price": 92681.6, "amount": 0.003, "side": "sell", "timestamp": 1765496689442}, {"id": "3009774887", "price": 92681.1, "amount": 0.003, "side": "sell", "timestamp": 1765496689442}, {"id": "3009774888", "price": 92680.9, "amount": 0.014, "side": "buy", "timestamp": 1765496690079}, {"id": "3009774889", "price": 92680.9, "amount": 0.005, "side": "buy", "timestamp": 1765496690529}, {"id": "3009774890", "price": 92680.8, "amount": 0.155, "side": "sell", "timestamp": 1765496690926}, {"id": "3009774891", "price": 92680.8, "amount": 0.089, "side": "sell", "timestamp": 1765496691235}, {"id": "3009774892", "price": 92680.8, "amount": 0.029, "side": "sell", "timestamp": 1765496691647}, {"id": "3009774893", "price": 92680.9, "amount": 0.053, "side": "buy", "timestamp": 1765496692331}, {"id": "3009774894", "price": 92680.8, "amount": 0.302, "side": "sell", "timestamp": 1765496692645}, {"id": "3009774895", "price": 92680.8, "amount": 0.003, "side": "sell", "timestamp": 1765496692994}, {"id": "3009774896", "price": 92680.9, "amount": 0.014, "side": "buy", "timestamp": 1765496693751}, {"id": "3009774897", "price": 92680.8, "amount": 0.003, "side": "sell", "timestamp": 1765496694736}, {"id": "3009774898", "price": 92680.9, "amount": 0.01, "side": "buy", "timestamp": 1765496694928}, {"id": "3009774899", "price": 92680.8, "amount": 0.004, "side": "sell", "timestamp": 1765496695073}, {"id": "3009774900", "price": 92680.8, "amount": 0.246, "side": "sell", "timestamp": 1765496695425}, {"id": "3009774901", "price": 92680.8, "amount": 0.01, "side": "sell", "timestamp": 1765496695704}, {"id": "3009774902", "price": 92680.9, "amount": 0.002, "side": "buy", "timestamp": 1765496696074}, {"id": "3009774903", "price": 92680.8, "amount": 0.013, "side": "sell", "timestamp": 1765496696376}, {"id": "3009774904", "price": 92680.8, "amount": 0.18, "side": "sell", "timestamp": 1765496696947}, {"id": "3009774905", "price": 92680.9, "amount": 2.678, "side": "buy", "timestamp": 1765496697036}, {"id": "3009774906", "price": 92680.8, "amount": 0.053, "side": "sell", "timestamp": 1765496697226}, {"id": "3009774907", "price": 92680.8, "amount": 0.013, "side": "sell", "timestamp": 1765496697806}, {"id": "3009774908", "price": 92680.8, "amount": 0.003, "side": "sell", "timestamp": 1765496697942}, {"id": "3009774909", "price": 92680.8, "amount": 0.1, "side": "sell", "timestamp": 1765496698691}, {"id": "3009774910", "price": 92680.9, "amount": 0.002, "side": "buy", "timestamp": 1765496698786}, {"id": "3009774911", "price": 92680.8, "amount": 0.003, "side": "sell", "timestamp": 1765496699560}, {"id": "3009774912", "price": 92680.9, "amount": 0.002, "side": "buy", "timestamp": 1765496699589}, {"id": "3009774913", "price": 92680.8, "amount": 0.011, "side": "sell", "timestamp": 1765496699680}, {"id": "3009774914", "price": 92680.9, "amount": 0.137, "side": "buy", "timestamp": 1765496699680}, {"id": "3009774915", "price": 92680.8, "amount": 0.002, "side": "sell", "timestamp": 1765496699820}, {"id": "3009774916", "price": 92680.8, "amount": 0.002, "side": "sell", "timestamp": 1765496700151}, {"id": "3009774917", "price": 92680.9, "amount": 0.01, "side": "buy", "timestamp": 1765496700158}, {"id": "3009775839", "price": 92748.6, "amount": 0.078, "side": "buy", "timestamp": 1765496747392}, {"id": "3009775840", "price": 92748.6, "amount": 0.08, "side": "buy", "timestamp": 1765496747498}, {"id": "3009775841", "price": 92748.5, "amount": 0.023, "side": "sell", "timestamp": 1765496747866}, {"id": "3009775842", "price": 92748.6, "amount": 0.096, "side": "buy", "timestamp": 1765496747958}, {"id": "3009775843", "price": 92748.5, "amount": 0.007, "side": "sell", "timestamp": 1765496748092}, {"id": "3009775844", "price": 92748.6, "amount": 0.002, "side": "buy", "timestamp": 1765496748235}, {"id": "3009775845", "price": 92748.5, "amount": 0.01, "side": "sell", "timestamp": 1765496748261}, {"id": "3009775846", "price": 92748.6, "amount": 0.002, "side": "buy", "timestamp": 1765496748367}, {"id": "3009775847", "price": 92748.5, "amount": 0.007, "side": "sell", "timestamp": 1765496748576}, {"id": "3009775848", "price": 92748.6, "amount": 0.056, "side": "buy", "timestamp": 1765496748846}, {"id": "3009775849", "price": 92748.5, "amount": 0.002, "side": "sell", "timestamp": 1765496749121}, {"id": "3009775850", "price": 92748.5, "amount": 0.005, "side": "sell", "timestamp": 1765496749249}, {"id": "3009775851", "price": 92748.6, "amount": 0.357, "side": "buy", "timestamp": 1765496749411}, {"id": "3009775852", "price": 92748.5, "amount": 0.004, "side": "sell", "timestamp": 1765496749484}, {"id": "3009775853", "price": 92748.6, "amount": 0.029, "side": "buy", "timestamp": 1765496749601}, {"id": "3009775854", "price": 92748.6, "amount": 0.327, "side": "buy", "timestamp": 1765496749708}, {"id": "3009775855", "price": 92748.7, "amount": 0.016, "side": "buy", "timestamp": 1765496749739}, {"id": "3009775856", "price": 92749.0, "amount": 0.008, "side": "buy", "timestamp": 1765496749739}, {"id": "3009775857", "price": 92749.5, "amount": 0.003, "side": "buy", "timestamp": 1765496749739}, {"id": "3009775858", "price": 92749.7, "amount": 0.466, "side": "buy", "timestamp": 1765496749742}, {"id": "3009775859", "price": 92749.6, "amount": 0.167, "side": "sell", "timestamp": 1765496749872}, {"id": "3009775860", "price": 92749.7, "amount": 0.011, "side": "buy", "timestamp": 1765496749956}, {"id": "3009775861", "price": 92749.6, "amount": 0.01, "side": "sell", "timestamp": 1765496750297}, {"id": "3009775862", "price": 92749.7, "amount": 0.006, "side": "buy", "timestamp": 1765496751158}, {"id": "3009775863", "price": 92749.8, "amount": 0.004, "side": "buy", "timestamp": 1765496751182}, {"id": "3009775864", "price": 92749.9, "amount": 0.002, "side": "buy", "timestamp": 1765496751182}, {"id": "3009775865", "price": 92750.0, "amount": 0.087, "side": "buy", "timestamp": 1765496751182}, {"id": "3009775866", "price": 92750.2, "amount": 0.011, "side": "buy", "timestamp": 1765496751188}, {"id": "3009775867", "price": 92750.4, "amount": 0.002, "side": "buy", "timestamp": 1765496751188}, {"id": "3009775868", "price": 92750.5, "amount": 0.003, "side": "buy", "timestamp": 1765496751188}, {"id": "3009775869", "price": 92750.6, "amount": 0.024, "side": "buy", "timestamp": 1765496751192}, {"id": "3009775870", "price": 92751.0, "amount": 0.003, "side": "buy", "timestamp": 1765496751194}, {"id": "3009775871", "price": 92751.2, "amount": 0.002, "side": "buy", "timestamp": 1765496751194}, {"id": "3009775872", "price": 92751.5, "amount": 0.003, "side": "buy", "timestamp": 1765496751194}, {"id": "3009775873", "price": 92751.7, "amount": 0.01, "side": "buy", "timestamp": 1765496751194}, {"id": "3009775874", "price": 92751.9, "amount": 0.003, "side": "buy", "timestamp": 1765496751194}, {"id": "3009775875", "price": 92752.0, "amount": 0.003, "side": "buy", "timestamp": 1765496751194}, {"id": "3009775876", "price": 92752.3, "amount": 0.002, "side": "buy", "timestamp": 1765496751194}, {"id": "3009775877", "price": 92752.5, "amount": 0.025, "side": "buy", "timestamp": 1765496751198}, {"id": "3009775878", "price": 92753.0, "amount": 0.025, "side": "buy", "timestamp": 1765496751202}, {"id": "3009775879", "price": 92752.9, "amount": 0.004, "side": "sell", "timestamp": 1765496751347}, {"id": "3009775880", "price": 92752.9, "amount": 0.08, "side": "sell", "timestamp": 1765496751583}, {"id": "3009775881", "price": 92752.9, "amount": 0.022, "side": "sell", "timestamp": 1765496751702}, {"id": "3009775882", "price": 92752.9, "amount": 0.133, "side": "sell", "timestamp": 1765496751987}, {"id": "3009775883", "price": 92753.0, "amount": 0.006, "side": "buy", "timestamp": 1765496752029}, {"id": "3009775884", "price": 92752.9, "amount": 2.703, "side": "sell", "timestamp": 1765496752321}, {"id": "3009775885", "price": 92753.0, "amount": 0.013, "side": "buy", "timestamp": 1765496752443}, {"id": "3009775886", "price": 92753.0, "amount": 0.003, "side": "buy", "timestamp": 1765496752553}, {"id": "3009775887", "price": 92752.9, "amount": 0.217, "side": "sell", "timestamp": 1765496752567}, {"id": "3009775888", "price": 92753.0, "amount": 0.002, "side": "buy", "timestamp": 1765496752898}, {"id": "3009777295", "price": 92632.5, "amount": 0.002, "side": "buy", "timestamp": 1765496803660}, {"id": "3009777296", "price": 92632.6, "amount": 0.002, "side": "buy", "timestamp": 1765496803660}, {"id": "3009777297", "price": 92632.7, "amount": 0.003, "side": "buy", "timestamp": 1765496803660}, {"id": "3009777298", "price": 92633.2, "amount": 0.003, "side": "buy", "timestamp": 1765496803661}, {"id": "3009777299", "price": 92633.4, "amount": 0.006, "side": "buy", "timestamp": 1765496803661}, {"id": "3009777300", "price": 92633.9, "amount": 0.001, "side": "sell", "timestamp": 1765496803714}, {"id": "3009777301", "price": 92634.0, "amount": 0.055, "side": "buy", "timestamp": 1765496803774}, {"id": "3009777302", "price": 92634.1, "amount": 0.005, "side": "buy", "timestamp": 1765496803775}, {"id": "3009777303", "price": 92634.3, "amount": 0.005, "side": "buy", "timestamp": 1765496803778}, {"id": "3009777304", "price": 92634.6, "amount": 0.003, "side": "buy", "timestamp": 1765496803778}, {"id": "3009777305", "price": 92635.1, "amount": 0.003, "side": "buy", "timestamp": 1765496803778}, {"id": "3009777306", "price": 92635.6, "amount": 0.003, "side": "buy", "timestamp": 1765496803778}, {"id": "3009777307", "price": 92635.7, "amount": 0.003, "side": "buy", "timestamp": 1765496803778}, {"id": "3009777308", "price": 92635.9, "amount": 0.003, "side": "buy", "timestamp": 1765496803778}, {"id": "3009777309", "price": 92636.2, "amount": 0.003, "side": "buy", "timestamp": 1765496803778}, {"id": "3009777310", "price": 92636.4, "amount": 0.003, "side": "buy", "timestamp": 1765496803778}, {"id": "3009777311", "price": 92636.5, "amount": 0.002, "side": "buy", "timestamp": 1765496803778}, {"id": "3009777312", "price": 92636.7, "amount": 0.002, "side": "buy", "timestamp": 1765496803778}, {"id": "3009777313", "price": 92636.9, "amount": 0.002, "side": "sell", "timestamp": 1765496803906}, {"id": "3009777314", "price": 92637.0, "amount": 0.026, "side": "buy", "timestamp": 1765496804740}, {"id": "3009777315", "price": 92637.1, "amount": 0.002, "side": "buy", "timestamp": 1765496804740}, {"id": "3009777316", "price": 92637.6, "amount": 0.003, "side": "buy", "timestamp": 1765496804740}, {"id": "3009777317", "price": 92638.3, "amount": 0.003, "side": "buy", "timestamp": 1765496804740}, {"id": "3009777318", "price": 92638.8, "amount": 0.003, "side": "buy", "timestamp": 1765496804743}, {"id": "3009777319", "price": 92639.1, "amount": 0.002, "side": "buy", "timestamp": 1765496804743}, {"id": "3009777320", "price": 92639.2, "amount": 0.017, "side": "buy", "timestamp": 1765496804743}, {"id": "3009777321", "price": 92639.3, "amount": 0.018, "side": "buy", "timestamp": 1765496804746}, {"id": "3009777322", "price": 92639.4, "amount": 0.018, "side": "buy", "timestamp": 1765496804748}, {"id": "3009777323", "price": 92639.6, "amount": 0.002, "side": "buy", "timestamp": 1765496804748}, {"id": "3009777324", "price": 92639.7, "amount": 0.002, "side": "buy", "timestamp": 1765496804748}, {"id": "3009777325", "price": 92640.0, "amount": 0.003, "side": "buy", "timestamp": 1765496804748}, {"id": "3009777326", "price": 92640.4, "amount": 0.006, "side": "buy", "timestamp": 1765496804750}, {"id": "3009777327", "price": 92640.5, "amount": 0.003, "side": "buy", "timestamp": 1765496804750}, {"id": "3009777328", "price": 92640.6, "amount": 0.028, "side": "buy", "timestamp": 1765496804753}, {"id": "3009777329", "price": 92640.6, "amount": 0.014, "side": "buy", "timestamp": 1765496804863}, {"id": "3009777330", "price": 92640.7, "amount": 0.002, "side": "buy", "timestamp": 1765496804863}, {"id": "3009777331", "price": 92641.1, "amount": 0.003, "side": "buy", "timestamp": 1765496804868}, {"id": "3009777332", "price": 92641.2, "amount": 0.002, "side": "buy", "timestamp": 1765496804868}, {"id": "3009777333", "price": 92641.4, "amount": 0.002, "side": "buy", "timestamp": 1765496804868}, {"id": "3009777334", "price": 92641.6, "amount": 0.008, "side": "buy", "timestamp": 1765496804868}, {"id": "3009777335", "price": 92642.0, "amount": 0.002, "side": "buy", "timestamp": 1765496804868}, {"id": "3009777336", "price": 92642.2, "amount": 0.002, "side": "buy", "timestamp": 1765496804868}, {"id": "3009777337", "price": 92642.3, "amount": 0.021, "side": "sell", "timestamp": 1765496804927}, {"id": "3009777338", "price": 92642.3, "amount": 0.002, "side": "sell", "timestamp": 1765496805042}, {"id": "3009777339", "price": 92642.4, "amount": 0.005, "side": "buy", "timestamp": 1765496805256}, {"id": "3009777340", "price": 92642.3, "amount": 0.002, "side": "sell", "timestamp": 1765496805374}, {"id": "3009777341", "price": 92642.4, "amount": 0.021, "side": "buy", "timestamp": 1765496805380}, {"id": "3009777342", "price": 92642.3, "amount": 0.011, "side": "sell", "timestamp": 1765496805480}, {"id": "3009777343", "price": 92642.3, "amount": 0.023, "side": "sell", "timestamp": 1765496805907}, {"id": "3009777344", "price": 92642.4, "amount": 0.002, "side": "buy", "timestamp": 1765496806117}, {"id": "3009778526", "price": 92612.7, "amount": 0.023, "side": "buy", "timestamp": 1765496852657}, {"id": "3009778527", "price": 92613.0, "amount": 0.002, "side": "buy", "timestamp": 1765496852658}, {"id": "3009778528", "price": 92613.3, "amount": 0.003, "side": "buy", "timestamp": 1765496852658}, {"id": "3009778529", "price": 92613.8, "amount": 0.003, "side": "buy", "timestamp": 1765496852658}, {"id": "3009778530", "price": 92614.5, "amount": 0.003, "side": "buy", "timestamp": 1765496852658}, {"id": "3009778531", "price": 92614.8, "amount": 0.003, "side": "buy", "timestamp": 1765496852658}, {"id": "3009778532", "price": 92614.9, "amount": 0.006, "side": "buy", "timestamp": 1765496852658}, {"id": "3009778533", "price": 92615.0, "amount": 0.007, "side": "buy", "timestamp": 1765496852658}, {"id": "3009778534", "price": 92615.4, "amount": 0.002, "side": "buy", "timestamp": 1765496852663}, {"id": "3009778535", "price": 92615.5, "amount": 0.003, "side": "buy", "timestamp": 1765496852663}, {"id": "3009778536", "price": 92615.6, "amount": 0.005, "side": "buy", "timestamp": 1765496852663}, {"id": "3009778537", "price": 92615.9, "amount": 0.002, "side": "buy", "timestamp": 1765496852663}, {"id": "3009778538", "price": 92616.1, "amount": 0.002, "side": "buy", "timestamp": 1765496852663}, {"id": "3009778539", "price": 92616.2, "amount": 0.003, "side": "buy", "timestamp": 1765496852663}, {"id": "3009778540", "price": 92616.3, "amount": 0.003, "side": "buy", "timestamp": 1765496852663}, {"id": "3009778541", "price": 92616.7, "amount": 0.011, "side": "buy", "timestamp": 1765496852675}, {"id": "3009778542", "price": 92616.8, "amount": 0.002, "side": "buy", "timestamp": 1765496852676}, {"id": "3009778543", "price": 92617.0, "amount": 0.003, "side": "buy", "timestamp": 1765496852676}, {"id": "3009778544", "price": 92617.5, "amount": 0.004, "side": "buy", "timestamp": 1765496852676}, {"id": "3009778545", "price": 92617.7, "amount": 0.003, "side": "buy", "timestamp": 1765496852680}, {"id": "3009778546", "price": 92618.1, "amount": 0.029, "side": "buy", "timestamp": 1765496852682}, {"id": "3009778547", "price": 92618.1, "amount": 0.016, "side": "buy", "timestamp": 1765496852860}, {"id": "3009778548", "price": 92618.0, "amount": 0.01, "side": "sell", "timestamp": 1765496853084}, {"id": "3009778549", "price": 92618.0, "amount": 0.01, "side": "sell", "timestamp": 1765496853667}, {"id": "3009778550", "price": 92618.1, "amount": 0.08, "side": "buy", "timestamp": 1765496853669}, {"id": "3009778551", "price": 92618.0, "amount": 0.023, "side": "sell", "timestamp": 1765496853697}, {"id": "3009778552", "price": 92618.1, "amount": 0.004, "side": "buy", "timestamp": 1765496853879}, {"id": "3009778553", "price": 92618.1, "amount": 0.011, "side": "buy", "timestamp": 1765496854577}, {"id": "3009778554", "price": 92618.0, "amount": 0.275, "side": "sell", "timestamp": 1765496854962}, {"id": "3009778555", "price": 92618.0, "amount": 0.002, "side": "sell", "timestamp": 1765496855181}, {"id": "3009778556", "price": 92618.1, "amount": 0.007, "side": "buy", "timestamp": 1765496855511}, {"id": "3009778557", "price": 92618.0, "amount": 2.699, "side": "sell", "timestamp": 1765496855911}, {"id": "3009778558", "price": 92618.1, "amount": 0.002, "side": "buy", "timestamp": 1765496856080}, {"id": "3009778559", "price": 92618.0, "amount": 0.086, "side": "sell", "timestamp": 1765496856090}, {"id": "3009778560", "price": 92618.1, "amount": 0.194, "side": "buy", "timestamp": 1765496856235}, {"id": "3009778561", "price": 92618.0, "amount": 0.013, "side": "sell", "timestamp": 1765496856287}, {"id": "3009778562", "price": 92618.1, "amount": 0.066, "side": "buy", "timestamp": 1765496856388}, {"id": "3009778563", "price": 92618.0, "amount": 0.161, "side": "sell", "timestamp": 1765496856427}, {"id": "3009778564", "price": 92618.1, "amount": 0.013, "side": "buy", "timestamp": 1765496856722}, {"id": "3009778565", "price": 92618.0, "amount": 0.005, "side": "sell", "timestamp": 1765496856728}, {"id": "3009778566", "price": 92618.1, "amount": 0.003, "side": "buy", "timestamp": 1765496856978}, {"id": "3009778567", "price": 92618.0, "amount": 0.002, "side": "sell", "timestamp": 1765496857165}, {"id": "3009778568", "price": 92618.0, "amount": 0.08, "side": "sell", "timestamp": 1765496857393}, {"id": "3009778569", "price": 92618.1, "amount": 0.024, "side": "buy", "timestamp": 1765496857426}, {"id": "3009778570", "price": 92618.0, "amount": 0.01, "side": "sell", "timestamp": 1765496857482}, {"id": "3009778571", "price": 92618.0, "amount": 0.013, "side": "sell", "timestamp": 1765496857601}, {"id": "3009778572", "price": 92618.1, "amount": 0.002, "side": "buy", "timestamp": 1765496858063}, {"id": "3009778573", "price": 92618.0, "amount": 0.112, "side": "sell", "timestamp": 1765496858078}, {"id": "3009778574", "price": 92618.0, "amount": 0.026, "side": "sell", "timestamp": 1765496858342}, {"id": "3009778575", "price": 92618.0, "amount": 0.012, "side": "sell", "timestamp": 1765496858574}, {"id": "3009779357", "price": 92579.7, "amount": 0.005, "side": "buy", "timestamp": 1765496910816}, {"id": "3009779358", "price": 92579.8, "amount": 0.003, "side": "buy", "timestamp": 1765496910816}, {"id": "3009779359", "price": 92580.0, "amount": 0.006, "side": "buy", "timestamp": 1765496910816}, {"id": "3009779360", "price": 92580.1, "amount": 0.003, "side": "buy", "timestamp": 1765496910816}, {"id": "3009779361", "price": 92580.2, "amount": 0.005, "side": "buy", "timestamp": 1765496910816}, {"id": "3009779362", "price": 92580.3, "amount": 0.002, "side": "buy", "timestamp": 1765496910816}, {"id": "3009779363", "price": 92580.6, "amount": 0.007, "side": "buy", "timestamp": 1765496910816}, {"id": "3009779364", "price": 92580.7, "amount": 0.009, "side": "buy", "timestamp": 1765496910816}, {"id": "3009779365", "price": 92580.8, "amount": 0.003, "side": "buy", "timestamp": 1765496910816}, {"id": "3009779366", "price": 92580.9, "amount": 0.004, "side": "buy", "timestamp": 1765496910816}, {"id": "3009779367", "price": 92581.0, "amount": 0.002, "side": "buy", "timestamp": 1765496910816}, {"id": "3009779368", "price": 92581.1, "amount": 0.002, "side": "buy", "timestamp": 1765496910816}, {"id": "3009779369", "price": 92581.5, "amount": 0.002, "side": "buy", "timestamp": 1765496910816}, {"id": "3009779370", "price": 92581.6, "amount": 0.006, "side": "buy", "timestamp": 1765496910816}, {"id": "3009779371", "price": 92581.8, "amount": 0.004, "side": "buy", "timestamp": 1765496910816}, {"id": "3009779372", "price": 92581.9, "amount": 0.111, "side": "buy", "timestamp": 1765496910816}, {"id": "3009779373", "price": 92582.0, "amount": 0.005, "side": "buy", "timestamp": 1765496910816}, {"id": "3009779374", "price": 92582.1, "amount": 0.057, "side": "buy", "timestamp": 1765496910817}, {"id": "3009779375", "price": 92582.5, "amount": 0.002, "side": "buy", "timestamp": 1765496910817}, {"id": "3009779376", "price": 92582.6, "amount": 0.152, "side": "buy", "timestamp": 1765496910817}, {"id": "3009779377", "price": 92582.7, "amount": 0.378, "side": "buy", "timestamp": 1765496910817}, {"id": "3009779378", "price": 92582.8, "amount": 0.112, "side": "buy", "timestamp": 1765496910817}, {"id": "3009779379", "price": 92583.0, "amount": 0.035, "side": "buy", "timestamp": 1765496910817}, {"id": "3009779380", "price": 92583.1, "amount": 0.061, "side": "buy", "timestamp": 1765496910817}, {"id": "3009779381", "price": 92583.3, "amount": 0.003, "side": "buy", "timestamp": 1765496910817}, {"id": "3009779382", "price": 92583.4, "amount": 0.005, "side": "buy", "timestamp": 1765496910817}, {"id": "3009779383", "price": 92583.5, "amount": 0.109, "side": "buy", "timestamp": 1765496910817}, {"id": "3009779384", "price": 92583.7, "amount": 0.002, "side": "buy", "timestamp": 1765496910817}, {"id": "3009779385", "price": 92583.8, "amount": 0.006, "side": "buy", "timestamp": 1765496910817}, {"id": "3009779386", "price": 92583.9, "amount": 0.002, "side": "buy", "timestamp": 1765496910817}, {"id": "3009779387", "price": 92584.0, "amount": 0.167, "side": "buy", "timestamp": 1765496910817}, {"id": "3009779388", "price": 92584.1, "amount": 0.003, "side": "buy", "timestamp": 1765496910817}, {"id": "3009779389", "price": 92584.2, "amount": 0.117, "side": "buy", "timestamp": 1765496910817}, {"id": "3009779390", "price": 92584.3, "amount": 0.005, "side": "buy", "timestamp": 1765496910817}, {"id": "3009779391", "price": 92584.4, "amount": 0.002, "side": "buy", "timestamp": 1765496910817}, {"id": "3009779392", "price": 92584.5, "amount": 0.24, "side": "buy", "timestamp": 1765496910817}, {"id": "3009779393", "price": 92584.6, "amount": 0.005, "side": "buy", "timestamp": 1765496910817}, {"id": "3009779394", "price": 92584.7, "amount": 0.282, "side": "buy", "timestamp": 1765496910817}, {"id": "3009779395", "price": 92584.8, "amount": 0.036, "side": "buy", "timestamp": 1765496910817}, {"id": "3009779396", "price": 92584.9, "amount": 0.109, "side": "buy", "timestamp": 1765496910817}, {"id": "3009779397", "price": 92585.0, "amount": 0.002, "side": "buy", "timestamp": 1765496910817}, {"id": "3009779398", "price": 92585.1, "amount": 0.003, "side": "buy", "timestamp": 1765496910817}, {"id": "3009779399", "price": 92585.2, "amount": 0.005, "side": "buy", "timestamp": 1765496910817}, {"id": "3009779400", "price": 92585.3, "amount": 0.002, "side": "buy", "timestamp": 1765496910817}, {"id": "3009779401", "price": 92585.5, "amount": 0.015, "side": "buy", "timestamp": 1765496910817}, {"id": "3009779402", "price": 92584.7, "amount": 0.006, "side": "sell", "timestamp": 1765496910868}, {"id": "3009779403", "price": 92584.8, "amount": 0.002, "side": "buy", "timestamp": 1765496910893}, {"id": "3009779404", "price": 92584.7, "amount": 0.002, "side": "sell", "timestamp": 1765496911160}, {"id": "3009779405", "price": 92584.7, "amount": 0.102, "side": "sell", "timestamp": 1765496911287}, {"id": "3009779406", "price": 92584.7, "amount": 0.056, "side": "sell", "timestamp": 1765496911491}, {"id": "3009779821", "price": 92578.5, "amount": 0.002, "side": "buy", "timestamp": 1765496961692}, {"id": "3009779822", "price": 92578.8, "amount": 0.003, "side": "buy", "timestamp": 1765496961692}, {"id": "3009779823", "price": 92579.3, "amount": 0.003, "side": "buy", "timestamp": 1765496961692}, {"id": "3009779824", "price": 92579.4, "amount": 0.114, "side": "buy", "timestamp": 1765496961692}, {"id": "3009779825", "price": 92579.6, "amount": 0.002, "side": "buy", "timestamp": 1765496961692}, {"id": "3009779826", "price": 92579.7, "amount": 0.007, "side": "buy", "timestamp": 1765496961692}, {"id": "3009779827", "price": 92579.8, "amount": 0.002, "side": "buy", "timestamp": 1765496961692}, {"id": "3009779828", "price": 92580.0, "amount": 0.005, "side": "buy", "timestamp": 1765496961692}, {"id": "3009779829", "price": 92580.2, "amount": 0.002, "side": "buy", "timestamp": 1765496961692}, {"id": "3009779830", "price": 92580.3, "amount": 0.054, "side": "buy", "timestamp": 1765496961692}, {"id": "3009779831", "price": 92580.4, "amount": 0.003, "side": "buy", "timestamp": 1765496961692}, {"id": "3009779832", "price": 92580.7, "amount": 0.005, "side": "buy", "timestamp": 1765496961692}, {"id": "3009779833", "price": 92580.8, "amount": 0.005, "side": "buy", "timestamp": 1765496961692}, {"id": "3009779834", "price": 92580.9, "amount": 0.109, "side": "buy", "timestamp": 1765496961692}, {"id": "3009779835", "price": 92581.1, "amount": 0.002, "side": "buy", "timestamp": 1765496961692}, {"id": "3009779836", "price": 92581.2, "amount": 0.003, "side": "buy", "timestamp": 1765496961692}, {"id": "3009779837", "price": 92581.3, "amount": 0.008, "side": "buy", "timestamp": 1765496961692}, {"id": "3009779838", "price": 92581.6, "amount": 0.109, "side": "buy", "timestamp": 1765496961692}, {"id": "3009779839", "price": 92581.7, "amount": 0.003, "side": "buy", "timestamp": 1765496961692}, {"id": "3009779840", "price": 92581.9, "amount": 0.002, "side": "buy", "timestamp": 1765496961692}, {"id": "3009779841", "price": 92582.0, "amount": 0.005, "side": "buy", "timestamp": 1765496961692}, {"id": "3009779842", "price": 92582.1, "amount": 0.421, "side": "buy", "timestamp": 1765496961692}, {"id": "3009779843", "price": 92582.0, "amount": 0.03, "side": "sell", "timestamp": 1765496962614}, {"id": "3009779844", "price": 92582.0, "amount": 0.045, "side": "sell", "timestamp": 1765496962740}, {"id": "3009779845", "price": 92581.9, "amount": 0.004, "side": "sell", "timestamp": 1765496962742}, {"id": "3009779846", "price": 92581.6, "amount": 0.002, "side": "sell", "timestamp": 1765496962742}, {"id": "3009779847", "price": 92580.1, "amount": 0.002, "side": "sell", "timestamp": 1765496962742}, {"id": "3009779848", "price": 92580.0, "amount": 0.002, "side": "sell", "timestamp": 1765496962742}, {"id": "3009779849", "price": 92579.8, "amount": 0.003, "side": "sell", "timestamp": 1765496962742}, {"id": "3009779850", "price": 92579.7, "amount": 0.003, "side": "sell", "timestamp": 1765496962742}, {"id": "3009779851", "price": 92579.6, "amount": 0.002, "side": "sell", "timestamp": 1765496962742}, {"id": "3009779852", "price": 92578.9, "amount": 0.003, "side": "sell", "timestamp": 1765496962742}, {"id": "3009779853", "price": 92578.8, "amount": 0.006, "side": "sell", "timestamp": 1765496962774}, {"id": "3009779854", "price": 92578.9, "amount": 0.028, "side": "buy", "timestamp": 1765496963488}, {"id": "3009779855", "price": 92578.9, "amount": 0.016, "side": "buy", "timestamp": 1765496963724}, {"id": "3009779856", "price": 92578.8, "amount": 0.023, "side": "sell", "timestamp": 1765496963885}, {"id": "3009779857", "price": 92578.7, "amount": 0.002, "side": "sell", "timestamp": 1765496963959}, {"id": "3009779858", "price": 92578.1, "amount": 0.003, "side": "sell", "timestamp": 1765496963967}, {"id": "3009779859", "price": 92578.0, "amount": 0.002, "side": "sell", "timestamp": 1765496963967}, {"id": "3009779860", "price": 92577.6, "amount": 0.003, "side": "sell", "timestamp": 1765496963967}, {"id": "3009779861", "price": 92577.5, "amount": 0.002, "side": "sell", "timestamp": 1765496963967}, {"id": "3009779862", "price": 92577.1, "amount": 0.003, "side": "sell", "timestamp": 1765496963967}, {"id": "3009779863", "price": 92577.0, "amount": 0.002, "side": "sell", "timestamp": 1765496963967}, {"id": "3009779864", "price": 92576.5, "amount": 0.003, "side": "sell", "timestamp": 1765496963967}, {"id": "3009779865", "price": 92575.8, "amount": 0.006, "side": "sell", "timestamp": 1765496963967}, {"id": "3009779866", "price": 92575.3, "amount": 0.008, "side": "sell", "timestamp": 1765496963977}, {"id": "3009779867", "price": 92575.2, "amount": 0.003, "side": "sell", "timestamp": 1765496963977}, {"id": "3009779868", "price": 92575.1, "amount": 0.184, "side": "sell", "timestamp": 1765496964310}, {"id": "3009779869", "price": 92575.2, "amount": 0.293, "side": "buy", "timestamp": 1765496964770}, {"id": "3009779870", "price": 92575.2, "amount": 0.01, "side": "buy", "timestamp": 1765496965048}, {"id": "3009780719", "price": 92583.7, "amount": 0.003, "side": "sell", "timestamp": 1765497017708}, {"id": "3009780720", "price": 92583.6, "amount": 0.012, "side": "sell", "timestamp": 1765497017712}, {"id": "3009780721", "price": 92583.0, "amount": 0.007, "side": "sell", "timestamp": 1765497017717}, {"id": "3009780722", "price": 92582.8, "amount": 0.003, "side": "sell", "timestamp": 1765497017717}, {"id": "3009780723", "price": 92582.7, "amount": 0.003, "side": "sell", "timestamp": 1765497017717}, {"id": "3009780724", "price": 92582.4, "amount": 0.003, "side": "sell", "timestamp": 1765497017717}, {"id": "3009780725", "price": 92582.3, "amount": 0.003, "side": "sell", "timestamp": 1765497017717}, {"id": "3009780726", "price": 92582.0, "amount": 0.002, "side": "sell", "timestamp": 1765497017718}, {"id": "3009780727", "price": 92581.9, "amount": 0.005, "side": "sell", "timestamp": 1765497017718}, {"id": "3009780728", "price": 92581.7, "amount": 0.03, "side": "sell", "timestamp": 1765497017718}, {"id": "3009780729", "price": 92581.6, "amount": 0.003, "side": "sell", "timestamp": 1765497017719}, {"id": "3009780730", "price": 92581.4, "amount": 0.003, "side": "sell", "timestamp": 1765497017724}, {"id": "3009780731", "price": 92581.1, "amount": 0.002, "side": "sell", "timestamp": 1765497017724}, {"id": "3009780732", "price": 92580.8, "amount": 0.003, "side": "sell", "timestamp": 1765497017726}, {"id": "3009780733", "price": 92580.7, "amount": 0.002, "side": "sell", "timestamp": 1765497017726}, {"id": "3009780734", "price": 92580.3, "amount": 0.008, "side": "sell", "timestamp": 1765497017735}, {"id": "3009780735", "price": 92580.1, "amount": 0.002, "side": "sell", "timestamp": 1765497017735}, {"id": "3009780736", "price": 92580.0, "amount": 0.002, "side": "sell", "timestamp": 1765497017735}, {"id": "3009780737", "price": 92579.9, "amount": 0.032, "side": "sell", "timestamp": 1765497017750}, {"id": "3009780738", "price": 92579.8, "amount": 0.008, "side": "sell", "timestamp": 1765497017755}, {"id": "3009780739", "price": 92579.6, "amount": 0.003, "side": "sell", "timestamp": 1765497017759}, {"id": "3009780740", "price": 92579.3, "amount": 0.016, "side": "sell", "timestamp": 1765497017765}, {"id": "3009780741", "price": 92578.9, "amount": 0.002, "side": "sell", "timestamp": 1765497017767}, {"id": "3009780742", "price": 92578.8, "amount": 0.003, "side": "sell", "timestamp": 1765497017767}, {"id": "3009780743", "price": 92578.5, "amount": 0.005, "side": "sell", "timestamp": 1765497017767}, {"id": "3009780744", "price": 92578.3, "amount": 0.003, "side": "sell", "timestamp": 1765497017767}, {"id": "3009780745", "price": 92578.3, "amount": 0.021, "side": "buy", "timestamp": 1765497017816}, {"id": "3009780746", "price": 92578.2, "amount": 1.018, "side": "sell", "timestamp": 1765497017851}, {"id": "3009780747", "price": 92578.1, "amount": 0.007, "side": "sell", "timestamp": 1765497017851}, {"id": "3009780748", "price": 92577.6, "amount": 0.002, "side": "sell", "timestamp": 1765497017851}, {"id": "3009780749", "price": 92577.5, "amount": 0.003, "side": "sell", "timestamp": 1765497017851}, {"id": "3009780750", "price": 92577.3, "amount": 0.003, "side": "sell", "timestamp": 1765497017851}, {"id": "3009780751", "price": 92576.8, "amount": 0.006, "side": "sell", "timestamp": 1765497017852}, {"id": "3009780752", "price": 92576.7, "amount": 0.002, "side": "sell", "timestamp": 1765497017852}, {"id": "3009780753", "price": 92576.3, "amount": 0.009, "side": "sell", "timestamp": 1765497017852}, {"id": "3009780754", "price": 92575.9, "amount": 0.003, "side": "sell", "timestamp": 1765497017852}, {"id": "3009780755", "price": 92575.8, "amount": 0.005, "side": "sell", "timestamp": 1765497017852}, {"id": "3009780756", "price": 92575.3, "amount": 0.003, "side": "sell", "timestamp": 1765497017852}, {"id": "3009780757", "price": 92575.2, "amount": 0.002, "side": "sell", "timestamp": 1765497017852}, {"id": "3009780758", "price": 92575.0, "amount": 0.004, "side": "sell", "timestamp": 1765497017852}, {"id": "3009780759", "price": 92574.9, "amount": 0.002, "side": "sell", "timestamp": 1765497017852}, {"id": "3009780760", "price": 92574.8, "amount": 0.003, "side": "sell", "timestamp": 1765497017852}, {"id": "3009780761", "price": 92574.6, "amount": 0.003, "side": "sell", "timestamp": 1765497017852}, {"id": "3009780762", "price": 92574.5, "amount": 0.002, "side": "sell", "timestamp": 1765497017852}, {"id": "3009780763", "price": 92574.3, "amount": 0.002, "side": "sell", "timestamp": 1765497017853}, {"id": "3009780764", "price": 92574.2, "amount": 0.003, "side": "sell", "timestamp": 1765497017853}, {"id": "3009780765", "price": 92574.0, "amount": 0.002, "side": "sell", "timestamp": 1765497017853}, {"id": "3009780766", "price": 92573.6, "amount": 0.002, "side": "sell", "timestamp": 1765497017857}, {"id": "3009780767", "price": 92573.5, "amount": 0.021, "side": "sell", "timestamp": 1765497017868}, {"id": "3009780768", "price": 92573.4, "amount": 0.005, "side": "sell", "timestamp": 1765497017868}, {"id": "3009781375", "price": 92600.0, "amount": 0.028, "side": "sell", "timestamp": 1765497061137}, {"id": "3009781376", "price": 92599.9, "amount": 0.049, "side": "sell", "timestamp": 1765497061137}, {"id": "3009781377", "price": 92599.8, "amount": 0.02, "side": "sell", "timestamp": 1765497061141}, {"id": "3009781378", "price": 92599.7, "amount": 0.003, "side": "sell", "timestamp": 1765497061141}, {"id": "3009781379", "price": 92599.4, "amount": 0.012, "side": "sell", "timestamp": 1765497061147}, {"id": "3009781380", "price": 92599.2, "amount": 0.002, "side": "sell", "timestamp": 1765497061149}, {"id": "3009781381", "price": 92599.1, "amount": 0.003, "side": "sell", "timestamp": 1765497061149}, {"id": "3009781382", "price": 92598.8, "amount": 0.003, "side": "sell", "timestamp": 1765497061149}, {"id": "3009781383", "price": 92598.3, "amount": 0.003, "side": "sell", "timestamp": 1765497061149}, {"id": "3009781384", "price": 92598.1, "amount": 0.003, "side": "sell", "timestamp": 1765497061149}, {"id": "3009781385", "price": 92598.0, "amount": 0.002, "side": "sell", "timestamp": 1765497061149}, {"id": "3009781386", "price": 92597.4, "amount": 0.003, "side": "sell", "timestamp": 1765497061149}, {"id": "3009781387", "price": 92597.3, "amount": 0.002, "side": "sell", "timestamp": 1765497061149}, {"id": "3009781388", "price": 92597.1, "amount": 0.378, "side": "sell", "timestamp": 1765497061153}, {"id": "3009781389", "price": 92596.7, "amount": 0.003, "side": "sell", "timestamp": 1765497061157}, {"id": "3009781390", "price": 92596.5, "amount": 0.446, "side": "sell", "timestamp": 1765497061158}, {"id": "3009781391", "price": 92596.6, "amount": 0.009, "side": "buy", "timestamp": 1765497061176}, {"id": "3009781392", "price": 92596.5, "amount": 0.002, "side": "sell", "timestamp": 1765497061214}, {"id": "3009781393", "price": 92596.6, "amount": 0.015, "side": "buy", "timestamp": 1765497061311}, {"id": "3009781394", "price": 92596.5, "amount": 0.01, "side": "sell", "timestamp": 1765497061378}, {"id": "3009781395", "price": 92596.6, "amount": 0.004, "side": "buy", "timestamp": 1765497061502}, {"id": "3009781396", "price": 92596.6, "amount": 0.003, "side": "buy", "timestamp": 1765497062184}, {"id": "3009781397", "price": 92596.5, "amount": 0.261, "side": "sell", "timestamp": 1765497062791}, {"id": "3009781398", "price": 92596.5, "amount": 1.25, "side": "sell", "timestamp": 1765497063031}, {"id": "3009781399", "price": 92596.5, "amount": 0.024, "side": "sell", "timestamp": 1765497063174}, {"id": "3009781400", "price": 92596.6, "amount": 0.002, "side": "buy", "timestamp": 1765497063236}, {"id": "3009781401", "price": 92596.5, "amount": 0.012, "side": "sell", "timestamp": 1765497063701}, {"id": "3009781402", "price": 92596.6, "amount": 2.761, "side": "buy", "timestamp": 1765497064153}, {"id": "3009781403", "price": 92596.6, "amount": 0.002, "side": "buy", "timestamp": 1765497064490}, {"id": "3009781404", "price": 92596.6, "amount": 0.098, "side": "buy", "timestamp": 1765497065024}, {"id": "3009781405", "price": 92596.5, "amount": 0.002, "side": "sell", "timestamp": 1765497065138}, {"id": "3009781406", "price": 92596.6, "amount": 0.277, "side": "buy", "timestamp": 1765497065192}, {"id": "3009781407", "price": 92596.7, "amount": 0.027, "side": "buy", "timestamp": 1765497065251}, {"id": "3009781408", "price": 92596.6, "amount": 0.001, "side": "sell", "timestamp": 1765497065629}, {"id": "3009781409", "price": 92596.7, "amount": 0.004, "side": "buy", "timestamp": 1765497065649}, {"id": "3009781410", "price": 92596.7, "amount": 0.026, "side": "buy", "timestamp": 1765497065756}, {"id": "3009781411", "price": 92596.7, "amount": 0.024, "side": "buy", "timestamp": 1765497066084}, {"id": "3009781412", "price": 92596.7, "amount": 0.008, "side": "buy", "timestamp": 1765497066740}, {"id": "3009781413", "price": 92596.6, "amount": 0.013, "side": "sell", "timestamp": 1765497066972}, {"id": "3009781414", "price": 92596.6, "amount": 2.706, "side": "sell", "timestamp": 1765497067653}, {"id": "3009781415", "price": 92596.6, "amount": 0.08, "side": "sell", "timestamp": 1765497067890}, {"id": "3009781416", "price": 92596.6, "amount": 0.005, "side": "sell", "timestamp": 1765497068020}, {"id": "3009781417", "price": 92596.6, "amount": 0.295, "side": "sell", "timestamp": 1765497068609}, {"id": "3009781418", "price": 92596.7, "amount": 0.012, "side": "buy", "timestamp": 1765497068675}, {"id": "3009781419", "price": 92596.7, "amount": 0.002, "side": "buy", "timestamp": 1765497069010}, {"id": "3009781420", "price": 92596.6, "amount": 0.006, "side": "sell", "timestamp": 1765497069416}, {"id": "3009781421", "price": 92596.6, "amount": 0.12, "side": "sell", "timestamp": 1765497069532}, {"id": "3009781422", "price": 92596.6, "amount": 0.093, "side": "sell", "timestamp": 1765497069925}, {"id": "3009781423", "price": 92596.6, "amount": 0.035, "side": "sell", "timestamp": 1765497070224}, {"id": "3009781424", "price": 92596.6, "amount": 1.0, "side": "sell", "timestamp": 1765497070611}, {"id": "3009782095", "price": 92635.0, "amount": 0.002, "side": "buy", "timestamp": 1765497124101}, {"id": "3009782096", "price": 92635.2, "amount": 0.005, "side": "buy", "timestamp": 1765497124101}, {"id": "3009782097", "price": 92635.3, "amount": 0.003, "side": "buy", "timestamp": 1765497124101}, {"id": "3009782098", "price": 92635.4, "amount": 0.05, "side": "buy", "timestamp": 1765497124101}, {"id": "3009782099", "price": 92635.7, "amount": 0.055, "side": "buy", "timestamp": 1765497124101}, {"id": "3009782100", "price": 92635.8, "amount": 0.036, "side": "buy", "timestamp": 1765497124101}, {"id": "3009782101", "price": 92635.9, "amount": 0.004, "side": "buy", "timestamp": 1765497124101}, {"id": "3009782102", "price": 92636.2, "amount": 0.008, "side": "buy", "timestamp": 1765497124101}, {"id": "3009782103", "price": 92636.4, "amount": 0.002, "side": "buy", "timestamp": 1765497124101}, {"id": "3009782104", "price": 92636.7, "amount": 0.003, "side": "buy", "timestamp": 1765497124101}, {"id": "3009782105", "price": 92637.0, "amount": 0.009, "side": "buy", "timestamp": 1765497124101}, {"id": "3009782106", "price": 92637.2, "amount": 0.008, "side": "buy", "timestamp": 1765497124101}, {"id": "3009782107", "price": 92637.6, "amount": 0.002, "side": "buy", "timestamp": 1765497124101}, {"id": "3009782108", "price": 92637.7, "amount": 0.003, "side": "buy", "timestamp": 1765497124101}, {"id": "3009782109", "price": 92637.8, "amount": 0.002, "side": "buy", "timestamp": 1765497124101}, {"id": "3009782110", "price": 92637.9, "amount": 0.003, "side": "buy", "timestamp": 1765497124101}, {"id": "3009782111", "price": 92638.2, "amount": 0.003, "side": "buy", "timestamp": 1765497124101}, {"id": "3009782112", "price": 92638.3, "amount": 0.007, "side": "buy", "timestamp": 1765497124101}, {"id": "3009782113", "price": 92638.4, "amount": 0.017, "side": "buy", "timestamp": 1765497124101}, {"id": "3009782114", "price": 92638.5, "amount": 0.002, "side": "buy", "timestamp": 1765497124101}, {"id": "3009782115", "price": 92638.7, "amount": 0.007, "side": "buy", "timestamp": 1765497124101}, {"id": "3009782116", "price": 92638.8, "amount": 0.043, "side": "buy", "timestamp": 1765497124101}, {"id": "3009782117", "price": 92639.0, "amount": 0.006, "side": "buy", "timestamp": 1765497124101}, {"id": "3009782118", "price": 92639.2, "amount": 0.168, "side": "buy", "timestamp": 1765497124101}, {"id": "3009782119", "price": 92639.4, "amount": 0.002, "side": "buy", "timestamp": 1765497124101}, {"id": "3009782120", "price": 92639.6, "amount": 0.03, "side": "buy", "timestamp": 1765497124101}, {"id": "3009782121", "price": 92639.7, "amount": 0.005, "side": "buy", "timestamp": 1765497124101}, {"id": "3009782122", "price": 92639.8, "amount": 0.002, "side": "buy", "timestamp": 1765497124101}, {"id": "3009782123", "price": 92639.9, "amount": 0.003, "side": "buy", "timestamp": 1765497124101}, {"id": "3009782124", "price": 92640.0, "amount": 0.002, "side": "buy", "timestamp": 1765497124101}, {"id": "3009782125", "price": 92640.1, "amount": 0.007, "side": "buy", "timestamp": 1765497124101}, {"id": "3009782126", "price": 92640.2, "amount": 0.007, "side": "buy", "timestamp": 1765497124101}, {"id": "3009782127", "price": 92640.3, "amount": 0.002, "side": "buy", "timestamp": 1765497124101}, {"id": "3009782128", "price": 92640.5, "amount": 0.002, "side": "buy", "timestamp": 1765497124101}, {"id": "3009782129", "price": 92640.6, "amount": 0.053, "side": "buy", "timestamp": 1765497124101}, {"id": "3009782130", "price": 92640.7, "amount": 0.003, "side": "buy", "timestamp": 1765497124101}, {"id": "3009782131", "price": 92640.8, "amount": 0.002, "side": "buy", "timestamp": 1765497124101}, {"id": "3009782132", "price": 92640.9, "amount": 0.002, "side": "buy", "timestamp": 1765497124101}, {"id": "3009782133", "price": 92641.0, "amount": 0.003, "side": "buy", "timestamp": 1765497124101}, {"id": "3009782134", "price": 92641.1, "amount": 0.005, "side": "buy", "timestamp": 1765497124101}, {"id": "3009782135", "price": 92641.2, "amount": 0.003, "side": "buy", "timestamp": 1765497124101}, {"id": "3009782136", "price": 92641.4, "amount": 0.04, "side": "buy", "timestamp": 1765497124101}, {"id": "3009782137", "price": 92641.5, "amount": 0.01, "side": "buy", "timestamp": 1765497124101}, {"id": "3009782138", "price": 92641.6, "amount": 0.035, "side": "buy", "timestamp": 1765497124101}, {"id": "3009782139", "price": 92641.7, "amount": 0.003, "side": "buy", "timestamp": 1765497124101}, {"id": "3009782140", "price": 92641.8, "amount": 0.006, "side": "buy", "timestamp": 1765497124101}, {"id": "3009782141", "price": 92641.7, "amount": 0.004, "side": "sell", "timestamp": 1765497124107}, {"id": "3009782142", "price": 92641.8, "amount": 0.006, "side": "buy", "timestamp": 1765497124133}, {"id": "3009782143", "price": 92641.7, "amount": 0.26, "side": "sell", "timestamp": 1765497124256}, {"id": "3009782144", "price": 92641.8, "amount": 0.08, "side": "buy", "timestamp": 1765497124312}, {"id": "3009782987", "price": 92562.3, "amount": 0.064, "side": "buy", "timestamp": 1765497173609}, {"id": "3009782988", "price": 92562.4, "amount": 0.005, "side": "buy", "timestamp": 1765497173613}, {"id": "3009782989", "price": 92562.9, "amount": 0.003, "side": "buy", "timestamp": 1765497173613}, {"id": "3009782990", "price": 92563.1, "amount": 0.002, "side": "buy", "timestamp": 1765497173613}, {"id": "3009782991", "price": 92563.4, "amount": 0.005, "side": "buy", "timestamp": 1765497173613}, {"id": "3009782992", "price": 92563.9, "amount": 0.003, "side": "buy", "timestamp": 1765497173613}, {"id": "3009782993", "price": 92564.2, "amount": 0.002, "side": "buy", "timestamp": 1765497173613}, {"id": "3009782994", "price": 92564.5, "amount": 0.003, "side": "buy", "timestamp": 1765497173613}, {"id": "3009782995", "price": 92564.6, "amount": 0.003, "side": "buy", "timestamp": 1765497173613}, {"id": "3009782996", "price": 92565.0, "amount": 0.007, "side": "buy", "timestamp": 1765497173613}, {"id": "3009782997", "price": 92565.3, "amount": 0.002, "side": "buy", "timestamp": 1765497173613}, {"id": "3009782998", "price": 92565.4, "amount": 0.003, "side": "buy", "timestamp": 1765497173613}, {"id": "3009782999", "price": 92565.5, "amount": 0.005, "side": "buy", "timestamp": 1765497173613}, {"id": "3009783000", "price": 92565.8, "amount": 0.002, "side": "buy", "timestamp": 1765497173613}, {"id": "3009783001", "price": 92565.9, "amount": 0.029, "side": "buy", "timestamp": 1765497173613}, {"id": "3009783002", "price": 92565.8, "amount": 0.082, "side": "sell", "timestamp": 1765497173637}, {"id": "3009783003", "price": 92565.8, "amount": 0.332, "side": "sell", "timestamp": 1765497173749}, {"id": "3009783004", "price": 92565.8, "amount": 0.011, "side": "sell", "timestamp": 1765497174850}, {"id": "3009783005", "price": 92565.8, "amount": 0.002, "side": "sell", "timestamp": 1765497175149}, {"id": "3009783006", "price": 92565.9, "amount": 0.003, "side": "buy", "timestamp": 1765497175155}, {"id": "3009783007", "price": 92565.8, "amount": 0.002, "side": "sell", "timestamp": 1765497175202}, {"id": "3009783008", "price": 92565.9, "amount": 0.002, "side": "buy", "timestamp": 1765497176112}, {"id": "3009783009", "price": 92565.9, "amount": 2.685, "side": "buy", "timestamp": 1765497176857}, {"id": "3009783010", "price": 92565.8, "amount": 0.184, "side": "sell", "timestamp": 1765497176892}, {"id": "3009783011", "price": 92565.9, "amount": 0.025, "side": "buy", "timestamp": 1765497176991}, {"id": "3009783012", "price": 92565.9, "amount": 0.248, "side": "buy", "timestamp": 1765497177098}, {"id": "3009783013", "price": 92566.0, "amount": 0.005, "side": "buy", "timestamp": 1765497177106}, {"id": "3009783014", "price": 92566.1, "amount": 0.004, "side": "buy", "timestamp": 1765497177106}, {"id": "3009783015", "price": 92566.5, "amount": 0.003, "side": "buy", "timestamp": 1765497177106}, {"id": "3009783016", "price": 92566.8, "amount": 0.004, "side": "buy", "timestamp": 1765497177106}, {"id": "3009783017", "price": 92567.0, "amount": 0.002, "side": "buy", "timestamp": 1765497177106}, {"id": "3009783018", "price": 92567.1, "amount": 0.002, "side": "buy", "timestamp": 1765497177106}, {"id": "3009783019", "price": 92567.2, "amount": 0.003, "side": "buy", "timestamp": 1765497177106}, {"id": "3009783020", "price": 92567.3, "amount": 0.005, "side": "buy", "timestamp": 1765497177113}, {"id": "3009783021", "price": 92567.8, "amount": 0.044, "side": "buy", "timestamp": 1765497177122}, {"id": "3009783022", "price": 92568.0, "amount": 0.006, "side": "buy", "timestamp": 1765497177125}, {"id": "3009783023", "price": 92568.4, "amount": 0.003, "side": "buy", "timestamp": 1765497177125}, {"id": "3009783024", "price": 92568.6, "amount": 0.002, "side": "buy", "timestamp": 1765497177125}, {"id": "3009783025", "price": 92568.8, "amount": 0.003, "side": "buy", "timestamp": 1765497177125}, {"id": "3009783026", "price": 92568.9, "amount": 0.002, "side": "buy", "timestamp": 1765497177125}, {"id": "3009783027", "price": 92569.3, "amount": 0.003, "side": "buy", "timestamp": 1765497177125}, {"id": "3009783028", "price": 92569.5, "amount": 0.005, "side": "buy", "timestamp": 1765497177125}, {"id": "3009783029", "price": 92569.8, "amount": 0.002, "side": "buy", "timestamp": 1765497177128}, {"id": "3009783030", "price": 92570.0, "amount": 0.054, "side": "buy", "timestamp": 1765497177134}, {"id": "3009783031", "price": 92570.5, "amount": 0.005, "side": "buy", "timestamp": 1765497177137}, {"id": "3009783032", "price": 92570.8, "amount": 0.002, "side": "buy", "timestamp": 1765497177137}, {"id": "3009783033", "price": 92571.0, "amount": 0.005, "side": "buy", "timestamp": 1765497177137}, {"id": "3009783034", "price": 92571.2, "amount": 0.026, "side": "buy", "timestamp": 1765497177141}, {"id": "3009783035", "price": 92571.4, "amount": 0.029, "side": "buy", "timestamp": 1765497177143}, {"id": "3009783036", "price": 92571.3, "amount": 0.002, "side": "sell", "timestamp": 1765497177158}, {"id": "3009783589", "price": 92511.1, "amount": 0.031, "side": "sell", "timestamp": 1765497223175}, {"id": "3009783590", "price": 92511.0, "amount": 0.025, "side": "sell", "timestamp": 1765497223188}, {"id": "3009783591", "price": 92510.9, "amount": 0.007, "side": "sell", "timestamp": 1765497223203}, {"id": "3009783592", "price": 92510.8, "amount": 0.003, "side": "sell", "timestamp": 1765497223203}, {"id": "3009783593", "price": 92510.6, "amount": 0.005, "side": "sell", "timestamp": 1765497223212}, {"id": "3009783594", "price": 92510.5, "amount": 0.003, "side": "sell", "timestamp": 1765497223212}, {"id": "3009783595", "price": 92510.4, "amount": 0.013, "side": "sell", "timestamp": 1765497223212}, {"id": "3009783596", "price": 92510.3, "amount": 0.003, "side": "sell", "timestamp": 1765497223212}, {"id": "3009783597", "price": 92510.2, "amount": 0.015, "side": "sell", "timestamp": 1765497223220}, {"id": "3009783598", "price": 92510.1, "amount": 0.002, "side": "sell", "timestamp": 1765497223226}, {"id": "3009783599", "price": 92510.0, "amount": 0.002, "side": "sell", "timestamp": 1765497223226}, {"id": "3009783600", "price": 92509.8, "amount": 0.003, "side": "sell", "timestamp": 1765497223226}, {"id": "3009783601", "price": 92509.6, "amount": 0.003, "side": "sell", "timestamp": 1765497223226}, {"id": "3009783602", "price": 92509.4, "amount": 0.003, "side": "sell", "timestamp": 1765497223226}, {"id": "3009783603", "price": 92509.3, "amount": 0.003, "side": "sell", "timestamp": 1765497223226}, {"id": "3009783604", "price": 92509.1, "amount": 0.01, "side": "sell", "timestamp": 1765497223226}, {"id": "3009783605", "price": 92509.0, "amount": 0.029, "side": "sell", "timestamp": 1765497223230}, {"id": "3009783606", "price": 92508.9, "amount": 0.006, "side": "sell", "timestamp": 1765497223268}, {"id": "3009783607", "price": 92509.0, "amount": 0.014, "side": "buy", "timestamp": 1765497223494}, {"id": "3009783608", "price": 92509.0, "amount": 0.024, "side": "buy", "timestamp": 1765497223788}, {"id": "3009783609", "price": 92508.9, "amount": 0.012, "side": "sell", "timestamp": 1765497223995}, {"id": "3009783610", "price": 92508.9, "amount": 0.049, "side": "sell", "timestamp": 1765497224472}, {"id": "3009783611", "price": 92508.9, "amount": 0.005, "side": "sell", "timestamp": 1765497224632}, {"id": "3009783612", "price": 92509.0, "amount": 0.002, "side": "buy", "timestamp": 1765497224684}, {"id": "3009783613", "price": 92508.9, "amount": 0.248, "side": "sell", "timestamp": 1765497225038}, {"id": "3009783614", "price": 92509.0, "amount": 0.002, "side": "buy", "timestamp": 1765497225246}, {"id": "3009783615", "price": 92508.9, "amount": 0.149, "side": "sell", "timestamp": 1765497225299}, {"id": "3009783616", "price": 92508.9, "amount": 0.069, "side": "sell", "timestamp": 1765497225632}, {"id": "3009783617", "price": 92509.0, "amount": 0.166, "side": "buy", "timestamp": 1765497225972}, {"id": "3009783618", "price": 92509.0, "amount": 0.002, "side": "buy", "timestamp": 1765497226079}, {"id": "3009783619", "price": 92508.9, "amount": 0.076, "side": "sell", "timestamp": 1765497226166}, {"id": "3009783620", "price": 92508.9, "amount": 1.415, "side": "sell", "timestamp": 1765497226314}, {"id": "3009783621", "price": 92509.0, "amount": 2.683, "side": "buy", "timestamp": 1765497226482}, {"id": "3009783622", "price": 92508.9, "amount": 0.017, "side": "sell", "timestamp": 1765497226518}, {"id": "3009783623", "price": 92508.9, "amount": 0.032, "side": "sell", "timestamp": 1765497226759}, {"id": "3009783624", "price": 92508.9, "amount": 0.032, "side": "sell", "timestamp": 1765497226990}, {"id": "3009783625", "price": 92509.0, "amount": 0.082, "side": "buy", "timestamp": 1765497227031}, {"id": "3009783626", "price": 92508.9, "amount": 0.032, "side": "sell", "timestamp": 1765497227585}, {"id": "3009783627", "price": 92508.9, "amount": 0.111, "side": "sell", "timestamp": 1765497227730}, {"id": "3009783628", "price": 92508.9, "amount": 0.046, "side": "sell", "timestamp": 1765497228199}, {"id": "3009783629", "price": 92509.0, "amount": 0.016, "side": "buy", "timestamp": 1765497228493}, {"id": "3009783630", "price": 92508.9, "amount": 0.007, "side": "sell", "timestamp": 1765497229015}, {"id": "3009783631", "price": 92508.9, "amount": 0.024, "side": "sell", "timestamp": 1765497229255}, {"id": "3009783632", "price": 92508.9, "amount": 0.002, "side": "sell", "timestamp": 1765497229470}, {"id": "3009783633", "price": 92508.9, "amount": 0.009, "side": "sell", "timestamp": 1765497229818}, {"id": "3009783634", "price": 92508.9, "amount": 0.073, "side": "sell", "timestamp": 1765497229960}, {"id": "3009783635", "price": 92509.0, "amount": 0.08, "side": "buy", "timestamp": 1765497230167}, {"id": "3009783636", "price": 92508.9, "amount": 0.003, "side": "sell", "timestamp": 1765497230348}, {"id": "3009783637", "price": 92509.0, "amount": 0.05, "side": "buy", "timestamp": 1765497230531}, {"id": "3009783638", "price": 92508.9, "amount": 0.048, "side": "sell", "timestamp": 1765497230744}, {"id": "3009785337", "price": 92364.6, "amount": 0.017, "side": "sell", "timestamp": 1765497277799}, {"id": "3009785338", "price": 92364.6, "amount": 0.004, "side": "sell", "timestamp": 1765497277936}, {"id": "3009785339", "price": 92364.7, "amount": 0.031, "side": "buy", "timestamp": 1765497278004}, {"id": "3009785340", "price": 92364.6, "amount": 0.01, "side": "sell", "timestamp": 1765497278036}, {"id": "3009785341", "price": 92364.7, "amount": 0.011, "side": "buy", "timestamp": 1765497278050}, {"id": "3009785342", "price": 92364.7, "amount": 0.007, "side": "buy", "timestamp": 1765497278248}, {"id": "3009785343", "price": 92364.6, "amount": 0.243, "side": "sell", "timestamp": 1765497278285}, {"id": "3009785344", "price": 92364.7, "amount": 0.082, "side": "buy", "timestamp": 1765497278725}, {"id": "3009785345", "price": 92364.6, "amount": 0.6, "side": "sell", "timestamp": 1765497278898}, {"id": "3009785346", "price": 92364.7, "amount": 0.002, "side": "buy", "timestamp": 1765497278946}, {"id": "3009785347", "price": 92364.7, "amount": 0.092, "side": "buy", "timestamp": 1765497279080}, {"id": "3009785348", "price": 92364.6, "amount": 0.12, "side": "sell", "timestamp": 1765497279149}, {"id": "3009785349", "price": 92364.6, "amount": 0.008, "side": "sell", "timestamp": 1765497279577}, {"id": "3009785350", "price": 92364.7, "amount": 0.011, "side": "buy", "timestamp": 1765497279645}, {"id": "3009785351", "price": 92364.6, "amount": 0.004, "side": "sell", "timestamp": 1765497279773}, {"id": "3009785352", "price": 92364.7, "amount": 0.013, "side": "buy", "timestamp": 1765497279778}, {"id": "3009785353", "price": 92364.6, "amount": 0.041, "side": "sell", "timestamp": 1765497279893}, {"id": "3009785354", "price": 92364.6, "amount": 0.052, "side": "sell", "timestamp": 1765497280046}, {"id": "3009785355", "price": 92364.7, "amount": 0.011, "side": "buy", "timestamp": 1765497280175}, {"id": "3009785356", "price": 92364.7, "amount": 0.09, "side": "buy", "timestamp": 1765497280762}, {"id": "3009785357", "price": 92364.6, "amount": 0.227, "side": "sell", "timestamp": 1765497280793}, {"id": "3009785358", "price": 92364.6, "amount": 0.108, "side": "sell", "timestamp": 1765497281025}, {"id": "3009785359", "price": 92364.7, "amount": 0.002, "side": "buy", "timestamp": 1765497281090}, {"id": "3009785360", "price": 92364.7, "amount": 0.196, "side": "buy", "timestamp": 1765497281218}, {"id": "3009785361", "price": 92364.6, "amount": 0.011, "side": "sell", "timestamp": 1765497281489}, {"id": "3009785362", "price": 92364.6, "amount": 0.01, "side": "sell", "timestamp": 1765497281962}, {"id": "3009785363", "price": 92364.6, "amount": 0.054, "side": "sell", "timestamp": 1765497282336}, {"id": "3009785364", "price": 92364.7, "amount": 0.003, "side": "buy", "timestamp": 1765497282711}, {"id": "3009785365", "price": 92364.6, "amount": 0.008, "side": "sell", "timestamp": 1765497282725}, {"id": "3009785366", "price": 92364.7, "amount": 0.084, "side": "buy", "timestamp": 1765497282729}, {"id": "3009785367", "price": 92364.7, "amount": 0.911, "side": "buy", "timestamp": 1765497282948}, {"id": "3009785368", "price": 92364.8, "amount": 0.003, "side": "buy", "timestamp": 1765497282949}, {"id": "3009785369", "price": 92365.0, "amount": 0.002, "side": "buy", "timestamp": 1765497282949}, {"id": "3009785370", "price": 92365.3, "amount": 0.003, "side": "buy", "timestamp": 1765497282952}, {"id": "3009785371", "price": 92365.4, "amount": 0.002, "side": "buy", "timestamp": 1765497282952}, {"id": "3009785372", "price": 92366.1, "amount": 0.005, "side": "buy", "timestamp": 1765497282952}, {"id": "3009785373", "price": 92366.2, "amount": 0.003, "side": "buy", "timestamp": 1765497282952}, {"id": "3009785374", "price": 92366.3, "amount": 0.002, "side": "buy", "timestamp": 1765497282952}, {"id": "3009785375", "price": 92366.6, "amount": 0.009, "side": "buy", "timestamp": 1765497282960}, {"id": "3009785376", "price": 92366.8, "amount": 0.037, "side": "buy", "timestamp": 1765497282964}, {"id": "3009785377", "price": 92367.0, "amount": 0.007, "side": "buy", "timestamp": 1765497282970}, {"id": "3009785378", "price": 92367.2, "amount": 0.002, "side": "buy", "timestamp": 1765497282970}, {"id": "3009785379", "price": 92367.5, "amount": 0.003, "side": "buy", "timestamp": 1765497282970}, {"id": "3009785380", "price": 92368.0, "amount": 0.003, "side": "buy", "timestamp": 1765497282970}, {"id": "3009785381", "price": 92368.1, "amount": 0.028, "side": "buy", "timestamp": 1765497282973}, {"id": "3009785382", "price": 92368.0, "amount": 0.002, "side": "sell", "timestamp": 1765497283169}, {"id": "3009785383", "price": 92368.1, "amount": 0.002, "side": "buy", "timestamp": 1765497283431}, {"id": "3009785384", "price": 92368.0, "amount": 0.115, "side": "sell", "timestamp": 1765497283521}, {"id": "3009785385", "price": 92368.1, "amount": 0.024, "side": "buy", "timestamp": 1765497283624}, {"id": "3009785386", "price": 92368.0, "amount": 0.006, "side": "sell", "timestamp": 1765497283640}, {"id": "3009786724", "price": 92451.1, "amount": 0.003, "side": "sell", "timestamp": 1765497336550}, {"id": "3009786725", "price": 92451.0, "amount": 0.002, "side": "sell", "timestamp": 1765497336550}, {"id": "3009786726", "price": 92450.9, "amount": 0.003, "side": "sell", "timestamp": 1765497336550}, {"id": "3009786727", "price": 92450.7, "amount": 0.369, "side": "sell", "timestamp": 1765497336550}, {"id": "3009786728", "price": 92450.0, "amount": 0.005, "side": "sell", "timestamp": 1765497336554}, {"id": "3009786729", "price": 92449.9, "amount": 0.002, "side": "sell", "timestamp": 1765497336554}, {"id": "3009786730", "price": 92449.8, "amount": 0.003, "side": "sell", "timestamp": 1765497336554}, {"id": "3009786731", "price": 92449.7, "amount": 0.002, "side": "sell", "timestamp": 1765497336554}, {"id": "3009786732", "price": 92449.3, "amount": 0.005, "side": "sell", "timestamp": 1765497336554}, {"id": "3009786733", "price": 92449.2, "amount": 0.003, "side": "sell", "timestamp": 1765497336554}, {"id": "3009786734", "price": 92448.9, "amount": 0.002, "side": "sell", "timestamp": 1765497336564}, {"id": "3009786735", "price": 92448.4, "amount": 0.002, "side": "sell", "timestamp": 1765497336564}, {"id": "3009786736", "price": 92448.3, "amount": 0.264, "side": "sell", "timestamp": 1765497336564}, {"id": "3009786737", "price": 92448.0, "amount": 0.011, "side": "sell", "timestamp": 1765497336565}, {"id": "3009786738", "price": 92447.6, "amount": 0.002, "side": "sell", "timestamp": 1765497336565}, {"id": "3009786739", "price": 92447.5, "amount": 0.003, "side": "sell", "timestamp": 1765497336565}, {"id": "3009786740", "price": 92447.4, "amount": 0.002, "side": "sell", "timestamp": 1765497336565}, {"id": "3009786741", "price": 92447.3, "amount": 0.031, "side": "sell", "timestamp": 1765497336565}, {"id": "3009786742", "price": 92447.2, "amount": 0.004, "side": "sell", "timestamp": 1765497336573}, {"id": "3009786743", "price": 92447.1, "amount": 0.008, "side": "sell", "timestamp": 1765497336573}, {"id": "3009786744", "price": 92446.9, "amount": 0.074, "side": "sell", "timestamp": 1765497336584}, {"id": "3009786745", "price": 92446.8, "amount": 0.023, "side": "sell", "timestamp": 1765497336586}, {"id": "3009786746", "price": 92446.7, "amount": 0.02, "side": "sell", "timestamp": 1765497336589}, {"id": "3009786747", "price": 92446.5, "amount": 0.002, "side": "sell", "timestamp": 1765497336589}, {"id": "3009786748", "price": 92446.4, "amount": 0.003, "side": "sell", "timestamp": 1765497336589}, {"id": "3009786749", "price": 92446.3, "amount": 0.002, "side": "sell", "timestamp": 1765497336589}, {"id": "3009786750", "price": 92446.2, "amount": 0.026, "side": "sell", "timestamp": 1765497336594}, {"id": "3009786751", "price": 92446.1, "amount": 0.005, "side": "sell", "timestamp": 1765497336596}, {"id": "3009786752", "price": 92445.6, "amount": 0.005, "side": "sell", "timestamp": 1765497336596}, {"id": "3009786753", "price": 92445.3, "amount": 0.005, "side": "sell", "timestamp": 1765497336596}, {"id": "3009786754", "price": 92445.0, "amount": 0.006, "side": "sell", "timestamp": 1765497336601}, {"id": "3009786755", "price": 92444.4, "amount": 0.003, "side": "sell", "timestamp": 1765497336603}, {"id": "3009786756", "price": 92443.9, "amount": 0.003, "side": "sell", "timestamp": 1765497336603}, {"id": "3009786757", "price": 92443.3, "amount": 0.003, "side": "sell", "timestamp": 1765497336603}, {"id": "3009786758", "price": 92443.1, "amount": 0.004, "side": "sell", "timestamp": 1765497336603}, {"id": "3009786759", "price": 92443.0, "amount": 0.002, "side": "sell", "timestamp": 1765497336603}, {"id": "3009786760", "price": 92442.8, "amount": 0.006, "side": "sell", "timestamp": 1765497336603}, {"id": "3009786761", "price": 92442.7, "amount": 0.023, "side": "sell", "timestamp": 1765497336609}, {"id": "3009786762", "price": 92442.6, "amount": 0.081, "side": "sell", "timestamp": 1765497336611}, {"id": "3009786763", "price": 92442.5, "amount": 0.002, "side": "sell", "timestamp": 1765497336623}, {"id": "3009786764", "price": 92442.1, "amount": 0.003, "side": "sell", "timestamp": 1765497336623}, {"id": "3009786765", "price": 92442.0, "amount": 0.003, "side": "sell", "timestamp": 1765497336623}, {"id": "3009786766", "price": 92441.5, "amount": 0.003, "side": "sell", "timestamp": 1765497336623}, {"id": "3009786767", "price": 92441.3, "amount": 0.004, "side": "buy", "timestamp": 1765497336797}, {"id": "3009786768", "price": 92441.3, "amount": 0.006, "side": "buy", "timestamp": 1765497336910}, {"id": "3009786769", "price": 92441.2, "amount": 0.002, "side": "sell", "timestamp": 1765497337076}, {"id": "3009786770", "price": 92441.2, "amount": 0.01, "side": "sell", "timestamp": 1765497337486}, {"id": "3009786771", "price": 92441.2, "amount": 0.03, "side": "sell", "timestamp": 1765497337943}, {"id": "3009786772", "price": 92441.3, "amount": 0.028, "side": "buy", "timestamp": 1765497338034}, {"id": "3009786773", "price": 92441.2, "amount": 0.131, "side": "sell", "timestamp": 1765497338087}, {"id": "3009787541", "price": 92519.5, "amount": 0.02, "side": "buy", "timestamp": 1765497391128}, {"id": "3009787542", "price": 92519.3, "amount": 0.021, "side": "buy", "timestamp": 1765497391136}, {"id": "3009787543", "price": 92519.1, "amount": 0.002, "side": "sell", "timestamp": 1765497391155}, {"id": "3009787544", "price": 92519.5, "amount": 1.55, "side": "buy", "timestamp": 1765497391175}, {"id": "3009787545", "price": 92519.6, "amount": 0.002, "side": "buy", "timestamp": 1765497391245}, {"id": "3009787546", "price": 92519.7, "amount": 0.012, "side": "buy", "timestamp": 1765497391245}, {"id": "3009787547", "price": 92519.8, "amount": 0.002, "side": "buy", "timestamp": 1765497391245}, {"id": "3009787548", "price": 92519.9, "amount": 0.004, "side": "buy", "timestamp": 1765497391245}, {"id": "3009787549", "price": 92520.0, "amount": 0.002, "side": "buy", "timestamp": 1765497391245}, {"id": "3009787550", "price": 92520.1, "amount": 0.006, "side": "buy", "timestamp": 1765497391245}, {"id": "3009787551", "price": 92520.2, "amount": 0.003, "side": "buy", "timestamp": 1765497391245}, {"id": "3009787552", "price": 92520.7, "amount": 0.005, "side": "buy", "timestamp": 1765497391245}, {"id": "3009787553", "price": 92520.8, "amount": 0.007, "side": "buy", "timestamp": 1765497391245}, {"id": "3009787554", "price": 92520.9, "amount": 0.002, "side": "buy", "timestamp": 1765497391245}, {"id": "3009787555", "price": 92521.0, "amount": 0.002, "side": "buy", "timestamp": 1765497391245}, {"id": "3009787556", "price": 92521.1, "amount": 0.002, "side": "buy", "timestamp": 1765497391245}, {"id": "3009787557", "price": 92521.2, "amount": 0.003, "side": "buy", "timestamp": 1765497391245}, {"id": "3009787558", "price": 92521.3, "amount": 0.003, "side": "buy", "timestamp": 1765497391245}, {"id": "3009787559", "price": 92521.4, "amount": 0.009, "side": "buy", "timestamp": 1765497391245}, {"id": "3009787560", "price": 92521.5, "amount": 0.036, "side": "buy", "timestamp": 1765497391245}, {"id": "3009787561", "price": 92521.6, "amount": 0.013, "side": "buy", "timestamp": 1765497391250}, {"id": "3009787562", "price": 92521.7, "amount": 0.003, "side": "buy", "timestamp": 1765497391250}, {"id": "3009787563", "price": 92521.9, "amount": 0.004, "side": "buy", "timestamp": 1765497391250}, {"id": "3009787564", "price": 92522.0, "amount": 0.002, "side": "buy", "timestamp": 1765497391250}, {"id": "3009787565", "price": 92522.2, "amount": 0.006, "side": "buy", "timestamp": 1765497391250}, {"id": "3009787566", "price": 92522.3, "amount": 0.005, "side": "buy", "timestamp": 1765497391250}, {"id": "3009787567", "price": 92522.7, "amount": 0.006, "side": "buy", "timestamp": 1765497391250}, {"id": "3009787568", "price": 92523.1, "amount": 0.005, "side": "buy", "timestamp": 1765497391250}, {"id": "3009787569", "price": 92523.2, "amount": 0.007, "side": "buy", "timestamp": 1765497391250}, {"id": "3009787570", "price": 92523.5, "amount": 0.003, "side": "buy", "timestamp": 1765497391250}, {"id": "3009787571", "price": 92523.6, "amount": 0.118, "side": "buy", "timestamp": 1765497391250}, {"id": "3009787572", "price": 92523.7, "amount": 0.007, "side": "buy", "timestamp": 1765497391250}, {"id": "3009787573", "price": 92524.0, "amount": 0.054, "side": "buy", "timestamp": 1765497391250}, {"id": "3009787574", "price": 92524.2, "amount": 0.041, "side": "buy", "timestamp": 1765497391250}, {"id": "3009787575", "price": 92524.3, "amount": 0.003, "side": "buy", "timestamp": 1765497391250}, {"id": "3009787576", "price": 92524.4, "amount": 0.002, "side": "buy", "timestamp": 1765497391250}, {"id": "3009787577", "price": 92524.5, "amount": 0.031, "side": "buy", "timestamp": 1765497391250}, {"id": "3009787578", "price": 92524.6, "amount": 0.527, "side": "buy", "timestamp": 1765497391250}, {"id": "3009787579", "price": 92524.7, "amount": 0.136, "side": "buy", "timestamp": 1765497391314}, {"id": "3009787580", "price": 92524.4, "amount": 0.011, "side": "sell", "timestamp": 1765497391316}, {"id": "3009787581", "price": 92524.7, "amount": 0.281, "side": "buy", "timestamp": 1765497391317}, {"id": "3009787582", "price": 92524.8, "amount": 0.002, "side": "buy", "timestamp": 1765497391326}, {"id": "3009787583", "price": 92524.9, "amount": 0.005, "side": "buy", "timestamp": 1765497391327}, {"id": "3009787584", "price": 92525.0, "amount": 0.455, "side": "buy", "timestamp": 1765497391327}, {"id": "3009787585", "price": 92524.9, "amount": 0.089, "side": "sell", "timestamp": 1765497391554}, {"id": "3009787586", "price": 92525.0, "amount": 0.007, "side": "buy", "timestamp": 1765497391642}, {"id": "3009787587", "price": 92524.9, "amount": 0.011, "side": "sell", "timestamp": 1765497391733}, {"id": "3009787588", "price": 92524.9, "amount": 0.01, "side": "sell", "timestamp": 1765497392030}, {"id": "3009787589", "price": 92525.0, "amount": 0.19, "side": "buy", "timestamp": 1765497392030}, {"id": "3009787590", "price": 92524.9, "amount": 0.16, "side": "sell", "timestamp": 1765497392030}, {"id": "3009788273", "price": 92480.6, "amount": 0.003, "side": "sell", "timestamp": 1765497443479}, {"id": "3009788274", "price": 92480.4, "amount": 0.002, "side": "sell", "timestamp": 1765497443479}, {"id": "3009788275", "price": 92480.3, "amount": 0.002, "side": "sell", "timestamp": 1765497443479}, {"id": "3009788276", "price": 92480.2, "amount": 0.002, "side": "sell", "timestamp": 1765497443479}, {"id": "3009788277", "price": 92480.1, "amount": 0.003, "side": "sell", "timestamp": 1765497443509}, {"id": "3009788278", "price": 92479.9, "amount": 0.03, "side": "sell", "timestamp": 1765497443509}, {"id": "3009788279", "price": 92479.6, "amount": 0.003, "side": "sell", "timestamp": 1765497443509}, {"id": "3009788280", "price": 92479.3, "amount": 0.003, "side": "sell", "timestamp": 1765497443517}, {"id": "3009788281", "price": 92479.1, "amount": 0.003, "side": "sell", "timestamp": 1765497443517}, {"id": "3009788282", "price": 92478.7, "amount": 0.015, "side": "sell", "timestamp": 1765497443517}, {"id": "3009788283", "price": 92478.6, "amount": 0.003, "side": "sell", "timestamp": 1765497443526}, {"id": "3009788284", "price": 92478.5, "amount": 0.002, "side": "sell", "timestamp": 1765497443526}, {"id": "3009788285", "price": 92478.4, "amount": 0.003, "side": "sell", "timestamp": 1765497443526}, {"id": "3009788286", "price": 92478.2, "amount": 0.003, "side": "sell", "timestamp": 1765497443536}, {"id": "3009788287", "price": 92478.1, "amount": 0.003, "side": "sell", "timestamp": 1765497443536}, {"id": "3009788288", "price": 92477.7, "amount": 0.004, "side": "sell", "timestamp": 1765497443556}, {"id": "3009788289", "price": 92477.6, "amount": 0.003, "side": "sell", "timestamp": 1765497443556}, {"id": "3009788290", "price": 92477.3, "amount": 0.002, "side": "sell", "timestamp": 1765497443556}, {"id": "3009788291", "price": 92477.1, "amount": 0.006, "side": "sell", "timestamp": 1765497443586}, {"id": "3009788292", "price": 92476.6, "amount": 0.003, "side": "sell", "timestamp": 1765497443595}, {"id": "3009788293", "price": 92476.1, "amount": 0.003, "side": "sell", "timestamp": 1765497443595}, {"id": "3009788294", "price": 92476.0, "amount": 0.002, "side": "sell", "timestamp": 1765497443595}, {"id": "3009788295", "price": 92475.8, "amount": 0.003, "side": "sell", "timestamp": 1765497443595}, {"id": "3009788296", "price": 92475.7, "amount": 0.002, "side": "sell", "timestamp": 1765497443595}, {"id": "3009788297", "price": 92475.6, "amount": 0.006, "side": "sell", "timestamp": 1765497443595}, {"id": "3009788298", "price": 92475.1, "amount": 0.003, "side": "sell", "timestamp": 1765497443595}, {"id": "3009788299", "price": 92475.0, "amount": 0.262, "side": "sell", "timestamp": 1765497443609}, {"id": "3009788300", "price": 92474.9, "amount": 0.002, "side": "sell", "timestamp": 1765497443609}, {"id": "3009788301", "price": 92474.7, "amount": 0.006, "side": "sell", "timestamp": 1765497443612}, {"id": "3009788302", "price": 92474.6, "amount": 0.003, "side": "sell", "timestamp": 1765497443612}, {"id": "3009788303", "price": 92474.1, "amount": 0.007, "side": "sell", "timestamp": 1765497443612}, {"id": "3009788304", "price": 92473.7, "amount": 0.004, "side": "sell", "timestamp": 1765497443616}, {"id": "3009788305", "price": 92473.6, "amount": 0.003, "side": "sell", "timestamp": 1765497443616}, {"id": "3009788306", "price": 92473.5, "amount": 0.003, "side": "sell", "timestamp": 1765497443616}, {"id": "3009788307", "price": 92473.2, "amount": 0.002, "side": "sell", "timestamp": 1765497443616}, {"id": "3009788308", "price": 92473.1, "amount": 0.005, "side": "sell", "timestamp": 1765497443616}, {"id": "3009788309", "price": 92472.9, "amount": 0.028, "side": "sell", "timestamp": 1765497443747}, {"id": "3009788310", "price": 92472.8, "amount": 0.002, "side": "sell", "timestamp": 1765497443750}, {"id": "3009788311", "price": 92472.6, "amount": 0.003, "side": "sell", "timestamp": 1765497443750}, {"id": "3009788312", "price": 92472.3, "amount": 0.002, "side": "sell", "timestamp": 1765497443750}, {"id": "3009788313", "price": 92472.1, "amount": 0.003, "side": "sell", "timestamp": 1765497443750}, {"id": "3009788314", "price": 92471.6, "amount": 0.014, "side": "sell", "timestamp": 1765497443750}, {"id": "3009788315", "price": 92471.3, "amount": 0.004, "side": "buy", "timestamp": 1765497443996}, {"id": "3009788316", "price": 92471.3, "amount": 0.002, "side": "buy", "timestamp": 1765497444311}, {"id": "3009788317", "price": 92471.2, "amount": 0.05, "side": "sell", "timestamp": 1765497444450}, {"id": "3009788318", "price": 92471.3, "amount": 0.003, "side": "buy", "timestamp": 1765497444473}, {"id": "3009788319", "price": 92471.2, "amount": 0.011, "side": "sell", "timestamp": 1765497444936}, {"id": "3009788320", "price": 92471.2, "amount": 0.094, "side": "sell", "timestamp": 1765497445051}, {"id": "3009788321", "price": 92471.1, "amount": 0.012, "side": "sell", "timestamp": 1765497445053}, {"id": "3009788322", "price": 92471.0, "amount": 0.002, "side": "sell", "timestamp": 1765497445053}, {"id": "3009789182", "price": 92442.4, "amount": 0.013, "side": "sell", "timestamp": 1765497494704}, {"id": "3009789183", "price": 92442.2, "amount": 0.003, "side": "sell", "timestamp": 1765497494705}, {"id": "3009789184", "price": 92442.1, "amount": 0.002, "side": "sell", "timestamp": 1765497494705}, {"id": "3009789185", "price": 92442.0, "amount": 0.002, "side": "sell", "timestamp": 1765497494705}, {"id": "3009789186", "price": 92441.8, "amount": 0.003, "side": "sell", "timestamp": 1765497494705}, {"id": "3009789187", "price": 92441.6, "amount": 0.002, "side": "sell", "timestamp": 1765497494705}, {"id": "3009789188", "price": 92441.3, "amount": 0.008, "side": "sell", "timestamp": 1765497494705}, {"id": "3009789189", "price": 92441.2, "amount": 0.002, "side": "sell", "timestamp": 1765497494705}, {"id": "3009789190", "price": 92441.1, "amount": 0.002, "side": "sell", "timestamp": 1765497494705}, {"id": "3009789191", "price": 92441.0, "amount": 0.254, "side": "sell", "timestamp": 1765497494705}, {"id": "3009789192", "price": 92440.9, "amount": 0.002, "side": "sell", "timestamp": 1765497494779}, {"id": "3009789193", "price": 92440.5, "amount": 0.003, "side": "sell", "timestamp": 1765497494784}, {"id": "3009789194", "price": 92440.4, "amount": 0.003, "side": "sell", "timestamp": 1765497494784}, {"id": "3009789195", "price": 92440.1, "amount": 0.002, "side": "sell", "timestamp": 1765497494784}, {"id": "3009789196", "price": 92440.0, "amount": 0.005, "side": "sell", "timestamp": 1765497494784}, {"id": "3009789197", "price": 92439.9, "amount": 0.002, "side": "sell", "timestamp": 1765497494784}, {"id": "3009789198", "price": 92439.5, "amount": 0.006, "side": "sell", "timestamp": 1765497494784}, {"id": "3009789199", "price": 92439.0, "amount": 0.021, "side": "sell", "timestamp": 1765497494791}, {"id": "3009789200", "price": 92439.1, "amount": 0.405, "side": "buy", "timestamp": 1765497494792}, {"id": "3009789201", "price": 92438.6, "amount": 0.032, "side": "sell", "timestamp": 1765497494796}, {"id": "3009789202", "price": 92438.5, "amount": 0.002, "side": "sell", "timestamp": 1765497494812}, {"id": "3009789203", "price": 92438.4, "amount": 0.003, "side": "sell", "timestamp": 1765497494812}, {"id": "3009789204", "price": 92438.0, "amount": 0.004, "side": "sell", "timestamp": 1765497494812}, {"id": "3009789205", "price": 92437.6, "amount": 0.003, "side": "sell", "timestamp": 1765497494812}, {"id": "3009789206", "price": 92437.2, "amount": 0.002, "side": "sell", "timestamp": 1765497494812}, {"id": "3009789207", "price": 92437.1, "amount": 0.063, "side": "sell", "timestamp": 1765497494831}, {"id": "3009789208", "price": 92437.0, "amount": 0.002, "side": "sell", "timestamp": 1765497494834}, {"id": "3009789209", "price": 92436.6, "amount": 0.003, "side": "sell", "timestamp": 1765497494834}, {"id": "3009789210", "price": 92436.3, "amount": 0.002, "side": "sell", "timestamp": 1765497494834}, {"id": "3009789211", "price": 92436.1, "amount": 0.003, "side": "sell", "timestamp": 1765497494834}, {"id": "3009789212", "price": 92435.8, "amount": 0.003, "side": "sell", "timestamp": 1765497494834}, {"id": "3009789213", "price": 92435.5, "amount": 0.003, "side": "sell", "timestamp": 1765497494834}, {"id": "3009789214", "price": 92435.3, "amount": 0.003, "side": "sell", "timestamp": 1765497494838}, {"id": "3009789215", "price": 92434.7, "amount": 0.021, "side": "sell", "timestamp": 1765497494842}, {"id": "3009789216", "price": 92434.8, "amount": 0.108, "side": "buy", "timestamp": 1765497494899}, {"id": "3009789217", "price": 92434.7, "amount": 0.002, "side": "sell", "timestamp": 1765497494922}, {"id": "3009789218", "price": 92434.7, "amount": 0.054, "side": "sell", "timestamp": 1765497495027}, {"id": "3009789219", "price": 92434.7, "amount": 0.002, "side": "sell", "timestamp": 1765497495128}, {"id": "3009789220", "price": 92434.8, "amount": 0.098, "side": "buy", "timestamp": 1765497495268}, {"id": "3009789221", "price": 92434.8, "amount": 0.004, "side": "buy", "timestamp": 1765497495424}, {"id": "3009789222", "price": 92434.8, "amount": 0.002, "side": "buy", "timestamp": 1765497495585}, {"id": "3009789223", "price": 92434.8, "amount": 0.034, "side": "buy", "timestamp": 1765497495863}, {"id": "3009789224", "price": 92434.8, "amount": 0.002, "side": "buy", "timestamp": 1765497496050}, {"id": "3009789225", "price": 92434.7, "amount": 0.005, "side": "sell", "timestamp": 1765497496085}, {"id": "3009789226", "price": 92434.8, "amount": 0.002, "side": "buy", "timestamp": 1765497496222}, {"id": "3009789227", "price": 92434.7, "amount": 0.004, "side": "sell", "timestamp": 1765497496512}, {"id": "3009789228", "price": 92434.7, "amount": 0.051, "side": "sell", "timestamp": 1765497496866}, {"id": "3009789229", "price": 92434.8, "amount": 0.006, "side": "buy", "timestamp": 1765497497381}, {"id": "3009789230", "price": 92434.7, "amount": 0.114, "side": "sell", "timestamp": 1765497497486}, {"id": "3009789231", "price": 92434.7, "amount": 0.543, "side": "sell", "timestamp": 1765497498144}, {"id": "3009789675", "price": 92447.3, "amount": 0.04, "side": "sell", "timestamp": 1765497549756}, {"id": "3009789676", "price": 92447.3, "amount": 0.08, "side": "sell", "timestamp": 1765497550247}, {"id": "3009789677", "price": 92447.3, "amount": 0.265, "side": "sell", "timestamp": 1765497550747}, {"id": "3009789678", "price": 92447.2, "amount": 0.013, "side": "sell", "timestamp": 1765497550747}, {"id": "3009789679", "price": 92447.1, "amount": 0.002, "side": "sell", "timestamp": 1765497550747}, {"id": "3009789680", "price": 92446.8, "amount": 0.003, "side": "sell", "timestamp": 1765497550747}, {"id": "3009789681", "price": 92446.5, "amount": 0.002, "side": "sell", "timestamp": 1765497550747}, {"id": "3009789682", "price": 92446.3, "amount": 0.003, "side": "sell", "timestamp": 1765497550747}, {"id": "3009789683", "price": 92446.2, "amount": 0.002, "side": "sell", "timestamp": 1765497550747}, {"id": "3009789684", "price": 92445.7, "amount": 0.003, "side": "sell", "timestamp": 1765497550747}, {"id": "3009789685", "price": 92445.6, "amount": 0.002, "side": "sell", "timestamp": 1765497550747}, {"id": "3009789686", "price": 92445.3, "amount": 0.002, "side": "sell", "timestamp": 1765497550747}, {"id": "3009789687", "price": 92445.1, "amount": 0.006, "side": "sell", "timestamp": 1765497550747}, {"id": "3009789688", "price": 92445.0, "amount": 0.002, "side": "sell", "timestamp": 1765497550747}, {"id": "3009789689", "price": 92444.7, "amount": 0.002, "side": "sell", "timestamp": 1765497550747}, {"id": "3009789690", "price": 92444.6, "amount": 0.003, "side": "sell", "timestamp": 1765497550747}, {"id": "3009789691", "price": 92444.4, "amount": 0.002, "side": "sell", "timestamp": 1765497550747}, {"id": "3009789692", "price": 92444.2, "amount": 0.003, "side": "sell", "timestamp": 1765497550747}, {"id": "3009789693", "price": 92444.1, "amount": 0.003, "side": "sell", "timestamp": 1765497550747}, {"id": "3009789694", "price": 92444.0, "amount": 0.002, "side": "sell", "timestamp": 1765497550747}, {"id": "3009789695", "price": 92443.6, "amount": 0.003, "side": "sell", "timestamp": 1765497550747}, {"id": "3009789696", "price": 92443.3, "amount": 0.003, "side": "sell", "timestamp": 1765497550747}, {"id": "3009789697", "price": 92443.1, "amount": 0.005, "side": "sell", "timestamp": 1765497550747}, {"id": "3009789698", "price": 92442.7, "amount": 0.034, "side": "sell", "timestamp": 1765497550924}, {"id": "3009789699", "price": 92442.8, "amount": 0.004, "side": "buy", "timestamp": 1765497551137}, {"id": "3009789700", "price": 92442.7, "amount": 0.003, "side": "sell", "timestamp": 1765497551680}, {"id": "3009789701", "price": 92442.7, "amount": 0.531, "side": "sell", "timestamp": 1765497551951}, {"id": "3009789702", "price": 92442.6, "amount": 0.017, "side": "sell", "timestamp": 1765497551966}, {"id": "3009789703", "price": 92442.5, "amount": 0.002, "side": "sell", "timestamp": 1765497551972}, {"id": "3009789704", "price": 92441.9, "amount": 0.005, "side": "sell", "timestamp": 1765497551973}, {"id": "3009789705", "price": 92441.6, "amount": 0.002, "side": "sell", "timestamp": 1765497551973}, {"id": "3009789706", "price": 92441.1, "amount": 0.003, "side": "sell", "timestamp": 1765497551973}, {"id": "3009789707", "price": 92441.0, "amount": 0.002, "side": "sell", "timestamp": 1765497551973}, {"id": "3009789708", "price": 92440.6, "amount": 0.003, "side": "sell", "timestamp": 1765497551973}, {"id": "3009789709", "price": 92440.2, "amount": 0.003, "side": "sell", "timestamp": 1765497551973}, {"id": "3009789710", "price": 92440.1, "amount": 0.002, "side": "sell", "timestamp": 1765497551973}, {"id": "3009789711", "price": 92440.0, "amount": 0.003, "side": "sell", "timestamp": 1765497551984}, {"id": "3009789712", "price": 92439.9, "amount": 0.004, "side": "sell", "timestamp": 1765497551988}, {"id": "3009789713", "price": 92439.7, "amount": 0.005, "side": "sell", "timestamp": 1765497551988}, {"id": "3009789714", "price": 92439.4, "amount": 0.002, "side": "sell", "timestamp": 1765497551988}, {"id": "3009789715", "price": 92439.3, "amount": 0.003, "side": "sell", "timestamp": 1765497551988}, {"id": "3009789716", "price": 92439.2, "amount": 0.003, "side": "sell", "timestamp": 1765497551988}, {"id": "3009789717", "price": 92439.0, "amount": 0.002, "side": "sell", "timestamp": 1765497551988}, {"id": "3009789718", "price": 92438.6, "amount": 0.003, "side": "sell", "timestamp": 1765497551988}, {"id": "3009789719", "price": 92438.4, "amount": 0.034, "side": "sell", "timestamp": 1765497551993}