[{"symbol": "ADAUSDT", "bids": [[0.4072, 31713.0], [0.4071, 151207.0], [0.407, 315335.0], [0.4069, 289773.0], [0.4068, 253238.0], [0.4067, 157510.0], [0.4066, 136715.0], [0.4065, 240989.0], [0.4064, 171547.0], [0.4063, 141759.0], [0.4062, 104473.0], [0.4061, 103413.0], [0.406, 170841.0], [0.4059, 282290.0], [0.4058, 317183.0], [0.4057, 148929.0], [0.4056, 257993.0], [0.4055, 203075.0], [0.4054, 205630.0], [0.4053, 327046.0]], "asks": [[0.4073, 116380.0], [0.4074, 217836.0], [0.4075, 195976.0], [0.4076, 220167.0], [0.4077, 239548.0], [0.4078, 334901.0], [0.4079, 326798.0], [0.408, 209186.0], [0.4081, 209437.0], [0.4082, 157938.0], [0.4083, 153876.0], [0.4084, 122844.0], [0.4085, 223040.0], [0.4086, 91059.0], [0.4087, 123664.0], [0.4088, 58685.0], [0.4089, 148039.0], [0.409, 96888.0], [0.4091, 140533.0], [0.4092, 141966.0]], "timestamp": "2025-12-14T08:49:41.088454+00:00"}, {"symbol": "ADAUSDT", "bids": [[0.4071, 153772.0], [0.407, 203143.0], [0.4069, 335050.0], [0.4068, 313855.0], [0.4067, 172292.0], [0.4066, 107375.0], [0.4065, 233978.0], [0.4064, 84537.0], [0.4063, 142986.0], [0.4062, 127064.0], [0.4061, 186592.0], [0.406, 169062.0], [0.4059, 278104.0], [0.4058, 300137.0], [0.4057, 151871.0], [0.4056, 274980.0], [0.4055, 203304.0], [0.4054, 208368.0], [0.4053, 351042.0], [0.4052, 500151.0]], "asks": [[0.4072, 49746.0], [0.4073, 146056.0], [0.4074, 235644.0], [0.4075, 168348.0], [0.4076, 239473.0], [0.4077, 332480.0], [0.4078, 295268.0], [0.4079, 320493.0], [0.408, 157368.0], [0.4081, 214246.0], [0.4082, 180517.0], [0.4083, 146257.0], [0.4084, 134565.0], [0.4085, 223025.0], [0.4086, 83658.0], [0.4087, 159470.0], [0.4088, 93854.0], [0.4089, 128474.0], [0.409, 87037.0], [0.4091, 141266.0]], "timestamp": "2025-12-14T08:50:33.848920+00:00"}, {"symbol": "ADAUSDT", "bids": [[0.4071, 55857.0], [0.407, 203960.0], [0.4069, 316373.0], [0.4068, 185061.0], [0.4067, 164881.0], [0.4066, 228349.0], [0.4065, 192970.0], [0.4064, 122516.0], [0.4063, 143369.0], [0.4062, 173157.0], [0.4061, 186994.0], [0.406, 152878.0], [0.4059, 171293.0], [0.4058, 392461.0], [0.4057, 156100.0], [0.4056, 274585.0], [0.4055, 202990.0], [0.4054, 208613.0], [0.4053, 351076.0], [0.4052, 500151.0]], "asks": [[0.4072, 166881.0], [0.4073, 172131.0], [0.4074, 195815.0], [0.4075, 216700.0], [0.4076, 209613.0], [0.4077, 348031.0], [0.4078, 308519.0], [0.4079, 322370.0], [0.408, 173592.0], [0.4081, 212805.0], [0.4082, 161135.0], [0.4083, 140825.0], [0.4084, 118601.0], [0.4085, 223040.0], [0.4086, 90030.0], [0.4087, 159485.0], [0.4088, 93902.0], [0.4089, 128474.0], [0.409, 86817.0], [0.4091, 229627.0]], "timestamp": "2025-12-14T08:51:26.867793+00:00"}, {"symbol": "ADAUSDT", "bids": [[0.4071, 37963.0], [0.407, 208073.0], [0.4069, 321519.0], [0.4068, 195208.0], [0.4067, 258159.0], [0.4066, 168087.0], [0.4065, 188484.0], [0.4064, 89584.0], [0.4063, 144769.0], [0.4062, 173096.0], [0.4061, 186994.0], [0.406, 152034.0], [0.4059, 171354.0], [0.4058, 422240.0], [0.4057, 154242.0], [0.4056, 274806.0], [0.4055, 203075.0], [0.4054, 202694.0], [0.4053, 351270.0], [0.4052, 499957.0]], "asks": [[0.4072, 135150.0], [0.4073, 170771.0], [0.4074, 199564.0], [0.4075, 216962.0], [0.4076, 212930.0], [0.4077, 351160.0], [0.4078, 310256.0], [0.4079, 322095.0], [0.408, 156867.0], [0.4081, 218282.0], [0.4082, 166817.0], [0.4083, 134303.0], [0.4084, 117801.0], [0.4085, 223040.0], [0.4086, 90137.0], [0.4087, 159485.0], [0.4088, 95369.0], [0.4089, 128474.0], [0.409, 86817.0], [0.4091, 229627.0]], "timestamp": "2025-12-14T08:52:20.015368+00:00"}, {"symbol": "ADAUSDT", "bids": [[0.407, 206568.0], [0.4069, 227494.0], [0.4068, 286379.0], [0.4067, 280573.0], [0.4066, 132044.0], [0.4065, 242011.0], [0.4064, 89584.0], [0.4063, 144786.0], [0.4062, 168039.0], [0.4061, 186981.0], [0.406, 152084.0], [0.4059, 173492.0], [0.4058, 422255.0], [0.4057, 148958.0], [0.4056, 277619.0], [0.4055, 210209.0], [0.4054, 202675.0], [0.4053, 351110.0], [0.4052, 500151.0], [0.4051, 388014.0]], "asks": [[0.4071, 62414.0], [0.4072, 134288.0], [0.4073, 235120.0], [0.4074, 200036.0], [0.4075, 191677.0], [0.4076, 314865.0], [0.4077, 338066.0], [0.4078, 289795.0], [0.4079, 242444.0], [0.408, 154200.0], [0.4081, 201010.0], [0.4082, 165527.0], [0.4083, 123921.0], [0.4084, 134006.0], [0.4085, 223397.0], [0.4086, 90124.0], [0.4087, 127854.0], [0.4088, 95369.0], [0.4089, 98474.0], [0.409, 87052.0]], "timestamp": "2025-12-14T08:53:13.402804+00:00"}, {"symbol": "ADAUSDT", "bids": [[0.407, 87777.0], [0.4069, 230345.0], [0.4068, 262797.0], [0.4067, 292802.0], [0.4066, 127854.0], [0.4065, 241996.0], [0.4064, 85105.0], [0.4063, 149792.0], [0.4062, 168039.0], [0.4061, 192030.0], [0.406, 152099.0], [0.4059, 173492.0], [0.4058, 417343.0], [0.4057, 156713.0], [0.4056, 274776.0], [0.4055, 210209.0], [0.4054, 202675.0], [0.4053, 351076.0], [0.4052, 500185.0], [0.4051, 299649.0]], "asks": [[0.4071, 113936.0], [0.4072, 157168.0], [0.4073, 235128.0], [0.4074, 217456.0], [0.4075, 221381.0], [0.4076, 311995.0], [0.4077, 347752.0], [0.4078, 246638.0], [0.4079, 218622.0], [0.408, 170444.0], [0.4081, 196188.0], [0.4082, 149969.0], [0.4083, 241720.0], [0.4084, 100959.0], [0.4085, 105618.0], [0.4086, 90096.0], [0.4087, 127940.0], [0.4088, 95383.0], [0.4089, 98474.0], [0.409, 87052.0]], "timestamp": "2025-12-14T08:54:06.717392+00:00"}, {"symbol": "ADAUSDT", "bids": [[0.407, 110121.0], [0.4069, 231231.0], [0.4068, 237513.0], [0.4067, 171711.0], [0.4066, 142893.0], [0.4065, 260600.0], [0.4064, 93154.0], [0.4063, 217956.0], [0.4062, 181639.0], [0.4061, 188512.0], [0.406, 152099.0], [0.4059, 177869.0], [0.4058, 317671.0], [0.4057, 274543.0], [0.4056, 274776.0], [0.4055, 210209.0], [0.4054, 202697.0], [0.4053, 351076.0], [0.4052, 500185.0], [0.4051, 299649.0]], "asks": [[0.4071, 129356.0], [0.4072, 123674.0], [0.4073, 247650.0], [0.4074, 215335.0], [0.4075, 222762.0], [0.4076, 344490.0], [0.4077, 360040.0], [0.4078, 246900.0], [0.4079, 218546.0], [0.408, 175283.0], [0.4081, 170932.0], [0.4082, 97730.0], [0.4083, 241735.0], [0.4084, 116847.0], [0.4085, 105618.0], [0.4086, 90096.0], [0.4087, 127940.0], [0.4088, 95191.0], [0.4089, 98474.0], [0.409, 87785.0]], "timestamp": "2025-12-14T08:55:00.409613+00:00"}, {"symbol": "ADAUSDT", "bids": [[0.407, 115735.0], [0.4069, 212388.0], [0.4068, 276000.0], [0.4067, 191347.0], [0.4066, 245640.0], [0.4065, 146150.0], [0.4064, 139912.0], [0.4063, 236333.0], [0.4062, 178448.0], [0.4061, 166292.0], [0.406, 170536.0], [0.4059, 172955.0], [0.4058, 317671.0], [0.4057, 335297.0], [0.4056, 275276.0], [0.4055, 210209.0], [0.4054, 202697.0], [0.4053, 350542.0], [0.4052, 500525.0], [0.4051, 299843.0]], "asks": [[0.4071, 83699.0], [0.4072, 130815.0], [0.4073, 234053.0], [0.4074, 204739.0], [0.4075, 229142.0], [0.4076, 362131.0], [0.4077, 357805.0], [0.4078, 169822.0], [0.4079, 230518.0], [0.408, 208687.0], [0.4081, 188108.0], [0.4082, 97730.0], [0.4083, 241735.0], [0.4084, 116847.0], [0.4085, 105618.0], [0.4086, 90096.0], [0.4087, 127940.0], [0.4088, 65191.0], [0.4089, 98474.0], [0.409, 87800.0]], "timestamp": "2025-12-14T08:55:53.249676+00:00"}, {"symbol": "ADAUSDT", "bids": [[0.4068, 116782.0], [0.4067, 134495.0], [0.4066, 282742.0], [0.4065, 294683.0], [0.4064, 159440.0], [0.4063, 244163.0], [0.4062, 120107.0], [0.4061, 144484.0], [0.406, 203317.0], [0.4059, 229261.0], [0.4058, 324222.0], [0.4057, 247342.0], [0.4056, 229691.0], [0.4055, 163781.0], [0.4054, 173072.0], [0.4053, 253180.0], [0.4052, 206732.0], [0.4051, 229940.0], [0.405, 251194.0], [0.4049, 217588.0]], "asks": [[0.4069, 45662.0], [0.407, 134087.0], [0.4071, 273337.0], [0.4072, 163660.0], [0.4073, 235579.0], [0.4074, 324848.0], [0.4075, 229461.0], [0.4076, 262240.0], [0.4077, 326682.0], [0.4078, 175082.0], [0.4079, 158066.0], [0.408, 145970.0], [0.4081, 123009.0], [0.4082, 89544.0], [0.4083, 238177.0], [0.4084, 107125.0], [0.4085, 102749.0], [0.4086, 157514.0], [0.4087, 137754.0], [0.4088, 67549.0]], "timestamp": "2025-12-14T08:56:46.890034+00:00"}, {"symbol": "ADAUSDT", "bids": [[0.4068, 120185.0], [0.4067, 157844.0], [0.4066, 277599.0], [0.4065, 305632.0], [0.4064, 272265.0], [0.4063, 154814.0], [0.4062, 103229.0], [0.4061, 142590.0], [0.406, 191991.0], [0.4059, 165068.0], [0.4058, 218799.0], [0.4057, 235406.0], [0.4056, 311570.0], [0.4055, 161015.0], [0.4054, 190098.0], [0.4053, 123587.0], [0.4052, 194179.0], [0.4051, 160422.0], [0.405, 363055.0], [0.4049, 127079.0]], "asks": [[0.4069, 48152.0], [0.407, 200004.0], [0.4071, 344528.0], [0.4072, 185603.0], [0.4073, 232716.0], [0.4074, 295654.0], [0.4075, 328784.0], [0.4076, 327978.0], [0.4077, 281739.0], [0.4078, 199447.0], [0.4079, 180777.0], [0.408, 83774.0], [0.4081, 169113.0], [0.4082, 62622.0], [0.4083, 162849.0], [0.4084, 212769.0], [0.4085, 94511.0], [0.4086, 90693.0], [0.4087, 208149.0], [0.4088, 79804.0]], "timestamp": "2025-12-14T08:57:40.838299+00:00"}, {"symbol": "ADAUSDT", "bids": [[0.4067, 70404.0], [0.4066, 97427.0], [0.4065, 281702.0], [0.4064, 161934.0], [0.4063, 269172.0], [0.4062, 151473.0], [0.4061, 183685.0], [0.406, 233715.0], [0.4059, 193242.0], [0.4058, 143871.0], [0.4057, 105449.0], [0.4056, 158852.0], [0.4055, 187044.0], [0.4054, 296560.0], [0.4053, 284756.0], [0.4052, 230950.0], [0.4051, 172082.0], [0.405, 289104.0], [0.4049, 130816.0], [0.4048, 274290.0]], "asks": [[0.4068, 111294.0], [0.4069, 244954.0], [0.407, 273506.0], [0.4071, 312325.0], [0.4072, 267009.0], [0.4073, 423869.0], [0.4074, 237212.0], [0.4075, 235810.0], [0.4076, 240673.0], [0.4077, 220170.0], [0.4078, 167565.0], [0.4079, 263859.0], [0.408, 96781.0], [0.4081, 134578.0], [0.4082, 63843.0], [0.4083, 116093.0], [0.4084, 98699.0], [0.4085, 101164.0], [0.4086, 81087.0], [0.4087, 210229.0]], "timestamp": "2025-12-14T08:58:33.901266+00:00"}, {"symbol": "ADAUSDT", "bids": [[0.4067, 119857.0], [0.4066, 116503.0], [0.4065, 315364.0], [0.4064, 241595.0], [0.4063, 151837.0], [0.4062, 224438.0], [0.4061, 128652.0], [0.406, 229759.0], [0.4059, 201464.0], [0.4058, 144204.0], [0.4057, 105468.0], [0.4056, 158822.0], [0.4055, 171278.0], [0.4054, 295570.0], [0.4053, 261082.0], [0.4052, 230916.0], [0.4051, 172112.0], [0.405, 289089.0], [0.4049, 130865.0], [0.4048, 274275.0]], "asks": [[0.4068, 29625.0], [0.4069, 218165.0], [0.407, 242789.0], [0.4071, 313450.0], [0.4072, 257873.0], [0.4073, 403296.0], [0.4074, 299093.0], [0.4075, 232763.0], [0.4076, 243119.0], [0.4077, 223830.0], [0.4078, 154975.0], [0.4079, 180121.0], [0.408, 215198.0], [0.4081, 134532.0], [0.4082, 63843.0], [0.4083, 116093.0], [0.4084, 98669.0], [0.4085, 101266.0], [0.4086, 98693.0], [0.4087, 298727.0]], "timestamp": "2025-12-14T08:59:26.658082+00:00"}, {"symbol": "ADAUSDT", "bids": [[0.4066, 75128.0], [0.4065, 141154.0], [0.4064, 206246.0], [0.4063, 322205.0], [0.4062, 182074.0], [0.4061, 211997.0], [0.406, 212559.0], [0.4059, 143875.0], [0.4058, 131578.0], [0.4057, 114565.0], [0.4056, 133890.0], [0.4055, 184693.0], [0.4054, 292357.0], [0.4053, 227663.0], [0.4052, 230931.0], [0.4051, 149165.0], [0.405, 361007.0], [0.4049, 126881.0], [0.4048, 270237.0], [0.4047, 116059.0]], "asks": [[0.4067, 101105.0], [0.4068, 139652.0], [0.4069, 249595.0], [0.407, 280794.0], [0.4071, 317258.0], [0.4072, 359317.0], [0.4073, 294177.0], [0.4074, 297789.0], [0.4075, 218189.0], [0.4076, 141250.0], [0.4077, 188403.0], [0.4078, 106956.0], [0.4079, 128498.0], [0.408, 215643.0], [0.4081, 160903.0], [0.4082, 63998.0], [0.4083, 78945.0], [0.4084, 99106.0], [0.4085, 78215.0], [0.4086, 98994.0]], "timestamp": "2025-12-14T09:00:19.809053+00:00"}, {"symbol": "ADAUSDT", "bids": [[0.4067, 62931.0], [0.4066, 150478.0], [0.4065, 347632.0], [0.4064, 160072.0], [0.4063, 273863.0], [0.4062, 152001.0], [0.4061, 194789.0], [0.406, 224418.0], [0.4059, 174917.0], [0.4058, 155312.0], [0.4057, 115474.0], [0.4056, 172963.0], [0.4055, 184610.0], [0.4054, 297962.0], [0.4053, 220981.0], [0.4052, 231236.0], [0.4051, 167121.0], [0.405, 336324.0], [0.4049, 137946.0], [0.4048, 358336.0]], "asks": [[0.4068, 105238.0], [0.4069, 136717.0], [0.407, 239124.0], [0.4071, 371225.0], [0.4072, 269272.0], [0.4073, 380049.0], [0.4074, 266190.0], [0.4075, 258924.0], [0.4076, 177995.0], [0.4077, 202355.0], [0.4078, 179166.0], [0.4079, 137585.0], [0.408, 215175.0], [0.4081, 136795.0], [0.4082, 63998.0], [0.4083, 93432.0], [0.4084, 121776.0], [0.4085, 102694.0], [0.4086, 81183.0], [0.4087, 207022.0]], "timestamp": "2025-12-14T09:01:12.748741+00:00"}, {"symbol": "ADAUSDT", "bids": [[0.4066, 64567.0], [0.4065, 141426.0], [0.4064, 230927.0], [0.4063, 345989.0], [0.4062, 139573.0], [0.4061, 184071.0], [0.406, 278386.0], [0.4059, 175606.0], [0.4058, 217560.0], [0.4057, 120591.0], [0.4056, 163963.0], [0.4055, 150815.0], [0.4054, 173765.0], [0.4053, 329953.0], [0.4052, 243074.0], [0.4051, 188757.0], [0.405, 336358.0], [0.4049, 167946.0], [0.4048, 269703.0], [0.4047, 96573.0]], "asks": [[0.4067, 111413.0], [0.4068, 153855.0], [0.4069, 274275.0], [0.407, 258288.0], [0.4071, 338217.0], [0.4072, 383614.0], [0.4073, 287819.0], [0.4074, 298118.0], [0.4075, 230629.0], [0.4076, 119428.0], [0.4077, 179896.0], [0.4078, 134776.0], [0.4079, 114124.0], [0.408, 216846.0], [0.4081, 160411.0], [0.4082, 63998.0], [0.4083, 88757.0], [0.4084, 129106.0], [0.4085, 78215.0], [0.4086, 97398.0]], "timestamp": "2025-12-14T09:02:05.957834+00:00"}, {"symbol": "ADAUSDT", "bids": [[0.4068, 35990.0], [0.4067, 180499.0], [0.4066, 292193.0], [0.4065, 279425.0], [0.4064, 260033.0], [0.4063, 164104.0], [0.4062, 195302.0], [0.4061, 185799.0], [0.406, 138947.0], [0.4059, 162371.0], [0.4058, 217366.0], [0.4057, 113312.0], [0.4056, 189665.0], [0.4055, 273745.0], [0.4054, 157949.0], [0.4053, 240563.0], [0.4052, 227874.0], [0.4051, 142386.0], [0.405, 315612.0], [0.4049, 167933.0]], "asks": [[0.4069, 124501.0], [0.407, 227593.0], [0.4071, 389209.0], [0.4072, 301573.0], [0.4073, 259940.0], [0.4074, 333845.0], [0.4075, 341330.0], [0.4076, 176330.0], [0.4077, 171590.0], [0.4078, 155434.0], [0.4079, 145023.0], [0.408, 140995.0], [0.4081, 277640.0], [0.4082, 85059.0], [0.4083, 93432.0], [0.4084, 128910.0], [0.4085, 102697.0], [0.4086, 97398.0], [0.4087, 207022.0], [0.4088, 90927.0]], "timestamp": "2025-12-14T09:02:59.768244+00:00"}, {"symbol": "ADAUSDT", "bids": [[0.4068, 115141.0], [0.4067, 169101.0], [0.4066, 306899.0], [0.4065, 276120.0], [0.4064, 269213.0], [0.4063, 155576.0], [0.4062, 137054.0], [0.4061, 259078.0], [0.406, 128140.0], [0.4059, 166020.0], [0.4058, 212227.0], [0.4057, 149456.0], [0.4056, 298977.0], [0.4055, 174960.0], [0.4054, 157697.0], [0.4053, 250847.0], [0.4052, 179201.0], [0.4051, 142386.0], [0.405, 309493.0], [0.4049, 168113.0]], "asks": [[0.4069, 105160.0], [0.407, 185241.0], [0.4071, 313731.0], [0.4072, 223266.0], [0.4073, 278104.0], [0.4074, 384064.0], [0.4075, 318573.0], [0.4076, 210849.0], [0.4077, 178861.0], [0.4078, 163243.0], [0.4079, 122199.0], [0.408, 101594.0], [0.4081, 193417.0], [0.4082, 232173.0], [0.4083, 93359.0], [0.4084, 128867.0], [0.4085, 104179.0], [0.4086, 97383.0], [0.4087, 237022.0], [0.4088, 90680.0]], "timestamp": "2025-12-14T09:03:52.777082+00:00"}, {"symbol": "ADAUSDT", "bids": [[0.4067, 127395.0], [0.4066, 205137.0], [0.4065, 370421.0], [0.4064, 267785.0], [0.4063, 186455.0], [0.4062, 207287.0], [0.4061, 180702.0], [0.406, 134621.0], [0.4059, 160950.0], [0.4058, 217362.0], [0.4057, 115663.0], [0.4056, 193234.0], [0.4055, 283284.0], [0.4054, 172079.0], [0.4053, 265339.0], [0.4052, 210911.0], [0.4051, 144331.0], [0.405, 309559.0], [0.4049, 167952.0], [0.4048, 358356.0]], "asks": [[0.4068, 46529.0], [0.4069, 135133.0], [0.407, 205870.0], [0.4071, 299868.0], [0.4072, 208741.0], [0.4073, 359129.0], [0.4074, 273707.0], [0.4075, 320824.0], [0.4076, 208229.0], [0.4077, 164941.0], [0.4078, 174148.0], [0.4079, 87794.0], [0.408, 162530.0], [0.4081, 282538.0], [0.4082, 85074.0], [0.4083, 93359.0], [0.4084, 121733.0], [0.4085, 104179.0], [0.4086, 97383.0], [0.4087, 237022.0]], "timestamp": "2025-12-14T09:04:45.720394+00:00"}, {"symbol": "ADAUSDT", "bids": [[0.4067, 120417.0], [0.4066, 185878.0], [0.4065, 335764.0], [0.4064, 157517.0], [0.4063, 310205.0], [0.4062, 110452.0], [0.4061, 256644.0], [0.406, 180537.0], [0.4059, 160938.0], [0.4058, 171365.0], [0.4057, 116210.0], [0.4056, 195522.0], [0.4055, 272526.0], [0.4054, 172094.0], [0.4053, 313430.0], [0.4052, 210910.0], [0.4051, 172386.0], [0.405, 270913.0], [0.4049, 168113.0], [0.4048, 358161.0]], "asks": [[0.4068, 157266.0], [0.4069, 168606.0], [0.407, 187021.0], [0.4071, 306703.0], [0.4072, 223353.0], [0.4073, 442741.0], [0.4074, 256664.0], [0.4075, 267142.0], [0.4076, 257993.0], [0.4077, 132455.0], [0.4078, 160802.0], [0.4079, 97307.0], [0.408, 145111.0], [0.4081, 175865.0], [0.4082, 202972.0], [0.4083, 84049.0], [0.4084, 90729.0], [0.4085, 103200.0], [0.4086, 96428.0], [0.4087, 236030.0]], "timestamp": "2025-12-14T09:05:38.874056+00:00"}, {"symbol": "ADAUSDT", "bids": [[0.4068, 58169.0], [0.4067, 126860.0], [0.4066, 272180.0], [0.4065, 356326.0], [0.4064, 244928.0], [0.4063, 217104.0], [0.4062, 170568.0], [0.4061, 158034.0], [0.406, 159502.0], [0.4059, 166077.0], [0.4058, 207337.0], [0.4057, 116877.0], [0.4056, 161744.0], [0.4055, 272475.0], [0.4054, 172094.0], [0.4053, 313430.0], [0.4052, 179601.0], [0.4051, 171886.0], [0.405, 271108.0], [0.4049, 167931.0]], "asks": [[0.4069, 124211.0], [0.407, 182317.0], [0.4071, 286198.0], [0.4072, 212350.0], [0.4073, 312569.0], [0.4074, 401211.0], [0.4075, 255973.0], [0.4076, 181445.0], [0.4077, 163865.0], [0.4078, 165377.0], [0.4079, 141434.0], [0.408, 213395.0], [0.4081, 138636.0], [0.4082, 85095.0], [0.4083, 84049.0], [0.4084, 104024.0], [0.4085, 133200.0], [0.4086, 123358.0], [0.4087, 236030.0], [0.4088, 92162.0]], "timestamp": "2025-12-14T09:06:32.607987+00:00"}, {"symbol": "ADAUSDT", "bids": [[0.4069, 111420.0], [0.4068, 148644.0], [0.4067, 339207.0], [0.4066, 338044.0], [0.4065, 240100.0], [0.4064, 112277.0], [0.4063, 273459.0], [0.4062, 94370.0], [0.4061, 152940.0], [0.406, 164924.0], [0.4059, 179772.0], [0.4058, 224840.0], [0.4057, 254580.0], [0.4056, 297254.0], [0.4055, 163864.0], [0.4054, 143171.0], [0.4053, 146698.0], [0.4052, 179379.0], [0.4051, 171920.0], [0.405, 283374.0]], "asks": [[0.407, 54129.0], [0.4071, 199170.0], [0.4072, 208152.0], [0.4073, 237909.0], [0.4074, 239099.0], [0.4075, 348108.0], [0.4076, 215129.0], [0.4077, 277287.0], [0.4078, 217262.0], [0.4079, 148773.0], [0.408, 108455.0], [0.4081, 138511.0], [0.4082, 155963.0], [0.4083, 207117.0], [0.4084, 120181.0], [0.4085, 140334.0], [0.4086, 120852.0], [0.4087, 236030.0], [0.4088, 79516.0], [0.4089, 114509.0]], "timestamp": "2025-12-14T09:07:25.632477+00:00"}, {"symbol": "ADAUSDT", "bids": [[0.407, 116489.0], [0.4069, 185973.0], [0.4068, 250127.0], [0.4067, 282541.0], [0.4066, 323351.0], [0.4065, 223846.0], [0.4064, 112954.0], [0.4063, 261920.0], [0.4062, 83586.0], [0.4061, 182877.0], [0.406, 159103.0], [0.4059, 176657.0], [0.4058, 240202.0], [0.4057, 356957.0], [0.4056, 179377.0], [0.4055, 163826.0], [0.4054, 148190.0], [0.4053, 237021.0], [0.4052, 179364.0], [0.4051, 172163.0]], "asks": [[0.4071, 99257.0], [0.4072, 149491.0], [0.4073, 286331.0], [0.4074, 274507.0], [0.4075, 245829.0], [0.4076, 263374.0], [0.4077, 279453.0], [0.4078, 211517.0], [0.4079, 134545.0], [0.408, 133872.0], [0.4081, 208396.0], [0.4082, 155602.0], [0.4083, 207448.0], [0.4084, 91990.0], [0.4085, 156207.0], [0.4086, 127986.0], [0.4087, 236045.0], [0.4088, 91825.0], [0.4089, 114539.0], [0.409, 136176.0]], "timestamp": "2025-12-14T09:08:18.901231+00:00"}, {"symbol": "ADAUSDT", "bids": [[0.4073, 26619.0], [0.4072, 206137.0], [0.4071, 344013.0], [0.407, 189583.0], [0.4069, 276067.0], [0.4068, 152138.0], [0.4067, 190971.0], [0.4066, 239182.0], [0.4065, 227741.0], [0.4064, 101615.0], [0.4063, 207237.0], [0.4062, 136453.0], [0.4061, 277688.0], [0.406, 271614.0], [0.4059, 157216.0], [0.4058, 224791.0], [0.4057, 135146.0], [0.4056, 194071.0], [0.4055, 167385.0], [0.4054, 160740.0]], "asks": [[0.4074, 82377.0], [0.4075, 227765.0], [0.4076, 197135.0], [0.4077, 238999.0], [0.4078, 149180.0], [0.4079, 252249.0], [0.408, 260016.0], [0.4081, 246534.0], [0.4082, 147000.0], [0.4083, 184986.0], [0.4084, 147066.0], [0.4085, 150412.0], [0.4086, 270248.0], [0.4087, 218054.0], [0.4088, 94880.0], [0.4089, 168571.0], [0.409, 129307.0], [0.4091, 146995.0], [0.4092, 64572.0], [0.4093, 156789.0]], "timestamp": "2025-12-14T09:09:11.974530+00:00"}, {"symbol": "ADAUSDT", "bids": [[0.4068, 94693.0], [0.4067, 165632.0], [0.4066, 278286.0], [0.4065, 338598.0], [0.4064, 141750.0], [0.4063, 224755.0], [0.4062, 88264.0], [0.4061, 169319.0], [0.406, 164873.0], [0.4059, 228960.0], [0.4058, 309794.0], [0.4057, 137904.0], [0.4056, 307637.0], [0.4055, 252878.0], [0.4054, 150174.0], [0.4053, 274272.0], [0.4052, 275299.0], [0.4051, 174257.0], [0.405, 224214.0], [0.4049, 116681.0]], "asks": [[0.4069, 98262.0], [0.407, 138615.0], [0.4071, 208225.0], [0.4072, 302323.0], [0.4073, 304916.0], [0.4074, 373830.0], [0.4075, 211886.0], [0.4076, 202784.0], [0.4077, 238193.0], [0.4078, 227063.0], [0.4079, 164615.0], [0.408, 137645.0], [0.4081, 125255.0], [0.4082, 122673.0], [0.4083, 108239.0], [0.4084, 102372.0], [0.4085, 93696.0], [0.4086, 234920.0], [0.4087, 227279.0], [0.4088, 87567.0]], "timestamp": "2025-12-14T09:10:04.989395+00:00"}, {"symbol": "ADAUSDT", "bids": [[0.4068, 104189.0], [0.4067, 126158.0], [0.4066, 304195.0], [0.4065, 442533.0], [0.4064, 131855.0], [0.4063, 229990.0], [0.4062, 93489.0], [0.4061, 190634.0], [0.406, 173153.0], [0.4059, 169352.0], [0.4058, 172275.0], [0.4057, 280584.0], [0.4056, 411872.0], [0.4055, 130475.0], [0.4054, 179989.0], [0.4053, 274351.0], [0.4052, 187984.0], [0.4051, 144272.0], [0.405, 235408.0], [0.4049, 228534.0]], "asks": [[0.4069, 86812.0], [0.407, 122551.0], [0.4071, 225793.0], [0.4072, 277068.0], [0.4073, 404312.0], [0.4074, 251081.0], [0.4075, 232021.0], [0.4076, 202757.0], [0.4077, 317063.0], [0.4078, 229468.0], [0.4079, 138295.0], [0.408, 85706.0], [0.4081, 154401.0], [0.4082, 240515.0], [0.4083, 78377.0], [0.4084, 69593.0], [0.4085, 74112.0], [0.4086, 117692.0], [0.4087, 225170.0], [0.4088, 95680.0]], "timestamp": "2025-12-14T09:10:58.075965+00:00"}, {"symbol": "ADAUSDT", "bids": [[0.4066, 86633.0], [0.4065, 219959.0], [0.4064, 256992.0], [0.4063, 283417.0], [0.4062, 147367.0], [0.4061, 198429.0], [0.406, 191946.0], [0.4059, 191433.0], [0.4058, 114933.0], [0.4057, 165590.0], [0.4056, 350868.0], [0.4055, 211547.0], [0.4054, 189103.0], [0.4053, 282778.0], [0.4052, 198391.0], [0.4051, 168695.0], [0.405, 286314.0], [0.4049, 119812.0], [0.4048, 241157.0], [0.4047, 139944.0]], "asks": [[0.4067, 133650.0], [0.4068, 168702.0], [0.4069, 234918.0], [0.407, 218725.0], [0.4071, 319699.0], [0.4072, 238777.0], [0.4073, 285746.0], [0.4074, 311235.0], [0.4075, 283572.0], [0.4076, 165371.0], [0.4077, 191651.0], [0.4078, 161396.0], [0.4079, 131653.0], [0.408, 133028.0], [0.4081, 243257.0], [0.4082, 143510.0], [0.4083, 84750.0], [0.4084, 96614.0], [0.4085, 70871.0], [0.4086, 96586.0]], "timestamp": "2025-12-14T09:11:51.384684+00:00"}, {"symbol": "ADAUSDT", "bids": [[0.4064, 89374.0], [0.4063, 133703.0], [0.4062, 314300.0], [0.4061, 290055.0], [0.406, 170125.0], [0.4059, 148681.0], [0.4058, 213062.0], [0.4057, 233654.0], [0.4056, 186776.0], [0.4055, 100578.0], [0.4054, 197002.0], [0.4053, 215789.0], [0.4052, 364781.0], [0.4051, 153847.0], [0.405, 287177.0], [0.4049, 130090.0], [0.4048, 272009.0], [0.4047, 161117.0], [0.4046, 252586.0], [0.4045, 152902.0]], "asks": [[0.4065, 126368.0], [0.4066, 191667.0], [0.4067, 265094.0], [0.4068, 222535.0], [0.4069, 284379.0], [0.407, 183663.0], [0.4071, 241529.0], [0.4072, 226922.0], [0.4073, 349116.0], [0.4074, 262373.0], [0.4075, 204800.0], [0.4076, 86654.0], [0.4077, 159097.0], [0.4078, 294472.0], [0.4079, 155197.0], [0.408, 145507.0], [0.4081, 87684.0], [0.4082, 136295.0], [0.4083, 90893.0], [0.4084, 109808.0]], "timestamp": "2025-12-14T09:12:44.744160+00:00"}, {"symbol": "ADAUSDT", "bids": [[0.4065, 41902.0], [0.4064, 112970.0], [0.4063, 305767.0], [0.4062, 267907.0], [0.4061, 187147.0], [0.406, 174580.0], [0.4059, 184929.0], [0.4058, 204252.0], [0.4057, 233360.0], [0.4056, 184786.0], [0.4055, 100578.0], [0.4054, 191942.0], [0.4053, 210769.0], [0.4052, 369523.0], [0.4051, 154092.0], [0.405, 287264.0], [0.4049, 122956.0], [0.4048, 271779.0], [0.4047, 161117.0], [0.4046, 341071.0]], "asks": [[0.4066, 83222.0], [0.4067, 264172.0], [0.4068, 253509.0], [0.4069, 206841.0], [0.407, 257998.0], [0.4071, 248490.0], [0.4072, 312607.0], [0.4073, 265500.0], [0.4074, 248029.0], [0.4075, 225279.0], [0.4076, 121803.0], [0.4077, 159097.0], [0.4078, 294472.0], [0.4079, 155152.0], [0.408, 145712.0], [0.4081, 96550.0], [0.4082, 134902.0], [0.4083, 90878.0], [0.4084, 110388.0], [0.4085, 165373.0]], "timestamp": "2025-12-14T09:13:37.779767+00:00"}, {"symbol": "ADAUSDT", "bids": [[0.4064, 36853.0], [0.4063, 207141.0], [0.4062, 228977.0], [0.4061, 174175.0], [0.406, 294243.0], [0.4059, 184001.0], [0.4058, 239867.0], [0.4057, 201038.0], [0.4056, 228268.0], [0.4055, 103998.0], [0.4054, 191274.0], [0.4053, 194682.0], [0.4052, 261257.0], [0.4051, 268577.0], [0.405, 301765.0], [0.4049, 130090.0], [0.4048, 271779.0], [0.4047, 161393.0], [0.4046, 252567.0], [0.4045, 152779.0]], "asks": [[0.4065, 242933.0], [0.4066, 213451.0], [0.4067, 260330.0], [0.4068, 568635.0], [0.4069, 169400.0], [0.407, 171628.0], [0.4071, 238160.0], [0.4072, 312177.0], [0.4073, 261751.0], [0.4074, 262700.0], [0.4075, 204373.0], [0.4076, 138133.0], [0.4077, 143538.0], [0.4078, 270122.0], [0.4079, 124571.0], [0.408, 145126.0], [0.4081, 89416.0], [0.4082, 134573.0], [0.4083, 91074.0], [0.4084, 110388.0]], "timestamp": "2025-12-14T09:14:30.837661+00:00"}, {"symbol": "ADAUSDT", "bids": [[0.4064, 24275.0], [0.4063, 194342.0], [0.4062, 267006.0], [0.4061, 237324.0], [0.406, 358159.0], [0.4059, 202770.0], [0.4058, 189578.0], [0.4057, 110088.0], [0.4056, 183731.0], [0.4055, 195305.0], [0.4054, 228687.0], [0.4053, 137172.0], [0.4052, 198980.0], [0.4051, 223289.0], [0.405, 239981.0], [0.4049, 272831.0], [0.4048, 163388.0], [0.4047, 141108.0], [0.4046, 95026.0], [0.4045, 162777.0]], "asks": [[0.4065, 154640.0], [0.4066, 241925.0], [0.4067, 303013.0], [0.4068, 310189.0], [0.4069, 163161.0], [0.407, 202997.0], [0.4071, 303698.0], [0.4072, 245438.0], [0.4073, 197259.0], [0.4074, 312503.0], [0.4075, 180572.0], [0.4076, 238947.0], [0.4077, 140019.0], [0.4078, 240019.0], [0.4079, 128378.0], [0.408, 100361.0], [0.4081, 114794.0], [0.4082, 165932.0], [0.4083, 98117.0], [0.4084, 68755.0]], "timestamp": "2025-12-14T09:15:23.578583+00:00"}, {"symbol": "ADAUSDT", "bids": [[0.4062, 142821.0], [0.4061, 187126.0], [0.406, 353890.0], [0.4059, 414935.0], [0.4058, 152040.0], [0.4057, 163960.0], [0.4056, 217887.0], [0.4055, 115039.0], [0.4054, 142265.0], [0.4053, 189499.0], [0.4052, 217321.0], [0.4051, 185698.0], [0.405, 240480.0], [0.4049, 260197.0], [0.4048, 289970.0], [0.4047, 172945.0], [0.4046, 95511.0], [0.4045, 137930.0], [0.4044, 221473.0], [0.4043, 161843.0]], "asks": [[0.4063, 39377.0], [0.4064, 199952.0], [0.4065, 248096.0], [0.4066, 237708.0], [0.4067, 362448.0], [0.4068, 262606.0], [0.4069, 280577.0], [0.407, 196684.0], [0.4071, 217357.0], [0.4072, 190865.0], [0.4073, 191392.0], [0.4074, 206880.0], [0.4075, 258268.0], [0.4076, 157946.0], [0.4077, 126802.0], [0.4078, 240053.0], [0.4079, 123440.0], [0.408, 90886.0], [0.4081, 122267.0], [0.4082, 232619.0]], "timestamp": "2025-12-14T09:16:16.755283+00:00"}, {"symbol": "ADAUSDT", "bids": [[0.4063, 129129.0], [0.4062, 166249.0], [0.4061, 290144.0], [0.406, 414275.0], [0.4059, 193012.0], [0.4058, 218029.0], [0.4057, 130562.0], [0.4056, 202664.0], [0.4055, 153938.0], [0.4054, 142205.0], [0.4053, 167921.0], [0.4052, 170517.0], [0.4051, 187762.0], [0.405, 310710.0], [0.4049, 142162.0], [0.4048, 289970.0], [0.4047, 165811.0], [0.4046, 95511.0], [0.4045, 150242.0], [0.4044, 221668.0]], "asks": [[0.4064, 41767.0], [0.4065, 155913.0], [0.4066, 309685.0], [0.4067, 245209.0], [0.4068, 355011.0], [0.4069, 286855.0], [0.407, 214343.0], [0.4071, 233418.0], [0.4072, 180867.0], [0.4073, 203049.0], [0.4074, 222241.0], [0.4075, 241220.0], [0.4076, 203084.0], [0.4077, 126787.0], [0.4078, 240068.0], [0.4079, 125780.0], [0.408, 85395.0], [0.4081, 110486.0], [0.4082, 144069.0], [0.4083, 113039.0]], "timestamp": "2025-12-14T09:17:09.957311+00:00"}, {"symbol": "ADAUSDT", "bids": [[0.4067, 44374.0], [0.4066, 159481.0], [0.4065, 289677.0], [0.4064, 328249.0], [0.4063, 345936.0], [0.4062, 187029.0], [0.4061, 165451.0], [0.406, 238918.0], [0.4059, 224287.0], [0.4058, 129394.0], [0.4057, 169344.0], [0.4056, 271463.0], [0.4055, 155739.0], [0.4054, 262603.0], [0.4053, 190904.0], [0.4052, 202972.0], [0.4051, 265862.0], [0.405, 247250.0], [0.4049, 111492.0], [0.4048, 214547.0]], "asks": [[0.4068, 113782.0], [0.4069, 149921.0], [0.407, 267308.0], [0.4071, 270467.0], [0.4072, 230023.0], [0.4073, 219320.0], [0.4074, 299414.0], [0.4075, 278743.0], [0.4076, 217933.0], [0.4077, 209163.0], [0.4078, 267910.0], [0.4079, 141416.0], [0.408, 199927.0], [0.4081, 110537.0], [0.4082, 171774.0], [0.4083, 137801.0], [0.4084, 136913.0], [0.4085, 84894.0], [0.4086, 126068.0], [0.4087, 229955.0]], "timestamp": "2025-12-14T09:18:03.047791+00:00"}, {"symbol": "ADAUSDT", "bids": [[0.4065, 68824.0], [0.4064, 210400.0], [0.4063, 403728.0], [0.4062, 212635.0], [0.4061, 170048.0], [0.406, 370380.0], [0.4059, 131024.0], [0.4058, 198089.0], [0.4057, 150688.0], [0.4056, 276407.0], [0.4055, 144129.0], [0.4054, 156023.0], [0.4053, 215733.0], [0.4052, 320909.0], [0.4051, 272966.0], [0.405, 254354.0], [0.4049, 136182.0], [0.4048, 214352.0], [0.4047, 101617.0], [0.4046, 87405.0]], "asks": [[0.4066, 100938.0], [0.4067, 170811.0], [0.4068, 377512.0], [0.4069, 194474.0], [0.407, 175775.0], [0.4071, 203909.0], [0.4072, 244377.0], [0.4073, 249176.0], [0.4074, 313768.0], [0.4075, 200833.0], [0.4076, 190039.0], [0.4077, 116265.0], [0.4078, 213469.0], [0.4079, 157636.0], [0.408, 198594.0], [0.4081, 140537.0], [0.4082, 166201.0], [0.4083, 130667.0], [0.4084, 136947.0], [0.4085, 84894.0]], "timestamp": "2025-12-14T09:18:55.735225+00:00"}, {"symbol": "ADAUSDT", "bids": [[0.4065, 60519.0], [0.4064, 198388.0], [0.4063, 332302.0], [0.4062, 336443.0], [0.4061, 167837.0], [0.406, 251906.0], [0.4059, 120827.0], [0.4058, 198119.0], [0.4057, 150467.0], [0.4056, 276437.0], [0.4055, 144213.0], [0.4054, 155770.0], [0.4053, 215733.0], [0.4052, 333191.0], [0.4051, 272981.0], [0.405, 254354.0], [0.4049, 136182.0], [0.4048, 214352.0], [0.4047, 101617.0], [0.4046, 87405.0]], "asks": [[0.4066, 70249.0], [0.4067, 139918.0], [0.4068, 284925.0], [0.4069, 221853.0], [0.407, 288968.0], [0.4071, 208488.0], [0.4072, 312235.0], [0.4073, 202097.0], [0.4074, 256758.0], [0.4075, 218589.0], [0.4076, 181764.0], [0.4077, 107445.0], [0.4078, 331338.0], [0.4079, 122046.0], [0.408, 80517.0], [0.4081, 140537.0], [0.4082, 166201.0], [0.4083, 106174.0], [0.4084, 136968.0], [0.4085, 78414.0]], "timestamp": "2025-12-14T09:19:48.895007+00:00"}, {"symbol": "ADAUSDT", "bids": [[0.4066, 95783.0], [0.4065, 167328.0], [0.4064, 312629.0], [0.4063, 373511.0], [0.4062, 179287.0], [0.4061, 186745.0], [0.406, 306024.0], [0.4059, 119735.0], [0.4058, 162382.0], [0.4057, 150558.0], [0.4056, 273594.0], [0.4055, 135167.0], [0.4054, 144346.0], [0.4053, 308864.0], [0.4052, 215002.0], [0.4051, 271941.0], [0.405, 247220.0], [0.4049, 106663.0], [0.4048, 214381.0], [0.4047, 140574.0]], "asks": [[0.4067, 58577.0], [0.4068, 144160.0], [0.4069, 280395.0], [0.407, 207523.0], [0.4071, 387579.0], [0.4072, 309651.0], [0.4073, 199751.0], [0.4074, 220680.0], [0.4075, 233625.0], [0.4076, 171667.0], [0.4077, 134678.0], [0.4078, 189276.0], [0.4079, 142800.0], [0.408, 215983.0], [0.4081, 148739.0], [0.4082, 201209.0], [0.4083, 104697.0], [0.4084, 137529.0], [0.4085, 80012.0], [0.4086, 96068.0]], "timestamp": "2025-12-14T09:20:42.029355+00:00"}, {"symbol": "ADAUSDT", "bids": [[0.4065, 159730.0], [0.4064, 252073.0], [0.4063, 318550.0], [0.4062, 301293.0], [0.4061, 151722.0], [0.406, 351967.0], [0.4059, 193444.0], [0.4058, 157345.0], [0.4057, 149943.0], [0.4056, 276968.0], [0.4055, 132853.0], [0.4054, 128332.0], [0.4053, 348102.0], [0.4052, 215002.0], [0.4051, 272441.0], [0.405, 253809.0], [0.4049, 106663.0], [0.4048, 214186.0], [0.4047, 141074.0], [0.4046, 178649.0]], "asks": [[0.4066, 3425.0], [0.4067, 92907.0], [0.4068, 181240.0], [0.4069, 292870.0], [0.407, 360640.0], [0.4071, 268708.0], [0.4072, 256443.0], [0.4073, 268056.0], [0.4074, 226795.0], [0.4075, 202860.0], [0.4076, 198445.0], [0.4077, 99669.0], [0.4078, 180612.0], [0.4079, 256888.0], [0.408, 82149.0], [0.4081, 148739.0], [0.4082, 194075.0], [0.4083, 104697.0], [0.4084, 137461.0], [0.4085, 80012.0]], "timestamp": "2025-12-14T09:21:35.074492+00:00"}, {"symbol": "ADAUSDT", "bids": [[0.4066, 98604.0], [0.4065, 177721.0], [0.4064, 335087.0], [0.4063, 431047.0], [0.4062, 144020.0], [0.4061, 187559.0], [0.406, 391034.0], [0.4059, 119735.0], [0.4058, 157330.0], [0.4057, 152771.0], [0.4056, 274078.0], [0.4055, 146635.0], [0.4054, 245914.0], [0.4053, 225805.0], [0.4052, 215002.0], [0.4051, 272441.0], [0.405, 246675.0], [0.4049, 106663.0], [0.4048, 214381.0], [0.4047, 141074.0]], "asks": [[0.4067, 42753.0], [0.4068, 142563.0], [0.4069, 294184.0], [0.407, 247719.0], [0.4071, 378715.0], [0.4072, 259197.0], [0.4073, 279693.0], [0.4074, 229622.0], [0.4075, 203303.0], [0.4076, 204493.0], [0.4077, 124085.0], [0.4078, 161846.0], [0.4079, 156416.0], [0.408, 200029.0], [0.4081, 148739.0], [0.4082, 201209.0], [0.4083, 104697.0], [0.4084, 137412.0], [0.4085, 80080.0], [0.4086, 96099.0]], "timestamp": "2025-12-14T09:22:28.425056+00:00"}, {"symbol": "ADAUSDT", "bids": [[0.4065, 159907.0], [0.4064, 146823.0], [0.4063, 359272.0], [0.4062, 425808.0], [0.4061, 183129.0], [0.406, 332555.0], [0.4059, 194444.0], [0.4058, 127920.0], [0.4057, 152517.0], [0.4056, 310807.0], [0.4055, 137449.0], [0.4054, 140254.0], [0.4053, 236100.0], [0.4052, 363087.0], [0.4051, 228158.0], [0.405, 248470.0], [0.4049, 78750.0], [0.4048, 231476.0], [0.4047, 131960.0], [0.4046, 86339.0]], "asks": [[0.4066, 46501.0], [0.4067, 197372.0], [0.4068, 182077.0], [0.4069, 181980.0], [0.407, 416341.0], [0.4071, 354353.0], [0.4072, 233355.0], [0.4073, 188978.0], [0.4074, 197534.0], [0.4075, 225127.0], [0.4076, 190935.0], [0.4077, 104969.0], [0.4078, 133230.0], [0.4079, 155219.0], [0.408, 182277.0], [0.4081, 203007.0], [0.4082, 169578.0], [0.4083, 104697.0], [0.4084, 137412.0], [0.4085, 80080.0]], "timestamp": "2025-12-14T09:23:21.582123+00:00"}, {"symbol": "ADAUSDT", "bids": [[0.4063, 83486.0], [0.4062, 86849.0], [0.4061, 225865.0], [0.406, 510475.0], [0.4059, 212268.0], [0.4058, 223199.0], [0.4057, 208377.0], [0.4056, 129371.0], [0.4055, 136877.0], [0.4054, 146020.0], [0.4053, 317718.0], [0.4052, 342469.0], [0.4051, 139651.0], [0.405, 296146.0], [0.4049, 120323.0], [0.4048, 282209.0], [0.4047, 264722.0], [0.4046, 84655.0], [0.4045, 162671.0], [0.4044, 178712.0]], "asks": [[0.4064, 108289.0], [0.4065, 273682.0], [0.4066, 260663.0], [0.4067, 328529.0], [0.4068, 188032.0], [0.4069, 212947.0], [0.407, 308292.0], [0.4071, 287009.0], [0.4072, 186539.0], [0.4073, 271345.0], [0.4074, 135405.0], [0.4075, 132077.0], [0.4076, 190019.0], [0.4077, 97723.0], [0.4078, 113341.0], [0.4079, 249108.0], [0.408, 94030.0], [0.4081, 148718.0], [0.4082, 179951.0], [0.4083, 193401.0]], "timestamp": "2025-12-14T09:24:14.717599+00:00"}, {"symbol": "ADAUSDT", "bids": [[0.4063, 73152.0], [0.4062, 183296.0], [0.4061, 234317.0], [0.406, 379009.0], [0.4059, 299425.0], [0.4058, 261542.0], [0.4057, 229631.0], [0.4056, 232747.0], [0.4055, 256254.0], [0.4054, 126778.0], [0.4053, 179701.0], [0.4052, 297799.0], [0.4051, 158441.0], [0.405, 351584.0], [0.4049, 120323.0], [0.4048, 282209.0], [0.4047, 289445.0], [0.4046, 84668.0], [0.4045, 158063.0], [0.4044, 190328.0]], "asks": [[0.4064, 133586.0], [0.4065, 171357.0], [0.4066, 210279.0], [0.4067, 362295.0], [0.4068, 155531.0], [0.4069, 190817.0], [0.407, 365952.0], [0.4071, 266103.0], [0.4072, 153383.0], [0.4073, 183794.0], [0.4074, 132235.0], [0.4075, 172466.0], [0.4076, 186290.0], [0.4077, 215339.0], [0.4078, 91962.0], [0.4079, 131121.0], [0.408, 69516.0], [0.4081, 148688.0], [0.4082, 168002.0], [0.4083, 105382.0]], "timestamp": "2025-12-14T09:25:07.748858+00:00"}, {"symbol": "ADAUSDT", "bids": [[0.4063, 42164.0], [0.4062, 187619.0], [0.4061, 249266.0], [0.406, 480538.0], [0.4059, 205165.0], [0.4058, 207625.0], [0.4057, 204736.0], [0.4056, 199843.0], [0.4055, 260674.0], [0.4054, 127537.0], [0.4053, 195589.0], [0.4052, 312728.0], [0.4051, 235850.0], [0.405, 234060.0], [0.4049, 120323.0], [0.4048, 282209.0], [0.4047, 288945.0], [0.4046, 85168.0], [0.4045, 158063.0], [0.4044, 190328.0]], "asks": [[0.4064, 91165.0], [0.4065, 162441.0], [0.4066, 219288.0], [0.4067, 348480.0], [0.4068, 156050.0], [0.4069, 194667.0], [0.407, 372727.0], [0.4071, 240991.0], [0.4072, 168907.0], [0.4073, 189828.0], [0.4074, 123051.0], [0.4075, 184530.0], [0.4076, 292538.0], [0.4077, 97272.0], [0.4078, 91443.0], [0.4079, 130109.0], [0.408, 69461.0], [0.4081, 147798.0], [0.4082, 164608.0], [0.4083, 105882.0]], "timestamp": "2025-12-14T09:26:00.673508+00:00"}, {"symbol": "ADAUSDT", "bids": [[0.4063, 66061.0], [0.4062, 110800.0], [0.4061, 259138.0], [0.406, 420356.0], [0.4059, 287512.0], [0.4058, 189956.0], [0.4057, 226294.0], [0.4056, 163258.0], [0.4055, 259884.0], [0.4054, 198110.0], [0.4053, 165574.0], [0.4052, 283486.0], [0.4051, 153130.0], [0.405, 352427.0], [0.4049, 134736.0], [0.4048, 272033.0], [0.4047, 228770.0], [0.4046, 95048.0], [0.4045, 158258.0], [0.4044, 192575.0]], "asks": [[0.4064, 116241.0], [0.4065, 226834.0], [0.4066, 229939.0], [0.4067, 294453.0], [0.4068, 159250.0], [0.4069, 220037.0], [0.407, 368274.0], [0.4071, 238759.0], [0.4072, 175707.0], [0.4073, 204758.0], [0.4074, 114747.0], [0.4075, 160740.0], [0.4076, 262553.0], [0.4077, 122347.0], [0.4078, 101338.0], [0.4079, 120369.0], [0.408, 93974.0], [0.4081, 150258.0], [0.4082, 154723.0], [0.4083, 105882.0]], "timestamp": "2025-12-14T09:26:53.866310+00:00"}, {"symbol": "ADAUSDT", "bids": [[0.4064, 111931.0], [0.4063, 162820.0], [0.4062, 274792.0], [0.4061, 371859.0], [0.406, 355514.0], [0.4059, 182783.0], [0.4058, 222624.0], [0.4057, 204311.0], [0.4056, 163258.0], [0.4055, 259331.0], [0.4054, 189114.0], [0.4053, 144725.0], [0.4052, 371404.0], [0.4051, 98319.0], [0.405, 259818.0], [0.4049, 134736.0], [0.4048, 264899.0], [0.4047, 228770.0], [0.4046, 95228.0], [0.4045, 158078.0]], "asks": [[0.4065, 60154.0], [0.4066, 168406.0], [0.4067, 262652.0], [0.4068, 187365.0], [0.4069, 312070.0], [0.407, 306742.0], [0.4071, 319431.0], [0.4072, 178885.0], [0.4073, 228571.0], [0.4074, 125078.0], [0.4075, 157842.0], [0.4076, 164407.0], [0.4077, 224108.0], [0.4078, 117596.0], [0.4079, 120356.0], [0.408, 101123.0], [0.4081, 147813.0], [0.4082, 157153.0], [0.4083, 105867.0], [0.4084, 118193.0]], "timestamp": "2025-12-14T09:27:47.199976+00:00"}, {"symbol": "ADAUSDT", "bids": [[0.4063, 51177.0], [0.4062, 111136.0], [0.4061, 349580.0], [0.406, 395931.0], [0.4059, 296433.0], [0.4058, 248774.0], [0.4057, 134194.0], [0.4056, 150978.0], [0.4055, 209147.0], [0.4054, 267367.0], [0.4053, 269846.0], [0.4052, 279256.0], [0.4051, 302746.0], [0.405, 274319.0], [0.4049, 120323.0], [0.4048, 282121.0], [0.4047, 173991.0], [0.4046, 95018.0], [0.4045, 162207.0], [0.4044, 269453.0]], "asks": [[0.4064, 88128.0], [0.4065, 208565.0], [0.4066, 213281.0], [0.4067, 221166.0], [0.4068, 297626.0], [0.4069, 206301.0], [0.407, 239556.0], [0.4071, 220846.0], [0.4072, 219136.0], [0.4073, 296265.0], [0.4074, 118001.0], [0.4075, 106146.0], [0.4076, 129016.0], [0.4077, 132619.0], [0.4078, 168751.0], [0.4079, 293949.0], [0.408, 68085.0], [0.4081, 167210.0], [0.4082, 154693.0], [0.4083, 105852.0]], "timestamp": "2025-12-14T09:28:40.271208+00:00"}, {"symbol": "ADAUSDT", "bids": [[0.4061, 114340.0], [0.406, 281930.0], [0.4059, 313494.0], [0.4058, 366467.0], [0.4057, 149932.0], [0.4056, 176338.0], [0.4055, 210393.0], [0.4054, 200726.0], [0.4053, 206371.0], [0.4052, 166399.0], [0.4051, 204206.0], [0.405, 254352.0], [0.4049, 267472.0], [0.4048, 345837.0], [0.4047, 210953.0], [0.4046, 134730.0], [0.4045, 179503.0], [0.4044, 227084.0], [0.4043, 138131.0], [0.4042, 360834.0]], "asks": [[0.4062, 34881.0], [0.4063, 167600.0], [0.4064, 268145.0], [0.4065, 269110.0], [0.4066, 303955.0], [0.4067, 222333.0], [0.4068, 274914.0], [0.4069, 231738.0], [0.407, 234484.0], [0.4071, 205827.0], [0.4072, 136138.0], [0.4073, 164754.0], [0.4074, 280431.0], [0.4075, 94324.0], [0.4076, 110461.0], [0.4077, 106905.0], [0.4078, 140082.0], [0.4079, 88684.0], [0.408, 63594.0], [0.4081, 117567.0]], "timestamp": "2025-12-14T09:29:33.698240+00:00"}, {"symbol": "ADAUSDT", "bids": [[0.4058, 90244.0], [0.4057, 161237.0], [0.4056, 244112.0], [0.4055, 298999.0], [0.4054, 234165.0], [0.4053, 127862.0], [0.4052, 223886.0], [0.4051, 181105.0], [0.405, 273969.0], [0.4049, 300351.0], [0.4048, 283876.0], [0.4047, 134999.0], [0.4046, 190424.0], [0.4045, 172890.0], [0.4044, 253567.0], [0.4043, 180107.0], [0.4042, 218599.0], [0.4041, 357996.0], [0.404, 553847.0], [0.4039, 166505.0]], "asks": [[0.4059, 123177.0], [0.406, 196942.0], [0.4061, 225713.0], [0.4062, 295613.0], [0.4063, 389489.0], [0.4064, 241021.0], [0.4065, 247101.0], [0.4066, 181005.0], [0.4067, 250008.0], [0.4068, 255964.0], [0.4069, 145979.0], [0.407, 131639.0], [0.4071, 93011.0], [0.4072, 173531.0], [0.4073, 147618.0], [0.4074, 317502.0], [0.4075, 77482.0], [0.4076, 85427.0], [0.4077, 125193.0], [0.4078, 130146.0]], "timestamp": "2025-12-14T09:30:26.623291+00:00"}, {"symbol": "ADAUSDT", "bids": [[0.4059, 114760.0], [0.4058, 111692.0], [0.4057, 263297.0], [0.4056, 228016.0], [0.4055, 169905.0], [0.4054, 253721.0], [0.4053, 182931.0], [0.4052, 150794.0], [0.4051, 201363.0], [0.405, 319317.0], [0.4049, 120407.0], [0.4048, 217210.0], [0.4047, 221479.0], [0.4046, 321755.0], [0.4045, 122807.0], [0.4044, 142616.0], [0.4043, 74099.0], [0.4042, 110463.0], [0.4041, 129576.0], [0.404, 355715.0]], "asks": [[0.406, 54963.0], [0.4061, 112178.0], [0.4062, 277352.0], [0.4063, 263913.0], [0.4064, 373176.0], [0.4065, 185229.0], [0.4066, 252846.0], [0.4067, 176448.0], [0.4068, 157343.0], [0.4069, 232698.0], [0.407, 122135.0], [0.4071, 160085.0], [0.4072, 229070.0], [0.4073, 164502.0], [0.4074, 164482.0], [0.4075, 109512.0], [0.4076, 217155.0], [0.4077, 125492.0], [0.4078, 112912.0], [0.4079, 99697.0]], "timestamp": "2025-12-14T09:31:19.785812+00:00"}, {"symbol": "ADAUSDT", "bids": [[0.4057, 51658.0], [0.4056, 212139.0], [0.4055, 205729.0], [0.4054, 212047.0], [0.4053, 245606.0], [0.4052, 157724.0], [0.4051, 175332.0], [0.405, 312210.0], [0.4049, 152793.0], [0.4048, 216929.0], [0.4047, 248493.0], [0.4046, 321734.0], [0.4045, 125511.0], [0.4044, 218557.0], [0.4043, 150792.0], [0.4042, 231805.0], [0.4041, 148172.0], [0.404, 355475.0], [0.4039, 124598.0], [0.4038, 199430.0]], "asks": [[0.4058, 131228.0], [0.4059, 188179.0], [0.406, 267355.0], [0.4061, 366618.0], [0.4062, 204675.0], [0.4063, 201415.0], [0.4064, 325269.0], [0.4065, 329189.0], [0.4066, 190096.0], [0.4067, 168386.0], [0.4068, 147820.0], [0.4069, 152255.0], [0.407, 218335.0], [0.4071, 101049.0], [0.4072, 190927.0], [0.4073, 109139.0], [0.4074, 154733.0], [0.4075, 89562.0], [0.4076, 114134.0], [0.4077, 156294.0]], "timestamp": "2025-12-14T09:32:12.643074+00:00"}, {"symbol": "ADAUSDT", "bids": [[0.4061, 87944.0], [0.406, 100137.0], [0.4059, 255819.0], [0.4058, 250942.0], [0.4057, 199437.0], [0.4056, 357403.0], [0.4055, 174300.0], [0.4054, 152573.0], [0.4053, 283697.0], [0.4052, 148743.0], [0.4051, 166688.0], [0.405, 299730.0], [0.4049, 334075.0], [0.4048, 213631.0], [0.4047, 211611.0], [0.4046, 152440.0], [0.4045, 140931.0], [0.4044, 203657.0], [0.4043, 122475.0], [0.4042, 120808.0]], "asks": [[0.4062, 131697.0], [0.4063, 163724.0], [0.4064, 205449.0], [0.4065, 372857.0], [0.4066, 207375.0], [0.4067, 268647.0], [0.4068, 254768.0], [0.4069, 134944.0], [0.407, 181863.0], [0.4071, 209700.0], [0.4072, 234788.0], [0.4073, 157455.0], [0.4074, 168463.0], [0.4075, 249648.0], [0.4076, 150217.0], [0.4077, 149297.0], [0.4078, 85818.0], [0.4079, 147010.0], [0.408, 121983.0], [0.4081, 179307.0]], "timestamp": "2025-12-14T09:33:05.873200+00:00"}, {"symbol": "ADAUSDT", "bids": [[0.4066, 91315.0], [0.4065, 154509.0], [0.4064, 201423.0], [0.4063, 283278.0], [0.4062, 362786.0], [0.4061, 175015.0], [0.406, 219385.0], [0.4059, 160025.0], [0.4058, 203234.0], [0.4057, 161455.0], [0.4056, 291227.0], [0.4055, 149258.0], [0.4054, 251782.0], [0.4053, 161627.0], [0.4052, 230537.0], [0.4051, 133643.0], [0.405, 277596.0], [0.4049, 186535.0], [0.4048, 186669.0], [0.4047, 221566.0]], "asks": [[0.4067, 48144.0], [0.4068, 175977.0], [0.4069, 185791.0], [0.407, 283145.0], [0.4071, 164066.0], [0.4072, 157301.0], [0.4073, 261344.0], [0.4074, 254996.0], [0.4075, 152697.0], [0.4076, 139031.0], [0.4077, 153088.0], [0.4078, 144327.0], [0.4079, 170006.0], [0.408, 212237.0], [0.4081, 120652.0], [0.4082, 210394.0], [0.4083, 103919.0], [0.4084, 151560.0], [0.4085, 139525.0], [0.4086, 182301.0]], "timestamp": "2025-12-14T09:33:58.848621+00:00"}, {"symbol": "ADAUSDT", "bids": [[0.4065, 139429.0], [0.4064, 191044.0], [0.4063, 286390.0], [0.4062, 326617.0], [0.4061, 186103.0], [0.406, 131762.0], [0.4059, 168031.0], [0.4058, 267268.0], [0.4057, 127895.0], [0.4056, 267368.0], [0.4055, 74977.0], [0.4054, 134807.0], [0.4053, 218282.0], [0.4052, 350956.0], [0.4051, 133643.0], [0.405, 286399.0], [0.4049, 186550.0], [0.4048, 211184.0], [0.4047, 202187.0], [0.4046, 95785.0]], "asks": [[0.4066, 3432.0], [0.4067, 134677.0], [0.4068, 265288.0], [0.4069, 174278.0], [0.407, 331151.0], [0.4071, 181886.0], [0.4072, 183961.0], [0.4073, 303127.0], [0.4074, 223970.0], [0.4075, 164829.0], [0.4076, 148138.0], [0.4077, 95503.0], [0.4078, 104146.0], [0.4079, 162118.0], [0.408, 211793.0], [0.4081, 147677.0], [0.4082, 208913.0], [0.4083, 103682.0], [0.4084, 127292.0], [0.4085, 131962.0]], "timestamp": "2025-12-14T09:34:52.165619+00:00"}, {"symbol": "ADAUSDT", "bids": [[0.4066, 42215.0], [0.4065, 131202.0], [0.4064, 190270.0], [0.4063, 292204.0], [0.4062, 327874.0], [0.4061, 166463.0], [0.406, 140615.0], [0.4059, 156046.0], [0.4058, 392687.0], [0.4057, 117019.0], [0.4056, 264330.0], [0.4055, 93143.0], [0.4054, 117345.0], [0.4053, 201222.0], [0.4052, 319775.0], [0.4051, 133643.0], [0.405, 278751.0], [0.4049, 187050.0], [0.4048, 197380.0], [0.4047, 153823.0]], "asks": [[0.4067, 84866.0], [0.4068, 216040.0], [0.4069, 268893.0], [0.407, 171336.0], [0.4071, 190237.0], [0.4072, 177088.0], [0.4073, 339043.0], [0.4074, 205486.0], [0.4075, 162400.0], [0.4076, 174859.0], [0.4077, 110035.0], [0.4078, 112431.0], [0.4079, 233042.0], [0.408, 94325.0], [0.4081, 147326.0], [0.4082, 208702.0], [0.4083, 103902.0], [0.4084, 127072.0], [0.4085, 141112.0], [0.4086, 181765.0]], "timestamp": "2025-12-14T09:35:45.415449+00:00"}, {"symbol": "ADAUSDT", "bids": [[0.4067, 76672.0], [0.4066, 135415.0], [0.4065, 268079.0], [0.4064, 239372.0], [0.4063, 316709.0], [0.4062, 187361.0], [0.4061, 151600.0], [0.406, 143293.0], [0.4059, 248275.0], [0.4058, 318414.0], [0.4057, 117122.0], [0.4056, 266543.0], [0.4055, 111096.0], [0.4054, 231294.0], [0.4053, 244451.0], [0.4052, 202872.0], [0.4051, 126479.0], [0.405, 269539.0], [0.4049, 126890.0], [0.4048, 204789.0]], "asks": [[0.4068, 97295.0], [0.4069, 134988.0], [0.407, 253563.0], [0.4071, 276216.0], [0.4072, 181147.0], [0.4073, 325842.0], [0.4074, 155409.0], [0.4075, 166922.0], [0.4076, 231338.0], [0.4077, 155126.0], [0.4078, 133817.0], [0.4079, 231200.0], [0.408, 64672.0], [0.4081, 131452.0], [0.4082, 208702.0], [0.4083, 126924.0], [0.4084, 127087.0], [0.4085, 126871.0], [0.4086, 93231.0], [0.4087, 156707.0]], "timestamp": "2025-12-14T09:36:38.206931+00:00"}, {"symbol": "ADAUSDT", "bids": [[0.4069, 92099.0], [0.4068, 160579.0], [0.4067, 274308.0], [0.4066, 212700.0], [0.4065, 311659.0], [0.4064, 175660.0], [0.4063, 222885.0], [0.4062, 180833.0], [0.4061, 254757.0], [0.406, 138830.0], [0.4059, 196656.0], [0.4058, 160560.0], [0.4057, 182955.0], [0.4056, 260200.0], [0.4055, 100933.0], [0.4054, 126404.0], [0.4053, 251809.0], [0.4052, 180309.0], [0.4051, 112144.0], [0.405, 295986.0]], "asks": [[0.407, 24655.0], [0.4071, 108874.0], [0.4072, 288641.0], [0.4073, 218136.0], [0.4074, 234365.0], [0.4075, 168099.0], [0.4076, 273289.0], [0.4077, 140334.0], [0.4078, 194961.0], [0.4079, 382022.0], [0.408, 119209.0], [0.4081, 109732.0], [0.4082, 118973.0], [0.4083, 109248.0], [0.4084, 159728.0], [0.4085, 150203.0], [0.4086, 110571.0], [0.4087, 163764.0], [0.4088, 249056.0], [0.4089, 172423.0]], "timestamp": "2025-12-14T09:37:31.911711+00:00"}, {"symbol": "ADAUSDT", "bids": [[0.4068, 60905.0], [0.4067, 209264.0], [0.4066, 219099.0], [0.4065, 323625.0], [0.4064, 201744.0], [0.4063, 208233.0], [0.4062, 187070.0], [0.4061, 361110.0], [0.406, 151200.0], [0.4059, 175979.0], [0.4058, 163104.0], [0.4057, 224907.0], [0.4056, 259662.0], [0.4055, 93389.0], [0.4054, 109444.0], [0.4053, 187914.0], [0.4052, 205170.0], [0.4051, 151201.0], [0.405, 307833.0], [0.4049, 202897.0]], "asks": [[0.4069, 110362.0], [0.407, 128775.0], [0.4071, 190616.0], [0.4072, 384921.0], [0.4073, 262776.0], [0.4074, 167238.0], [0.4075, 169751.0], [0.4076, 221325.0], [0.4077, 176344.0], [0.4078, 177036.0], [0.4079, 172277.0], [0.408, 137830.0], [0.4081, 228508.0], [0.4082, 123625.0], [0.4083, 155854.0], [0.4084, 125442.0], [0.4085, 119755.0], [0.4086, 113202.0], [0.4087, 151418.0], [0.4088, 133296.0]], "timestamp": "2025-12-14T09:38:25.059568+00:00"}, {"symbol": "ADAUSDT", "bids": [[0.4066, 64781.0], [0.4065, 225347.0], [0.4064, 237643.0], [0.4063, 325032.0], [0.4062, 183702.0], [0.4061, 147418.0], [0.406, 171940.0], [0.4059, 374382.0], [0.4058, 194503.0], [0.4057, 213714.0], [0.4056, 164174.0], [0.4055, 102519.0], [0.4054, 232334.0], [0.4053, 197664.0], [0.4052, 212349.0], [0.4051, 158320.0], [0.405, 307848.0], [0.4049, 202912.0], [0.4048, 157667.0], [0.4047, 121075.0]], "asks": [[0.4067, 54882.0], [0.4068, 134511.0], [0.4069, 208366.0], [0.407, 239562.0], [0.4071, 267442.0], [0.4072, 199840.0], [0.4073, 318414.0], [0.4074, 344983.0], [0.4075, 141091.0], [0.4076, 121774.0], [0.4077, 104267.0], [0.4078, 86840.0], [0.4079, 165352.0], [0.408, 135330.0], [0.4081, 235823.0], [0.4082, 129905.0], [0.4083, 102466.0], [0.4084, 130455.0], [0.4085, 126893.0], [0.4086, 101246.0]], "timestamp": "2025-12-14T09:39:18.565019+00:00"}, {"symbol": "ADAUSDT", "bids": [[0.4067, 26611.0], [0.4066, 135617.0], [0.4065, 259419.0], [0.4064, 245822.0], [0.4063, 336120.0], [0.4062, 198730.0], [0.4061, 245491.0], [0.406, 158619.0], [0.4059, 243414.0], [0.4058, 194691.0], [0.4057, 272177.0], [0.4056, 178082.0], [0.4055, 190807.0], [0.4054, 125427.0], [0.4053, 188129.0], [0.4052, 128857.0], [0.4051, 151186.0], [0.405, 295848.0], [0.4049, 227595.0], [0.4048, 157667.0]], "asks": [[0.4068, 184436.0], [0.4069, 222325.0], [0.407, 304038.0], [0.4071, 276967.0], [0.4072, 245174.0], [0.4073, 284937.0], [0.4074, 365026.0], [0.4075, 156203.0], [0.4076, 194229.0], [0.4077, 138445.0], [0.4078, 114400.0], [0.4079, 191978.0], [0.408, 140728.0], [0.4081, 238661.0], [0.4082, 119061.0], [0.4083, 128405.0], [0.4084, 135967.0], [0.4085, 125861.0], [0.4086, 99291.0], [0.4087, 225929.0]], "timestamp": "2025-12-14T09:40:11.660072+00:00"}, {"symbol": "ADAUSDT", "bids": [[0.4066, 38103.0], [0.4065, 208596.0], [0.4064, 206127.0], [0.4063, 246873.0], [0.4062, 215111.0], [0.4061, 276164.0], [0.406, 184452.0], [0.4059, 330915.0], [0.4058, 204365.0], [0.4057, 172348.0], [0.4056, 161834.0], [0.4055, 138555.0], [0.4054, 190875.0], [0.4053, 306069.0], [0.4052, 152888.0], [0.4051, 175110.0], [0.405, 347319.0], [0.4049, 227602.0], [0.4048, 145712.0], [0.4047, 80006.0]], "asks": [[0.4067, 184011.0], [0.4068, 212847.0], [0.4069, 253287.0], [0.407, 359251.0], [0.4071, 187010.0], [0.4072, 224602.0], [0.4073, 281024.0], [0.4074, 358631.0], [0.4075, 169234.0], [0.4076, 164553.0], [0.4077, 124296.0], [0.4078, 103450.0], [0.4079, 336962.0], [0.408, 89602.0], [0.4081, 121467.0], [0.4082, 114002.0], [0.4083, 102960.0], [0.4084, 136438.0], [0.4085, 125222.0], [0.4086, 99443.0]], "timestamp": "2025-12-14T09:41:05.148085+00:00"}, {"symbol": "ADAUSDT", "bids": [[0.4065, 87301.0], [0.4064, 128743.0], [0.4063, 324676.0], [0.4062, 339736.0], [0.4061, 202220.0], [0.406, 183433.0], [0.4059, 229799.0], [0.4058, 268675.0], [0.4057, 215178.0], [0.4056, 162334.0], [0.4055, 128419.0], [0.4054, 154144.0], [0.4053, 192827.0], [0.4052, 231090.0], [0.4051, 189625.0], [0.405, 354453.0], [0.4049, 251672.0], [0.4048, 145712.0], [0.4047, 79635.0], [0.4046, 115116.0]], "asks": [[0.4066, 61356.0], [0.4067, 180100.0], [0.4068, 272809.0], [0.4069, 198629.0], [0.407, 289460.0], [0.4071, 199174.0], [0.4072, 332596.0], [0.4073, 261407.0], [0.4074, 273938.0], [0.4075, 184502.0], [0.4076, 138734.0], [0.4077, 88877.0], [0.4078, 142566.0], [0.4079, 270385.0], [0.408, 60320.0], [0.4081, 120427.0], [0.4082, 106883.0], [0.4083, 102946.0], [0.4084, 136658.0], [0.4085, 125222.0]], "timestamp": "2025-12-14T09:41:58.283837+00:00"}, {"symbol": "ADAUSDT", "bids": [[0.4065, 89047.0], [0.4064, 128482.0], [0.4063, 282536.0], [0.4062, 337062.0], [0.4061, 186308.0], [0.406, 189741.0], [0.4059, 186719.0], [0.4058, 156423.0], [0.4057, 238595.0], [0.4056, 180176.0], [0.4055, 128434.0], [0.4054, 192653.0], [0.4053, 273785.0], [0.4052, 227079.0], [0.4051, 144893.0], [0.405, 323428.0], [0.4049, 209774.0], [0.4048, 177528.0], [0.4047, 143845.0], [0.4046, 118072.0]], "asks": [[0.4066, 60705.0], [0.4067, 224280.0], [0.4068, 296423.0], [0.4069, 297521.0], [0.407, 209447.0], [0.4071, 211930.0], [0.4072, 339021.0], [0.4073, 235186.0], [0.4074, 218511.0], [0.4075, 180618.0], [0.4076, 126766.0], [0.4077, 116334.0], [0.4078, 224434.0], [0.4079, 167949.0], [0.408, 60335.0], [0.4081, 121133.0], [0.4082, 131191.0], [0.4083, 107466.0], [0.4084, 144728.0], [0.4085, 213735.0]], "timestamp": "2025-12-14T09:42:51.740421+00:00"}, {"symbol": "ADAUSDT", "bids": [[0.4066, 53321.0], [0.4065, 121947.0], [0.4064, 203401.0], [0.4063, 237858.0], [0.4062, 275326.0], [0.4061, 310567.0], [0.406, 176434.0], [0.4059, 175388.0], [0.4058, 140713.0], [0.4057, 279595.0], [0.4056, 173075.0], [0.4055, 101175.0], [0.4054, 197205.0], [0.4053, 376001.0], [0.4052, 104177.0], [0.4051, 144893.0], [0.405, 316279.0], [0.4049, 234467.0], [0.4048, 152829.0], [0.4047, 119143.0]], "asks": [[0.4067, 125403.0], [0.4068, 232262.0], [0.4069, 215687.0], [0.407, 276712.0], [0.4071, 177850.0], [0.4072, 315542.0], [0.4073, 323322.0], [0.4074, 203307.0], [0.4075, 168375.0], [0.4076, 168917.0], [0.4077, 179344.0], [0.4078, 121642.0], [0.4079, 270365.0], [0.408, 75168.0], [0.4081, 121133.0], [0.4082, 138325.0], [0.4083, 107481.0], [0.4084, 136628.0], [0.4085, 125169.0], [0.4086, 99831.0]], "timestamp": "2025-12-14T09:43:45.269429+00:00"}, {"symbol": "ADAUSDT", "bids": [[0.4065, 101759.0], [0.4064, 192683.0], [0.4063, 246582.0], [0.4062, 348887.0], [0.4061, 194492.0], [0.406, 220594.0], [0.4059, 110980.0], [0.4058, 207239.0], [0.4057, 288659.0], [0.4056, 227727.0], [0.4055, 87419.0], [0.4054, 167974.0], [0.4053, 278029.0], [0.4052, 222147.0], [0.4051, 144863.0], [0.405, 323413.0], [0.4049, 222041.0], [0.4048, 184949.0], [0.4047, 119670.0], [0.4046, 118326.0]], "asks": [[0.4066, 5303.0], [0.4067, 162917.0], [0.4068, 248248.0], [0.4069, 239486.0], [0.407, 295080.0], [0.4071, 172257.0], [0.4072, 278829.0], [0.4073, 314660.0], [0.4074, 263029.0], [0.4075, 165950.0], [0.4076, 174440.0], [0.4077, 154154.0], [0.4078, 137590.0], [0.4079, 270350.0], [0.408, 59295.0], [0.4081, 121148.0], [0.4082, 106689.0], [0.4083, 101069.0], [0.4084, 106643.0], [0.4085, 134443.0]], "timestamp": "2025-12-14T09:44:39.414020+00:00"}, {"symbol": "ADAUSDT", "bids": [[0.4065, 138181.0], [0.4064, 129386.0], [0.4063, 312529.0], [0.4062, 342057.0], [0.4061, 205606.0], [0.406, 196110.0], [0.4059, 153202.0], [0.4058, 207547.0], [0.4057, 293870.0], [0.4056, 203045.0], [0.4055, 87409.0], [0.4054, 193897.0], [0.4053, 319609.0], [0.4052, 104020.0], [0.4051, 144865.0], [0.405, 335024.0], [0.4049, 269919.0], [0.4048, 177540.0], [0.4047, 119128.0], [0.4046, 119171.0]], "asks": [[0.4066, 10075.0], [0.4067, 161745.0], [0.4068, 266371.0], [0.4069, 230548.0], [0.407, 320368.0], [0.4071, 274093.0], [0.4072, 301217.0], [0.4073, 250843.0], [0.4074, 205959.0], [0.4075, 155334.0], [0.4076, 183268.0], [0.4077, 112356.0], [0.4078, 138045.0], [0.4079, 271045.0], [0.408, 69060.0], [0.4081, 187446.0], [0.4082, 131693.0], [0.4083, 100849.0], [0.4084, 136157.0], [0.4085, 134994.0]], "timestamp": "2025-12-14T09:45:32.787757+00:00"}, {"symbol": "ADAUSDT", "bids": [[0.4066, 48556.0], [0.4065, 120611.0], [0.4064, 194020.0], [0.4063, 285494.0], [0.4062, 341350.0], [0.4061, 165167.0], [0.406, 173039.0], [0.4059, 202223.0], [0.4058, 141105.0], [0.4057, 289064.0], [0.4056, 203030.0], [0.4055, 102758.0], [0.4054, 192257.0], [0.4053, 320338.0], [0.4052, 133947.0], [0.4051, 145365.0], [0.405, 327668.0], [0.4049, 269404.0], [0.4048, 177555.0], [0.4047, 119873.0]], "asks": [[0.4067, 97734.0], [0.4068, 222374.0], [0.4069, 224782.0], [0.407, 293788.0], [0.4071, 169199.0], [0.4072, 306839.0], [0.4073, 337441.0], [0.4074, 188203.0], [0.4075, 150566.0], [0.4076, 189989.0], [0.4077, 141324.0], [0.4078, 224683.0], [0.4079, 153503.0], [0.408, 84948.0], [0.4081, 187446.0], [0.4082, 138827.0], [0.4083, 100849.0], [0.4084, 106157.0], [0.4085, 134994.0], [0.4086, 170150.0]], "timestamp": "2025-12-14T09:46:26.037189+00:00"}, {"symbol": "ADAUSDT", "bids": [[0.4068, 97949.0], [0.4067, 169044.0], [0.4066, 171883.0], [0.4065, 242534.0], [0.4064, 203592.0], [0.4063, 273890.0], [0.4062, 203265.0], [0.4061, 224907.0], [0.406, 185268.0], [0.4059, 253732.0], [0.4058, 123348.0], [0.4057, 194577.0], [0.4056, 331866.0], [0.4055, 215904.0], [0.4054, 246951.0], [0.4053, 121601.0], [0.4052, 111162.0], [0.4051, 123701.0], [0.405, 327653.0], [0.4049, 226470.0]], "asks": [[0.4069, 102924.0], [0.407, 221768.0], [0.4071, 194591.0], [0.4072, 324997.0], [0.4073, 232925.0], [0.4074, 221916.0], [0.4075, 289446.0], [0.4076, 244768.0], [0.4077, 168718.0], [0.4078, 149093.0], [0.4079, 206367.0], [0.408, 215725.0], [0.4081, 189458.0], [0.4082, 154715.0], [0.4083, 103525.0], [0.4084, 113071.0], [0.4085, 125707.0], [0.4086, 81900.0], [0.4087, 83885.0], [0.4088, 140198.0]], "timestamp": "2025-12-14T09:47:19.698688+00:00"}, {"symbol": "ADAUSDT", "bids": [[0.4067, 62643.0], [0.4066, 142217.0], [0.4065, 266246.0], [0.4064, 165325.0], [0.4063, 366118.0], [0.4062, 256228.0], [0.4061, 155401.0], [0.406, 215849.0], [0.4059, 262717.0], [0.4058, 153115.0], [0.4057, 155693.0], [0.4056, 290941.0], [0.4055, 103537.0], [0.4054, 285808.0], [0.4053, 121601.0], [0.4052, 118518.0], [0.4051, 183891.0], [0.405, 327653.0], [0.4049, 256470.0], [0.4048, 173792.0]], "asks": [[0.4068, 118836.0], [0.4069, 166321.0], [0.407, 271882.0], [0.4071, 333371.0], [0.4072, 216312.0], [0.4073, 292910.0], [0.4074, 221148.0], [0.4075, 174725.0], [0.4076, 230201.0], [0.4077, 158321.0], [0.4078, 135619.0], [0.4079, 131272.0], [0.408, 132293.0], [0.4081, 305512.0], [0.4082, 139930.0], [0.4083, 127795.0], [0.4084, 106157.0], [0.4085, 125690.0], [0.4086, 81680.0], [0.4087, 81428.0]], "timestamp": "2025-12-14T09:48:13.046937+00:00"}, {"symbol": "ADAUSDT", "bids": [[0.4066, 51172.0], [0.4065, 200238.0], [0.4064, 206395.0], [0.4063, 250905.0], [0.4062, 277399.0], [0.4061, 326137.0], [0.406, 142496.0], [0.4059, 254674.0], [0.4058, 155476.0], [0.4057, 139911.0], [0.4056, 287924.0], [0.4055, 103024.0], [0.4054, 183536.0], [0.4053, 239563.0], [0.4052, 118518.0], [0.4051, 191010.0], [0.405, 327168.0], [0.4049, 281162.0], [0.4048, 160366.0], [0.4047, 90400.0]], "asks": [[0.4067, 87148.0], [0.4068, 205746.0], [0.4069, 212851.0], [0.407, 371527.0], [0.4071, 193731.0], [0.4072, 264045.0], [0.4073, 238999.0], [0.4074, 233152.0], [0.4075, 231419.0], [0.4076, 219866.0], [0.4077, 119218.0], [0.4078, 93987.0], [0.4079, 130982.0], [0.408, 132526.0], [0.4081, 305588.0], [0.4082, 115508.0], [0.4083, 120678.0], [0.4084, 108616.0], [0.4085, 125660.0], [0.4086, 80425.0]], "timestamp": "2025-12-14T09:49:05.783278+00:00"}, {"symbol": "ADAUSDT", "bids": [[0.4066, 74298.0], [0.4065, 111527.0], [0.4064, 216183.0], [0.4063, 407574.0], [0.4062, 297303.0], [0.4061, 157164.0], [0.406, 151507.0], [0.4059, 213460.0], [0.4058, 169255.0], [0.4057, 260141.0], [0.4056, 287952.0], [0.4055, 81745.0], [0.4054, 180188.0], [0.4053, 229939.0], [0.4052, 138323.0], [0.4051, 205540.0], [0.405, 327168.0], [0.4049, 281162.0], [0.4048, 160366.0], [0.4047, 90400.0]], "asks": [[0.4067, 34688.0], [0.4068, 275290.0], [0.4069, 224605.0], [0.407, 280824.0], [0.4071, 184543.0], [0.4072, 289528.0], [0.4073, 281342.0], [0.4074, 201447.0], [0.4075, 152722.0], [0.4076, 208985.0], [0.4077, 131415.0], [0.4078, 126520.0], [0.4079, 246638.0], [0.408, 87388.0], [0.4081, 203276.0], [0.4082, 115508.0], [0.4083, 120693.0], [0.4084, 106157.0], [0.4085, 164720.0], [0.4086, 168828.0]], "timestamp": "2025-12-14T09:49:58.638902+00:00"}, {"symbol": "ADAUSDT", "bids": [[0.4067, 79429.0], [0.4066, 136517.0], [0.4065, 257575.0], [0.4064, 294071.0], [0.4063, 178858.0], [0.4062, 256773.0], [0.4061, 216841.0], [0.406, 153758.0], [0.4059, 256547.0], [0.4058, 152834.0], [0.4057, 156088.0], [0.4056, 302712.0], [0.4055, 204180.0], [0.4054, 162992.0], [0.4053, 121586.0], [0.4052, 123934.0], [0.4051, 167101.0], [0.405, 275440.0], [0.4049, 256472.0], [0.4048, 169407.0]], "asks": [[0.4068, 73970.0], [0.4069, 168255.0], [0.407, 255942.0], [0.4071, 301962.0], [0.4072, 277960.0], [0.4073, 238984.0], [0.4074, 217786.0], [0.4075, 186948.0], [0.4076, 233040.0], [0.4077, 162532.0], [0.4078, 113993.0], [0.4079, 249026.0], [0.408, 100991.0], [0.4081, 187955.0], [0.4082, 131396.0], [0.4083, 127812.0], [0.4084, 130648.0], [0.4085, 155483.0], [0.4086, 80357.0], [0.4087, 81448.0]], "timestamp": "2025-12-14T09:50:52.178463+00:00"}, {"symbol": "ADAUSDT", "bids": [[0.4067, 70765.0], [0.4066, 168476.0], [0.4065, 246975.0], [0.4064, 206909.0], [0.4063, 268269.0], [0.4062, 259769.0], [0.4061, 149184.0], [0.406, 173934.0], [0.4059, 307925.0], [0.4058, 152849.0], [0.4057, 137146.0], [0.4056, 240413.0], [0.4055, 86298.0], [0.4054, 162840.0], [0.4053, 116535.0], [0.4052, 109822.0], [0.4051, 191769.0], [0.405, 275070.0], [0.4049, 256472.0], [0.4048, 160366.0]], "asks": [[0.4068, 81350.0], [0.4069, 131783.0], [0.407, 247049.0], [0.4071, 218754.0], [0.4072, 362542.0], [0.4073, 149873.0], [0.4074, 230089.0], [0.4075, 159075.0], [0.4076, 246107.0], [0.4077, 152024.0], [0.4078, 108316.0], [0.4079, 136544.0], [0.408, 100383.0], [0.4081, 188084.0], [0.4082, 150756.0], [0.4083, 127812.0], [0.4084, 122045.0], [0.4085, 155483.0], [0.4086, 77994.0], [0.4087, 70518.0]], "timestamp": "2025-12-14T09:52:05.747268+00:00"}, {"symbol": "ADAUSDT", "bids": [[0.4066, 78496.0], [0.4065, 200322.0], [0.4064, 165152.0], [0.4063, 297593.0], [0.4062, 221061.0], [0.4061, 174404.0], [0.406, 151435.0], [0.4059, 278918.0], [0.4058, 209849.0], [0.4057, 137070.0], [0.4056, 242591.0], [0.4055, 87168.0], [0.4054, 167757.0], [0.4053, 116535.0], [0.4052, 109808.0], [0.4051, 198903.0], [0.405, 305049.0], [0.4049, 226472.0], [0.4048, 160352.0], [0.4047, 90400.0]], "asks": [[0.4067, 117655.0], [0.4068, 161888.0], [0.4069, 153776.0], [0.407, 350789.0], [0.4071, 192885.0], [0.4072, 261648.0], [0.4073, 164775.0], [0.4074, 235010.0], [0.4075, 164474.0], [0.4076, 211115.0], [0.4077, 121012.0], [0.4078, 84853.0], [0.4079, 136195.0], [0.408, 114878.0], [0.4081, 96695.0], [0.4082, 149633.0], [0.4083, 141775.0], [0.4084, 131978.0], [0.4085, 161389.0], [0.4086, 144668.0]], "timestamp": "2025-12-14T09:53:00.361745+00:00"}, {"symbol": "ADAUSDT", "bids": [[0.4068, 87848.0], [0.4067, 139353.0], [0.4066, 170970.0], [0.4065, 263494.0], [0.4064, 271050.0], [0.4063, 173768.0], [0.4062, 220659.0], [0.4061, 177172.0], [0.406, 156125.0], [0.4059, 246075.0], [0.4058, 209819.0], [0.4057, 150553.0], [0.4056, 305581.0], [0.4055, 81323.0], [0.4054, 162826.0], [0.4053, 116535.0], [0.4052, 86786.0], [0.4051, 161594.0], [0.405, 272744.0], [0.4049, 226472.0]], "asks": [[0.4069, 109379.0], [0.407, 254214.0], [0.4071, 185765.0], [0.4072, 381514.0], [0.4073, 155372.0], [0.4074, 236101.0], [0.4075, 164550.0], [0.4076, 230972.0], [0.4077, 122413.0], [0.4078, 131666.0], [0.4079, 172929.0], [0.408, 114920.0], [0.4081, 97011.0], [0.4082, 149737.0], [0.4083, 133021.0], [0.4084, 154927.0], [0.4085, 161389.0], [0.4086, 144683.0], [0.4087, 70584.0], [0.4088, 52849.0]], "timestamp": "2025-12-14T09:53:53.735848+00:00"}, {"symbol": "ADAUSDT", "bids": [[0.4065, 34651.0], [0.4064, 107061.0], [0.4063, 264922.0], [0.4062, 377870.0], [0.4061, 189489.0], [0.406, 176375.0], [0.4059, 340862.0], [0.4058, 182154.0], [0.4057, 183646.0], [0.4056, 250298.0], [0.4055, 89244.0], [0.4054, 188155.0], [0.4053, 285170.0], [0.4052, 108323.0], [0.4051, 183258.0], [0.405, 304589.0], [0.4049, 226487.0], [0.4048, 160366.0], [0.4047, 90400.0], [0.4046, 117291.0]], "asks": [[0.4066, 119238.0], [0.4067, 232158.0], [0.4068, 300255.0], [0.4069, 349799.0], [0.407, 217553.0], [0.4071, 258340.0], [0.4072, 333366.0], [0.4073, 229339.0], [0.4074, 265386.0], [0.4075, 174831.0], [0.4076, 170582.0], [0.4077, 90808.0], [0.4078, 145541.0], [0.4079, 246865.0], [0.408, 81504.0], [0.4081, 94559.0], [0.4082, 142528.0], [0.4083, 120678.0], [0.4084, 137434.0], [0.4085, 131389.0]], "timestamp": "2025-12-14T09:54:47.189250+00:00"}, {"symbol": "ADAUSDT", "bids": [[0.4065, 104728.0], [0.4064, 136152.0], [0.4063, 297508.0], [0.4062, 375678.0], [0.4061, 221910.0], [0.406, 162063.0], [0.4059, 233494.0], [0.4058, 190823.0], [0.4057, 310637.0], [0.4056, 245587.0], [0.4055, 89304.0], [0.4054, 171387.0], [0.4053, 285230.0], [0.4052, 108308.0], [0.4051, 183317.0], [0.405, 279907.0], [0.4049, 214199.0], [0.4048, 185062.0], [0.4047, 90400.0], [0.4046, 116639.0]], "asks": [[0.4066, 56063.0], [0.4067, 187429.0], [0.4068, 330433.0], [0.4069, 229148.0], [0.407, 277886.0], [0.4071, 216456.0], [0.4072, 424814.0], [0.4073, 156207.0], [0.4074, 218373.0], [0.4075, 174842.0], [0.4076, 202336.0], [0.4077, 90781.0], [0.4078, 144225.0], [0.4079, 246503.0], [0.408, 76773.0], [0.4081, 94749.0], [0.4082, 142748.0], [0.4083, 125389.0], [0.4084, 137262.0], [0.4085, 131389.0]], "timestamp": "2025-12-14T09:55:40.254009+00:00"}, {"symbol": "ADAUSDT", "bids": [[0.4066, 96005.0], [0.4065, 144585.0], [0.4064, 172779.0], [0.4063, 287667.0], [0.4062, 392462.0], [0.4061, 159230.0], [0.406, 192311.0], [0.4059, 185674.0], [0.4058, 168338.0], [0.4057, 275049.0], [0.4056, 249194.0], [0.4055, 128036.0], [0.4054, 186739.0], [0.4053, 290510.0], [0.4052, 108308.0], [0.4051, 183317.0], [0.405, 273037.0], [0.4049, 214199.0], [0.4048, 185062.0], [0.4047, 90400.0]], "asks": [[0.4067, 116038.0], [0.4068, 276734.0], [0.4069, 252288.0], [0.407, 287684.0], [0.4071, 235296.0], [0.4072, 323714.0], [0.4073, 270855.0], [0.4074, 191885.0], [0.4075, 172776.0], [0.4076, 242384.0], [0.4077, 123882.0], [0.4078, 138824.0], [0.4079, 246826.0], [0.408, 76788.0], [0.4081, 94749.0], [0.4082, 119867.0], [0.4083, 132154.0], [0.4084, 161756.0], [0.4085, 131404.0], [0.4086, 157222.0]], "timestamp": "2025-12-14T09:56:33.415041+00:00"}, {"symbol": "ADAUSDT", "bids": [[0.4066, 100900.0], [0.4065, 166275.0], [0.4064, 205968.0], [0.4063, 382618.0], [0.4062, 376384.0], [0.4061, 160982.0], [0.406, 192360.0], [0.4059, 185674.0], [0.4058, 159781.0], [0.4057, 275049.0], [0.4056, 249133.0], [0.4055, 122676.0], [0.4054, 170851.0], [0.4053, 290510.0], [0.4052, 108308.0], [0.4051, 183320.0], [0.405, 273175.0], [0.4049, 214199.0], [0.4048, 185062.0], [0.4047, 90385.0]], "asks": [[0.4067, 43604.0], [0.4068, 275640.0], [0.4069, 242434.0], [0.407, 304827.0], [0.4071, 195229.0], [0.4072, 296742.0], [0.4073, 332166.0], [0.4074, 199608.0], [0.4075, 181942.0], [0.4076, 247621.0], [0.4077, 123897.0], [0.4078, 116608.0], [0.4079, 246888.0], [0.408, 92614.0], [0.4081, 94749.0], [0.4082, 119882.0], [0.4083, 132169.0], [0.4084, 161726.0], [0.4085, 131404.0], [0.4086, 159074.0]], "timestamp": "2025-12-14T09:57:26.525999+00:00"}, {"symbol": "ADAUSDT", "bids": [[0.4068, 158695.0], [0.4067, 166450.0], [0.4066, 185052.0], [0.4065, 275627.0], [0.4064, 311485.0], [0.4063, 214249.0], [0.4062, 311194.0], [0.4061, 269083.0], [0.406, 162503.0], [0.4059, 97734.0], [0.4058, 164729.0], [0.4057, 182465.0], [0.4056, 269132.0], [0.4055, 254575.0], [0.4054, 172492.0], [0.4053, 162262.0], [0.4052, 86548.0], [0.4051, 131627.0], [0.405, 243145.0], [0.4049, 226505.0]], "asks": [[0.4069, 46336.0], [0.407, 254238.0], [0.4071, 237314.0], [0.4072, 294152.0], [0.4073, 372976.0], [0.4074, 185432.0], [0.4075, 236233.0], [0.4076, 274348.0], [0.4077, 170636.0], [0.4078, 125594.0], [0.4079, 293810.0], [0.408, 119405.0], [0.4081, 97130.0], [0.4082, 137428.0], [0.4083, 134812.0], [0.4084, 167462.0], [0.4085, 131624.0], [0.4086, 159294.0], [0.4087, 158956.0], [0.4088, 51356.0]], "timestamp": "2025-12-14T09:58:20.081883+00:00"}, {"symbol": "ADAUSDT", "bids": [[0.4067, 131548.0], [0.4066, 176557.0], [0.4065, 292069.0], [0.4064, 249323.0], [0.4063, 366232.0], [0.4062, 271441.0], [0.4061, 306438.0], [0.406, 195169.0], [0.4059, 238769.0], [0.4058, 166766.0], [0.4057, 202744.0], [0.4056, 265552.0], [0.4055, 259981.0], [0.4054, 177393.0], [0.4053, 168770.0], [0.4052, 162516.0], [0.4051, 131597.0], [0.405, 204209.0], [0.4049, 226505.0], [0.4048, 168171.0]], "asks": [[0.4068, 26904.0], [0.4069, 139279.0], [0.407, 306592.0], [0.4071, 228676.0], [0.4072, 347124.0], [0.4073, 209006.0], [0.4074, 259970.0], [0.4075, 189284.0], [0.4076, 237454.0], [0.4077, 96027.0], [0.4078, 101982.0], [0.4079, 147541.0], [0.408, 126767.0], [0.4081, 215445.0], [0.4082, 167088.0], [0.4083, 134539.0], [0.4084, 160688.0], [0.4085, 131624.0], [0.4086, 159294.0], [0.4087, 159022.0]], "timestamp": "2025-12-14T09:59:13.167938+00:00"}, {"symbol": "ADAUSDT", "bids": [[0.4069, 142229.0], [0.4068, 212523.0], [0.4067, 248216.0], [0.4066, 224033.0], [0.4065, 360128.0], [0.4064, 217735.0], [0.4063, 270167.0], [0.4062, 208764.0], [0.4061, 169420.0], [0.406, 197095.0], [0.4059, 277218.0], [0.4058, 117751.0], [0.4057, 129287.0], [0.4056, 339264.0], [0.4055, 110735.0], [0.4054, 172387.0], [0.4053, 151946.0], [0.4052, 130163.0], [0.4051, 117118.0], [0.405, 204379.0]], "asks": [[0.407, 55081.0], [0.4071, 107379.0], [0.4072, 247573.0], [0.4073, 154572.0], [0.4074, 242792.0], [0.4075, 198354.0], [0.4076, 285835.0], [0.4077, 160022.0], [0.4078, 153833.0], [0.4079, 193769.0], [0.408, 121951.0], [0.4081, 105718.0], [0.4082, 180176.0], [0.4083, 264592.0], [0.4084, 137467.0], [0.4085, 157949.0], [0.4086, 145722.0], [0.4087, 71270.0], [0.4088, 72192.0], [0.4089, 260874.0]], "timestamp": "2025-12-14T10:00:06.373925+00:00"}, {"symbol": "ADAUSDT", "bids": [[0.4066, 94431.0], [0.4065, 245708.0], [0.4064, 240596.0], [0.4063, 374356.0], [0.4062, 250724.0], [0.4061, 235656.0], [0.406, 245368.0], [0.4059, 250409.0], [0.4058, 178080.0], [0.4057, 121598.0], [0.4056, 307709.0], [0.4055, 120497.0], [0.4054, 294102.0], [0.4053, 189310.0], [0.4052, 137330.0], [0.4051, 148560.0], [0.405, 229447.0], [0.4049, 227723.0], [0.4048, 144590.0], [0.4047, 91464.0]], "asks": [[0.4067, 49616.0], [0.4068, 201437.0], [0.4069, 247317.0], [0.407, 251829.0], [0.4071, 268763.0], [0.4072, 219728.0], [0.4073, 165007.0], [0.4074, 271202.0], [0.4075, 202400.0], [0.4076, 164402.0], [0.4077, 96710.0], [0.4078, 122987.0], [0.4079, 254042.0], [0.408, 122669.0], [0.4081, 81635.0], [0.4082, 135696.0], [0.4083, 121904.0], [0.4084, 105834.0], [0.4085, 156228.0], [0.4086, 158719.0]], "timestamp": "2025-12-14T10:01:00.038854+00:00"}, {"symbol": "ADAUSDT", "bids": [[0.4066, 144581.0], [0.4065, 173647.0], [0.4064, 240744.0], [0.4063, 326572.0], [0.4062, 237555.0], [0.4061, 325674.0], [0.406, 276895.0], [0.4059, 111427.0], [0.4058, 174529.0], [0.4057, 292082.0], [0.4056, 301671.0], [0.4055, 100001.0], [0.4054, 275891.0], [0.4053, 207352.0], [0.4052, 151856.0], [0.4051, 148590.0], [0.405, 225057.0], [0.4049, 227723.0], [0.4048, 144590.0], [0.4047, 91464.0]], "asks": [[0.4067, 51145.0], [0.4068, 235338.0], [0.4069, 263996.0], [0.407, 183300.0], [0.4071, 268272.0], [0.4072, 275297.0], [0.4073, 250434.0], [0.4074, 202969.0], [0.4075, 168740.0], [0.4076, 144784.0], [0.4077, 98767.0], [0.4078, 96863.0], [0.4079, 254243.0], [0.408, 121934.0], [0.4081, 81739.0], [0.4082, 136009.0], [0.4083, 121905.0], [0.4084, 130327.0], [0.4085, 131801.0], [0.4086, 158719.0]], "timestamp": "2025-12-14T10:01:54.071526+00:00"}, {"symbol": "ADAUSDT", "bids": [[0.4068, 59322.0], [0.4067, 156417.0], [0.4066, 167216.0], [0.4065, 303891.0], [0.4064, 360994.0], [0.4063, 240912.0], [0.4062, 218508.0], [0.4061, 184149.0], [0.406, 281736.0], [0.4059, 231776.0], [0.4058, 161104.0], [0.4057, 181378.0], [0.4056, 311629.0], [0.4055, 104446.0], [0.4054, 290389.0], [0.4053, 177784.0], [0.4052, 130163.0], [0.4051, 141471.0], [0.405, 200343.0], [0.4049, 237000.0]], "asks": [[0.4069, 130260.0], [0.407, 198080.0], [0.4071, 208959.0], [0.4072, 337043.0], [0.4073, 156457.0], [0.4074, 211245.0], [0.4075, 307272.0], [0.4076, 188295.0], [0.4077, 124245.0], [0.4078, 122573.0], [0.4079, 143281.0], [0.408, 135288.0], [0.4081, 199097.0], [0.4082, 120225.0], [0.4083, 135798.0], [0.4084, 153422.0], [0.4085, 131801.0], [0.4086, 158719.0], [0.4087, 159359.0], [0.4088, 52162.0]], "timestamp": "2025-12-14T10:02:47.655554+00:00"}, {"symbol": "ADAUSDT", "bids": [[0.4068, 123247.0], [0.4067, 172480.0], [0.4066, 198062.0], [0.4065, 325289.0], [0.4064, 347369.0], [0.4063, 216875.0], [0.4062, 290725.0], [0.4061, 184041.0], [0.406, 205814.0], [0.4059, 231767.0], [0.4058, 160722.0], [0.4057, 165779.0], [0.4056, 429156.0], [0.4055, 104983.0], [0.4054, 172433.0], [0.4053, 163384.0], [0.4052, 130163.0], [0.4051, 141471.0], [0.405, 200343.0], [0.4049, 237000.0]], "asks": [[0.4069, 31025.0], [0.407, 207789.0], [0.4071, 209396.0], [0.4072, 199903.0], [0.4073, 229066.0], [0.4074, 192583.0], [0.4075, 283996.0], [0.4076, 204520.0], [0.4077, 162411.0], [0.4078, 144137.0], [0.4079, 164209.0], [0.408, 122671.0], [0.4081, 114087.0], [0.4082, 238130.0], [0.4083, 135811.0], [0.4084, 137519.0], [0.4085, 156262.0], [0.4086, 145891.0], [0.4087, 72723.0], [0.4088, 64853.0]], "timestamp": "2025-12-14T10:03:40.802079+00:00"}, {"symbol": "ADAUSDT", "bids": [[0.4069, 58686.0], [0.4068, 206936.0], [0.4067, 191063.0], [0.4066, 204473.0], [0.4065, 318453.0], [0.4064, 209687.0], [0.4063, 297619.0], [0.4062, 317242.0], [0.4061, 201399.0], [0.406, 126247.0], [0.4059, 214088.0], [0.4058, 259736.0], [0.4057, 388872.0], [0.4056, 184990.0], [0.4055, 145331.0], [0.4054, 128086.0], [0.4053, 103784.0], [0.4052, 111672.0], [0.4051, 120519.0], [0.405, 196497.0]], "asks": [[0.407, 151351.0], [0.4071, 179559.0], [0.4072, 232286.0], [0.4073, 333186.0], [0.4074, 153388.0], [0.4075, 198131.0], [0.4076, 204528.0], [0.4077, 169431.0], [0.4078, 211550.0], [0.4079, 207086.0], [0.408, 117861.0], [0.4081, 147509.0], [0.4082, 93918.0], [0.4083, 258414.0], [0.4084, 122267.0], [0.4085, 143472.0], [0.4086, 48630.0], [0.4087, 93393.0], [0.4088, 149506.0], [0.4089, 134815.0]], "timestamp": "2025-12-14T10:04:34.074996+00:00"}, {"symbol": "ADAUSDT", "bids": [[0.407, 125007.0], [0.4069, 178152.0], [0.4068, 271829.0], [0.4067, 205903.0], [0.4066, 206890.0], [0.4065, 354939.0], [0.4064, 230832.0], [0.4063, 250894.0], [0.4062, 307815.0], [0.4061, 125148.0], [0.406, 159683.0], [0.4059, 136236.0], [0.4058, 327854.0], [0.4057, 256858.0], [0.4056, 302687.0], [0.4055, 145346.0], [0.4054, 125056.0], [0.4053, 98837.0], [0.4052, 111672.0], [0.4051, 120185.0]], "asks": [[0.4071, 107612.0], [0.4072, 167836.0], [0.4073, 236754.0], [0.4074, 243287.0], [0.4075, 231273.0], [0.4076, 299843.0], [0.4077, 218098.0], [0.4078, 132979.0], [0.4079, 195503.0], [0.408, 105800.0], [0.4081, 130203.0], [0.4082, 75685.0], [0.4083, 257787.0], [0.4084, 131927.0], [0.4085, 142329.0], [0.4086, 84417.0], [0.4087, 114676.0], [0.4088, 148225.0], [0.4089, 198770.0], [0.409, 99670.0]], "timestamp": "2025-12-14T10:05:27.414806+00:00"}, {"symbol": "ADAUSDT", "bids": [[0.4074, 82619.0], [0.4073, 136393.0], [0.4072, 319152.0], [0.4071, 235314.0], [0.407, 326625.0], [0.4069, 198358.0], [0.4068, 165886.0], [0.4067, 193145.0], [0.4066, 164466.0], [0.4065, 275967.0], [0.4064, 131793.0], [0.4063, 205447.0], [0.4062, 193629.0], [0.4061, 261467.0], [0.406, 245491.0], [0.4059, 160149.0], [0.4058, 151077.0], [0.4057, 135733.0], [0.4056, 183455.0], [0.4055, 158721.0]], "asks": [[0.4075, 135962.0], [0.4076, 122001.0], [0.4077, 256424.0], [0.4078, 336060.0], [0.4079, 152802.0], [0.408, 142409.0], [0.4081, 185572.0], [0.4082, 261500.0], [0.4083, 236943.0], [0.4084, 178719.0], [0.4085, 161279.0], [0.4086, 211179.0], [0.4087, 145205.0], [0.4088, 111704.0], [0.4089, 125372.0], [0.409, 134331.0], [0.4091, 157722.0], [0.4092, 140629.0], [0.4093, 223928.0], [0.4094, 80560.0]], "timestamp": "2025-12-14T10:06:20.957947+00:00"}, {"symbol": "ADAUSDT", "bids": [[0.4073, 179511.0], [0.4072, 285871.0], [0.4071, 249745.0], [0.407, 341501.0], [0.4069, 195435.0], [0.4068, 202592.0], [0.4067, 333488.0], [0.4066, 148811.0], [0.4065, 155586.0], [0.4064, 122872.0], [0.4063, 210668.0], [0.4062, 321210.0], [0.4061, 260427.0], [0.406, 127877.0], [0.4059, 160089.0], [0.4058, 182313.0], [0.4057, 135765.0], [0.4056, 153455.0], [0.4055, 141114.0], [0.4054, 195775.0]], "asks": [[0.4074, 38483.0], [0.4075, 146960.0], [0.4076, 210508.0], [0.4077, 220437.0], [0.4078, 261225.0], [0.4079, 184156.0], [0.408, 215956.0], [0.4081, 156712.0], [0.4082, 218690.0], [0.4083, 211542.0], [0.4084, 153955.0], [0.4085, 100631.0], [0.4086, 115282.0], [0.4087, 294591.0], [0.4088, 111065.0], [0.4089, 124963.0], [0.409, 127773.0], [0.4091, 148611.0], [0.4092, 116190.0], [0.4093, 223928.0]], "timestamp": "2025-12-14T10:07:14.308711+00:00"}, {"symbol": "ADAUSDT", "bids": [[0.4075, 110615.0], [0.4074, 204233.0], [0.4073, 190659.0], [0.4072, 344031.0], [0.4071, 213167.0], [0.407, 321861.0], [0.4069, 174963.0], [0.4068, 285650.0], [0.4067, 239886.0], [0.4066, 141926.0], [0.4065, 156021.0], [0.4064, 120789.0], [0.4063, 199551.0], [0.4062, 320934.0], [0.4061, 224742.0], [0.406, 163240.0], [0.4059, 152955.0], [0.4058, 175400.0], [0.4057, 135709.0], [0.4056, 183455.0]], "asks": [[0.4076, 65946.0], [0.4077, 170686.0], [0.4078, 225398.0], [0.4079, 168325.0], [0.408, 232381.0], [0.4081, 258958.0], [0.4082, 226799.0], [0.4083, 174701.0], [0.4084, 183486.0], [0.4085, 165860.0], [0.4086, 165389.0], [0.4087, 213519.0], [0.4088, 238488.0], [0.4089, 130992.0], [0.409, 161093.0], [0.4091, 185446.0], [0.4092, 116386.0], [0.4093, 223928.0], [0.4094, 80641.0], [0.4095, 339969.0]], "timestamp": "2025-12-14T10:08:07.210700+00:00"}, {"symbol": "ADAUSDT", "bids": [[0.4075, 79080.0], [0.4074, 218060.0], [0.4073, 205839.0], [0.4072, 470945.0], [0.4071, 221255.0], [0.407, 204074.0], [0.4069, 175814.0], [0.4068, 265575.0], [0.4067, 250078.0], [0.4066, 232189.0], [0.4065, 183834.0], [0.4064, 92279.0], [0.4063, 109258.0], [0.4062, 296318.0], [0.4061, 224742.0], [0.406, 130282.0], [0.4059, 152955.0], [0.4058, 175400.0], [0.4057, 135709.0], [0.4056, 183455.0]], "asks": [[0.4076, 45169.0], [0.4077, 167057.0], [0.4078, 233535.0], [0.4079, 264999.0], [0.408, 163001.0], [0.4081, 255598.0], [0.4082, 237946.0], [0.4083, 154069.0], [0.4084, 177987.0], [0.4085, 154103.0], [0.4086, 149531.0], [0.4087, 222453.0], [0.4088, 238488.0], [0.4089, 130992.0], [0.409, 161093.0], [0.4091, 185446.0], [0.4092, 116386.0], [0.4093, 223928.0], [0.4094, 80641.0], [0.4095, 334110.0]], "timestamp": "2025-12-14T10:09:00.239081+00:00"}, {"symbol": "ADAUSDT", "bids": [[0.4073, 87343.0], [0.4072, 164777.0], [0.4071, 288292.0], [0.407, 202935.0], [0.4069, 205195.0], [0.4068, 372947.0], [0.4067, 271834.0], [0.4066, 232159.0], [0.4065, 189484.0], [0.4064, 118833.0], [0.4063, 108441.0], [0.4062, 225588.0], [0.4061, 206186.0], [0.406, 248010.0], [0.4059, 160395.0], [0.4058, 206858.0], [0.4057, 136023.0], [0.4056, 183455.0], [0.4055, 141114.0], [0.4054, 172000.0]], "asks": [[0.4074, 147477.0], [0.4075, 172678.0], [0.4076, 161510.0], [0.4077, 260482.0], [0.4078, 335305.0], [0.4079, 192833.0], [0.408, 126179.0], [0.4081, 176952.0], [0.4082, 366635.0], [0.4083, 161163.0], [0.4084, 153067.0], [0.4085, 100589.0], [0.4086, 93417.0], [0.4087, 183274.0], [0.4088, 227484.0], [0.4089, 123417.0], [0.409, 111883.0], [0.4091, 165920.0], [0.4092, 116419.0], [0.4093, 223928.0]], "timestamp": "2025-12-14T10:09:53.133121+00:00"}, {"symbol": "ADAUSDT", "bids": [[0.4073, 145879.0], [0.4072, 193710.0], [0.4071, 302825.0], [0.407, 317880.0], [0.4069, 195820.0], [0.4068, 215948.0], [0.4067, 283066.0], [0.4066, 213281.0], [0.4065, 126556.0], [0.4064, 131071.0], [0.4063, 177885.0], [0.4062, 229269.0], [0.4061, 174114.0], [0.406, 247905.0], [0.4059, 200103.0], [0.4058, 237461.0], [0.4057, 134983.0], [0.4056, 183472.0], [0.4055, 141114.0], [0.4054, 173233.0]], "asks": [[0.4074, 35426.0], [0.4075, 149602.0], [0.4076, 169200.0], [0.4077, 269596.0], [0.4078, 336827.0], [0.4079, 200482.0], [0.408, 211575.0], [0.4081, 176943.0], [0.4082, 281032.0], [0.4083, 170725.0], [0.4084, 153082.0], [0.4085, 118948.0], [0.4086, 194323.0], [0.4087, 166019.0], [0.4088, 109413.0], [0.4089, 139307.0], [0.409, 111883.0], [0.4091, 165920.0], [0.4092, 116888.0], [0.4093, 223928.0]], "timestamp": "2025-12-14T10:10:46.496890+00:00"}, {"symbol": "ADAUSDT", "bids": [[0.4075, 112555.0], [0.4074, 216420.0], [0.4073, 281885.0], [0.4072, 359635.0], [0.4071, 191440.0], [0.407, 193345.0], [0.4069, 197300.0], [0.4068, 175464.0], [0.4067, 218188.0], [0.4066, 320992.0], [0.4065, 220892.0], [0.4064, 240865.0], [0.4063, 84674.0], [0.4062, 181282.0], [0.4061, 226577.0], [0.406, 126138.0], [0.4059, 159415.0], [0.4058, 156428.0], [0.4057, 122416.0], [0.4056, 198221.0]], "asks": [[0.4076, 31772.0], [0.4077, 203728.0], [0.4078, 219680.0], [0.4079, 175741.0], [0.408, 220229.0], [0.4081, 165987.0], [0.4082, 252481.0], [0.4083, 275654.0], [0.4084, 194411.0], [0.4085, 157915.0], [0.4086, 173806.0], [0.4087, 139216.0], [0.4088, 144287.0], [0.4089, 246873.0], [0.409, 143465.0], [0.4091, 172994.0], [0.4092, 141329.0], [0.4093, 227964.0], [0.4094, 108877.0], [0.4095, 334125.0]], "timestamp": "2025-12-14T10:11:40.451297+00:00"}, {"symbol": "ADAUSDT", "bids": [[0.4072, 112909.0], [0.4071, 164679.0], [0.407, 291761.0], [0.4069, 298379.0], [0.4068, 190816.0], [0.4067, 237742.0], [0.4066, 286039.0], [0.4065, 199753.0], [0.4064, 331333.0], [0.4063, 74768.0], [0.4062, 165895.0], [0.4061, 237016.0], [0.406, 132023.0], [0.4059, 174057.0], [0.4058, 196157.0], [0.4057, 129974.0], [0.4056, 178310.0], [0.4055, 166261.0], [0.4054, 185282.0], [0.4053, 199003.0]], "asks": [[0.4073, 10643.0], [0.4074, 192080.0], [0.4075, 269892.0], [0.4076, 225150.0], [0.4077, 274945.0], [0.4078, 240835.0], [0.4079, 256906.0], [0.408, 155342.0], [0.4081, 254178.0], [0.4082, 206433.0], [0.4083, 174417.0], [0.4084, 130141.0], [0.4085, 134266.0], [0.4086, 125240.0], [0.4087, 211275.0], [0.4088, 95366.0], [0.4089, 116039.0], [0.409, 111883.0], [0.4091, 174824.0], [0.4092, 116870.0]], "timestamp": "2025-12-14T10:12:33.698147+00:00"}, {"symbol": "ADAUSDT", "bids": [[0.4069, 97951.0], [0.4068, 121409.0], [0.4067, 208210.0], [0.4066, 272677.0], [0.4065, 250980.0], [0.4064, 137118.0], [0.4063, 110061.0], [0.4062, 245150.0], [0.4061, 235218.0], [0.406, 152492.0], [0.4059, 276444.0], [0.4058, 182221.0], [0.4057, 140608.0], [0.4056, 398195.0], [0.4055, 193006.0], [0.4054, 179163.0], [0.4053, 101792.0], [0.4052, 123540.0], [0.4051, 295574.0], [0.405, 262294.0]], "asks": [[0.407, 80275.0], [0.4071, 266334.0], [0.4072, 161021.0], [0.4073, 176450.0], [0.4074, 299602.0], [0.4075, 234543.0], [0.4076, 259894.0], [0.4077, 190443.0], [0.4078, 301287.0], [0.4079, 198180.0], [0.408, 130033.0], [0.4081, 156406.0], [0.4082, 245182.0], [0.4083, 133702.0], [0.4084, 167367.0], [0.4085, 153746.0], [0.4086, 91389.0], [0.4087, 65917.0], [0.4088, 76490.0], [0.4089, 91549.0]], "timestamp": "2025-12-14T10:13:26.906414+00:00"}, {"symbol": "ADAUSDT", "bids": [[0.4052, 30900.0], [0.4051, 96223.0], [0.405, 84877.0], [0.4049, 134893.0], [0.4048, 187026.0], [0.4047, 309985.0], [0.4046, 110384.0], [0.4045, 124913.0], [0.4044, 124300.0], [0.4043, 146922.0], [0.4042, 113379.0], [0.4041, 220972.0], [0.404, 227404.0], [0.4039, 132152.0], [0.4038, 99385.0], [0.4037, 77564.0], [0.4036, 98307.0], [0.4035, 136250.0], [0.4034, 176598.0], [0.4033, 84651.0]], "asks": [[0.4053, 236520.0], [0.4054, 93454.0], [0.4055, 237070.0], [0.4056, 137059.0], [0.4057, 175065.0], [0.4058, 252525.0], [0.4059, 161468.0], [0.406, 341480.0], [0.4061, 192324.0], [0.4062, 207582.0], [0.4063, 119074.0], [0.4064, 146971.0], [0.4065, 153330.0], [0.4066, 270349.0], [0.4067, 121441.0], [0.4068, 99895.0], [0.4069, 136892.0], [0.407, 129983.0], [0.4071, 192682.0], [0.4072, 165590.0]], "timestamp": "2025-12-14T10:14:20.199251+00:00"}, {"symbol": "ADAUSDT", "bids": [[0.4053, 142467.0], [0.4052, 70695.0], [0.4051, 167995.0], [0.405, 193363.0], [0.4049, 235147.0], [0.4048, 235956.0], [0.4047, 122103.0], [0.4046, 90836.0], [0.4045, 112910.0], [0.4044, 83769.0], [0.4043, 156510.0], [0.4042, 96462.0], [0.4041, 254346.0], [0.404, 252858.0], [0.4039, 208184.0], [0.4038, 110009.0], [0.4037, 66587.0], [0.4036, 115476.0], [0.4035, 176036.0], [0.4034, 108455.0]], "asks": [[0.4054, 28752.0], [0.4055, 114789.0], [0.4056, 240264.0], [0.4057, 187587.0], [0.4058, 266511.0], [0.4059, 288645.0], [0.406, 240542.0], [0.4061, 265497.0], [0.4062, 331119.0], [0.4063, 147703.0], [0.4064, 199090.0], [0.4065, 133973.0], [0.4066, 150309.0], [0.4067, 120683.0], [0.4068, 128380.0], [0.4069, 128019.0], [0.407, 141473.0], [0.4071, 222312.0], [0.4072, 88803.0], [0.4073, 109418.0]], "timestamp": "2025-12-14T10:15:13.033975+00:00"}, {"symbol": "ADAUSDT", "bids": [[0.4052, 10887.0], [0.4051, 91485.0], [0.405, 183120.0], [0.4049, 186387.0], [0.4048, 113993.0], [0.4047, 177101.0], [0.4046, 172418.0], [0.4045, 113641.0], [0.4044, 91002.0], [0.4043, 226395.0], [0.4042, 96336.0], [0.4041, 185888.0], [0.404, 252206.0], [0.4039, 208561.0], [0.4038, 124613.0], [0.4037, 158244.0], [0.4036, 120906.0], [0.4035, 174758.0], [0.4034, 124311.0], [0.4033, 220281.0]], "asks": [[0.4053, 151675.0], [0.4054, 221499.0], [0.4055, 349551.0], [0.4056, 244277.0], [0.4057, 235528.0], [0.4058, 381047.0], [0.4059, 205718.0], [0.406, 270467.0], [0.4061, 198950.0], [0.4062, 197457.0], [0.4063, 241946.0], [0.4064, 152769.0], [0.4065, 197848.0], [0.4066, 159931.0], [0.4067, 136823.0], [0.4068, 90498.0], [0.4069, 91325.0], [0.407, 111789.0], [0.4071, 213886.0], [0.4072, 104443.0]], "timestamp": "2025-12-14T10:16:07.102184+00:00"}, {"symbol": "ADAUSDT", "bids": [[0.4055, 37213.0], [0.4054, 152299.0], [0.4053, 192971.0], [0.4052, 179256.0], [0.4051, 213776.0], [0.405, 157859.0], [0.4049, 127920.0], [0.4048, 111783.0], [0.4047, 182169.0], [0.4046, 73334.0], [0.4045, 128127.0], [0.4044, 96083.0], [0.4043, 191243.0], [0.4042, 97320.0], [0.4041, 225870.0], [0.404, 270285.0], [0.4039, 142587.0], [0.4038, 81936.0], [0.4037, 74513.0], [0.4036, 148639.0]], "asks": [[0.4056, 68046.0], [0.4057, 206259.0], [0.4058, 300938.0], [0.4059, 255498.0], [0.406, 331626.0], [0.4061, 185924.0], [0.4062, 295266.0], [0.4063, 270187.0], [0.4064, 232271.0], [0.4065, 171348.0], [0.4066, 254167.0], [0.4067, 244257.0], [0.4068, 123613.0], [0.4069, 104542.0], [0.407, 107804.0], [0.4071, 158215.0], [0.4072, 80367.0], [0.4073, 91108.0], [0.4074, 76571.0], [0.4075, 134629.0]], "timestamp": "2025-12-14T10:17:00.260743+00:00"}, {"symbol": "ADAUSDT", "bids": [[0.4049, 75582.0], [0.4048, 167912.0], [0.4047, 158457.0], [0.4046, 137012.0], [0.4045, 275172.0], [0.4044, 103518.0], [0.4043, 99568.0], [0.4042, 72068.0], [0.4041, 150478.0], [0.404, 374964.0], [0.4039, 135378.0], [0.4038, 194855.0], [0.4037, 166051.0], [0.4036, 178403.0], [0.4035, 273733.0], [0.4034, 105029.0], [0.4033, 135843.0], [0.4032, 159548.0], [0.4031, 598645.0], [0.403, 305321.0]], "asks": [[0.405, 79293.0], [0.4051, 191024.0], [0.4052, 221112.0], [0.4053, 308890.0], [0.4054, 213989.0], [0.4055, 332988.0], [0.4056, 262501.0], [0.4057, 255645.0], [0.4058, 225947.0], [0.4059, 209087.0], [0.406, 316404.0], [0.4061, 108006.0], [0.4062, 211727.0], [0.4063, 189309.0], [0.4064, 165751.0], [0.4065, 141389.0], [0.4066, 220835.0], [0.4067, 195264.0], [0.4068, 118583.0], [0.4069, 64279.0]], "timestamp": "2025-12-14T10:17:53.344509+00:00"}, {"symbol": "ADAUSDT", "bids": [[0.4056, 43561.0], [0.4055, 114487.0], [0.4054, 222880.0], [0.4053, 196615.0], [0.4052, 298232.0], [0.4051, 196123.0], [0.405, 184655.0], [0.4049, 142395.0], [0.4048, 123000.0], [0.4047, 168664.0], [0.4046, 210271.0], [0.4045, 234747.0], [0.4044, 131549.0], [0.4043, 222587.0], [0.4042, 102611.0], [0.4041, 161544.0], [0.404, 239462.0], [0.4039, 111083.0], [0.4038, 81951.0], [0.4037, 98265.0]], "asks": [[0.4057, 41592.0], [0.4058, 245566.0], [0.4059, 200294.0], [0.406, 191967.0], [0.4061, 311089.0], [0.4062, 240178.0], [0.4063, 302789.0], [0.4064, 197128.0], [0.4065, 177078.0], [0.4066, 300335.0], [0.4067, 88230.0], [0.4068, 137794.0], [0.4069, 186713.0], [0.407, 83629.0], [0.4071, 141717.0], [0.4072, 185417.0], [0.4073, 120230.0], [0.4074, 110613.0], [0.4075, 131975.0], [0.4076, 95587.0]], "timestamp": "2025-12-14T10:18:46.535281+00:00"}, {"symbol": "ADAUSDT", "bids": [[0.4056, 56434.0], [0.4055, 132458.0], [0.4054, 224241.0], [0.4053, 176763.0], [0.4052, 253386.0], [0.4051, 158336.0], [0.405, 197350.0], [0.4049, 116862.0], [0.4048, 120934.0], [0.4047, 113878.0], [0.4046, 125724.0], [0.4045, 133190.0], [0.4044, 266855.0], [0.4043, 98915.0], [0.4042, 123419.0], [0.4041, 231226.0], [0.404, 214670.0], [0.4039, 111083.0], [0.4038, 100116.0], [0.4037, 186297.0]], "asks": [[0.4057, 55158.0], [0.4058, 90659.0], [0.4059, 201248.0], [0.406, 233534.0], [0.4061, 327922.0], [0.4062, 218063.0], [0.4063, 214775.0], [0.4064, 266481.0], [0.4065, 211287.0], [0.4066, 196307.0], [0.4067, 146489.0], [0.4068, 140311.0], [0.4069, 107096.0], [0.407, 149396.0], [0.4071, 250650.0], [0.4072, 203933.0], [0.4073, 119025.0], [0.4074, 66290.0], [0.4075, 107480.0], [0.4076, 95773.0]], "timestamp": "2025-12-14T10:19:39.617049+00:00"}, {"symbol": "ADAUSDT", "bids": [[0.406, 95546.0], [0.4059, 123885.0], [0.4058, 311686.0], [0.4057, 224483.0], [0.4056, 355730.0], [0.4055, 214616.0], [0.4054, 151574.0], [0.4053, 162567.0], [0.4052, 165602.0], [0.4051, 231423.0], [0.405, 145563.0], [0.4049, 81589.0], [0.4048, 106249.0], [0.4047, 243066.0], [0.4046, 143038.0], [0.4045, 85295.0], [0.4044, 115573.0], [0.4043, 110704.0], [0.4042, 236530.0], [0.4041, 113163.0]], "asks": [[0.4061, 38415.0], [0.4062, 185703.0], [0.4063, 232077.0], [0.4064, 222481.0], [0.4065, 302383.0], [0.4066, 219578.0], [0.4067, 206603.0], [0.4068, 188123.0], [0.4069, 137646.0], [0.407, 158378.0], [0.4071, 160448.0], [0.4072, 122363.0], [0.4073, 95446.0], [0.4074, 97205.0], [0.4075, 258860.0], [0.4076, 106658.0], [0.4077, 184945.0], [0.4078, 180910.0], [0.4079, 120808.0], [0.408, 201724.0]], "timestamp": "2025-12-14T10:20:32.454090+00:00"}, {"symbol": "ADAUSDT", "bids": [[0.4062, 88791.0], [0.4061, 120463.0], [0.406, 257143.0], [0.4059, 189634.0], [0.4058, 175177.0], [0.4057, 256018.0], [0.4056, 157702.0], [0.4055, 235795.0], [0.4054, 123038.0], [0.4053, 150835.0], [0.4052, 157004.0], [0.4051, 136608.0], [0.405, 116955.0], [0.4049, 246470.0], [0.4048, 90331.0], [0.4047, 109043.0], [0.4046, 202229.0], [0.4045, 80238.0], [0.4044, 81023.0], [0.4043, 169203.0]], "asks": [[0.4063, 140919.0], [0.4064, 192425.0], [0.4065, 255666.0], [0.4066, 209936.0], [0.4067, 305028.0], [0.4068, 173418.0], [0.4069, 182672.0], [0.407, 256482.0], [0.4071, 188690.0], [0.4072, 188525.0], [0.4073, 234739.0], [0.4074, 101331.0], [0.4075, 229288.0], [0.4076, 131610.0], [0.4077, 194184.0], [0.4078, 128492.0], [0.4079, 99350.0], [0.408, 98306.0], [0.4081, 154354.0], [0.4082, 169855.0]], "timestamp": "2025-12-14T10:21:25.804941+00:00"}, {"symbol": "ADAUSDT", "bids": [[0.4063, 46297.0], [0.4062, 152422.0], [0.4061, 220480.0], [0.406, 218350.0], [0.4059, 181678.0], [0.4058, 179610.0], [0.4057, 147090.0], [0.4056, 212102.0], [0.4055, 161982.0], [0.4054, 117905.0], [0.4053, 133888.0], [0.4052, 127717.0], [0.4051, 123127.0], [0.405, 251369.0], [0.4049, 82761.0], [0.4048, 102309.0], [0.4047, 156132.0], [0.4046, 181871.0], [0.4045, 139731.0], [0.4044, 85855.0]], "asks": [[0.4064, 50470.0], [0.4065, 127071.0], [0.4066, 307219.0], [0.4067, 180880.0], [0.4068, 299696.0], [0.4069, 190535.0], [0.407, 248909.0], [0.4071, 229047.0], [0.4072, 209376.0], [0.4073, 168898.0], [0.4074, 168029.0], [0.4075, 143009.0], [0.4076, 137606.0], [0.4077, 298506.0], [0.4078, 182014.0], [0.4079, 108369.0], [0.408, 110307.0], [0.4081, 78726.0], [0.4082, 88155.0], [0.4083, 104774.0]], "timestamp": "2025-12-14T10:22:19.587187+00:00"}, {"symbol": "ADAUSDT", "bids": [[0.4064, 94046.0], [0.4063, 133271.0], [0.4062, 188570.0], [0.4061, 229307.0], [0.406, 258571.0], [0.4059, 179201.0], [0.4058, 106934.0], [0.4057, 119259.0], [0.4056, 212185.0], [0.4055, 155095.0], [0.4054, 87290.0], [0.4053, 162968.0], [0.4052, 141352.0], [0.4051, 155506.0], [0.405, 294158.0], [0.4049, 203025.0], [0.4048, 101144.0], [0.4047, 198829.0], [0.4046, 52403.0], [0.4045, 94085.0]], "asks": [[0.4065, 59463.0], [0.4066, 189552.0], [0.4067, 243214.0], [0.4068, 252244.0], [0.4069, 366861.0], [0.407, 180431.0], [0.4071, 261473.0], [0.4072, 228502.0], [0.4073, 206289.0], [0.4074, 156778.0], [0.4075, 142463.0], [0.4076, 121865.0], [0.4077, 196559.0], [0.4078, 186316.0], [0.4079, 88350.0], [0.408, 156576.0], [0.4081, 107922.0], [0.4082, 68622.0], [0.4083, 103301.0], [0.4084, 92400.0]], "timestamp": "2025-12-14T10:23:12.784070+00:00"}, {"symbol": "ADAUSDT", "bids": [[0.4066, 44970.0], [0.4065, 127460.0], [0.4064, 201512.0], [0.4063, 264733.0], [0.4062, 303836.0], [0.4061, 220670.0], [0.406, 243743.0], [0.4059, 141027.0], [0.4058, 115727.0], [0.4057, 132039.0], [0.4056, 173111.0], [0.4055, 170307.0], [0.4054, 317852.0], [0.4053, 109332.0], [0.4052, 163395.0], [0.4051, 239696.0], [0.405, 150835.0], [0.4049, 75454.0], [0.4048, 116053.0], [0.4047, 112649.0]], "asks": [[0.4067, 94446.0], [0.4068, 196402.0], [0.4069, 208360.0], [0.407, 218832.0], [0.4071, 232715.0], [0.4072, 172249.0], [0.4073, 217335.0], [0.4074, 247049.0], [0.4075, 171654.0], [0.4076, 127569.0], [0.4077, 129165.0], [0.4078, 172267.0], [0.4079, 135210.0], [0.408, 307226.0], [0.4081, 107256.0], [0.4082, 100216.0], [0.4083, 125433.0], [0.4084, 100113.0], [0.4085, 115970.0], [0.4086, 90481.0]], "timestamp": "2025-12-14T10:24:05.857250+00:00"}, {"symbol": "ADAUSDT", "bids": [[0.4073, 76684.0], [0.4072, 145037.0], [0.4071, 209426.0], [0.407, 227481.0], [0.4069, 267184.0], [0.4068, 250392.0], [0.4067, 161303.0], [0.4066, 224067.0], [0.4065, 133504.0], [0.4064, 100300.0], [0.4063, 121105.0], [0.4062, 92632.0], [0.4061, 101577.0], [0.406, 156413.0], [0.4059, 212272.0], [0.4058, 117145.0], [0.4057, 232415.0], [0.4056, 130399.0], [0.4055, 186878.0], [0.4054, 161206.0]], "asks": [[0.4074, 47727.0], [0.4075, 138683.0], [0.4076, 240149.0], [0.4077, 187532.0], [0.4078, 261638.0], [0.4079, 175187.0], [0.408, 183369.0], [0.4081, 178949.0], [0.4082, 224982.0], [0.4083, 180910.0], [0.4084, 179207.0], [0.4085, 134832.0], [0.4086, 256498.0], [0.4087, 93818.0], [0.4088, 121222.0], [0.4089, 105789.0], [0.409, 166598.0], [0.4091, 107589.0], [0.4092, 91775.0], [0.4093, 257593.0]], "timestamp": "2025-12-14T10:24:58.615602+00:00"}, {"symbol": "ADAUSDT", "bids": [[0.4071, 24812.0], [0.407, 188821.0], [0.4069, 204772.0], [0.4068, 160969.0], [0.4067, 254218.0], [0.4066, 244792.0], [0.4065, 143349.0], [0.4064, 109138.0], [0.4063, 108529.0], [0.4062, 123809.0], [0.4061, 249272.0], [0.406, 241086.0], [0.4059, 115028.0], [0.4058, 221799.0], [0.4057, 113430.0], [0.4056, 149505.0], [0.4055, 220128.0], [0.4054, 75656.0], [0.4053, 138213.0], [0.4052, 186019.0]], "asks": [[0.4072, 140821.0], [0.4073, 171274.0], [0.4074, 289682.0], [0.4075, 203984.0], [0.4076, 264831.0], [0.4077, 249786.0], [0.4078, 200397.0], [0.4079, 260115.0], [0.408, 195535.0], [0.4081, 112503.0], [0.4082, 120086.0], [0.4083, 190360.0], [0.4084, 139411.0], [0.4085, 145708.0], [0.4086, 249395.0], [0.4087, 70758.0], [0.4088, 91547.0], [0.4089, 93508.0], [0.409, 156455.0], [0.4091, 109615.0]], "timestamp": "2025-12-14T10:25:52.530583+00:00"}, {"symbol": "ADAUSDT", "bids": [[0.4072, 111307.0], [0.4071, 117157.0], [0.407, 236151.0], [0.4069, 195331.0], [0.4068, 143321.0], [0.4067, 281345.0], [0.4066, 220151.0], [0.4065, 139705.0], [0.4064, 125919.0], [0.4063, 218575.0], [0.4062, 92068.0], [0.4061, 130267.0], [0.406, 246157.0], [0.4059, 127436.0], [0.4058, 221593.0], [0.4057, 122052.0], [0.4056, 209916.0], [0.4055, 220128.0], [0.4054, 77373.0], [0.4053, 138213.0]], "asks": [[0.4073, 89110.0], [0.4074, 244464.0], [0.4075, 210527.0], [0.4076, 157580.0], [0.4077, 206901.0], [0.4078, 309139.0], [0.4079, 227878.0], [0.408, 198352.0], [0.4081, 130567.0], [0.4082, 141136.0], [0.4083, 179175.0], [0.4084, 144941.0], [0.4085, 148575.0], [0.4086, 249361.0], [0.4087, 80688.0], [0.4088, 109772.0], [0.4089, 103438.0], [0.409, 158791.0], [0.4091, 109615.0], [0.4092, 80864.0]], "timestamp": "2025-12-14T10:26:45.620963+00:00"}, {"symbol": "ADAUSDT", "bids": [[0.407, 55287.0], [0.4069, 244971.0], [0.4068, 161454.0], [0.4067, 191117.0], [0.4066, 239673.0], [0.4065, 159714.0], [0.4064, 217574.0], [0.4063, 229870.0], [0.4062, 108113.0], [0.4061, 118976.0], [0.406, 130794.0], [0.4059, 148533.0], [0.4058, 344069.0], [0.4057, 110135.0], [0.4056, 210137.0], [0.4055, 227483.0], [0.4054, 101182.0], [0.4053, 121996.0], [0.4052, 97317.0], [0.4051, 191879.0]], "asks": [[0.4071, 76447.0], [0.4072, 156835.0], [0.4073, 203055.0], [0.4074, 251293.0], [0.4075, 207722.0], [0.4076, 238713.0], [0.4077, 219902.0], [0.4078, 211204.0], [0.4079, 233156.0], [0.408, 243045.0], [0.4081, 122816.0], [0.4082, 131950.0], [0.4083, 136280.0], [0.4084, 91949.0], [0.4085, 242597.0], [0.4086, 131463.0], [0.4087, 63609.0], [0.4088, 90708.0], [0.4089, 100844.0], [0.409, 183325.0]], "timestamp": "2025-12-14T10:27:38.766007+00:00"}, {"symbol": "ADAUSDT", "bids": [[0.4068, 70122.0], [0.4067, 176617.0], [0.4066, 199159.0], [0.4065, 157326.0], [0.4064, 125400.0], [0.4063, 229924.0], [0.4062, 174011.0], [0.4061, 218701.0], [0.406, 244666.0], [0.4059, 119621.0], [0.4058, 194370.0], [0.4057, 117994.0], [0.4056, 291445.0], [0.4055, 225146.0], [0.4054, 88073.0], [0.4053, 140722.0], [0.4052, 135680.0], [0.4051, 182724.0], [0.405, 149085.0], [0.4049, 244472.0]], "asks": [[0.4069, 40916.0], [0.407, 126533.0], [0.4071, 248755.0], [0.4072, 257135.0], [0.4073, 255327.0], [0.4074, 272238.0], [0.4075, 191784.0], [0.4076, 177048.0], [0.4077, 282233.0], [0.4078, 233023.0], [0.4079, 164575.0], [0.408, 118956.0], [0.4081, 134648.0], [0.4082, 212817.0], [0.4083, 142610.0], [0.4084, 69316.0], [0.4085, 115588.0], [0.4086, 103283.0], [0.4087, 68362.0], [0.4088, 66507.0]], "timestamp": "2025-12-14T10:28:32.276729+00:00"}, {"symbol": "ADAUSDT", "bids": [[0.4066, 62538.0], [0.4065, 180318.0], [0.4064, 152748.0], [0.4063, 155910.0], [0.4062, 201065.0], [0.4061, 133571.0], [0.406, 212731.0], [0.4059, 194306.0], [0.4058, 224394.0], [0.4057, 94472.0], [0.4056, 142783.0], [0.4055, 336117.0], [0.4054, 192778.0], [0.4053, 125824.0], [0.4052, 143369.0], [0.4051, 237045.0], [0.405, 129710.0], [0.4049, 205803.0], [0.4048, 225868.0], [0.4047, 316470.0]], "asks": [[0.4067, 63912.0], [0.4068, 172910.0], [0.4069, 239887.0], [0.407, 241939.0], [0.4071, 473708.0], [0.4072, 208933.0], [0.4073, 227589.0], [0.4074, 264022.0], [0.4075, 168393.0], [0.4076, 176760.0], [0.4077, 174584.0], [0.4078, 152113.0], [0.4079, 185292.0], [0.408, 139342.0], [0.4081, 104685.0], [0.4082, 221591.0], [0.4083, 131194.0], [0.4084, 78821.0], [0.4085, 83415.0], [0.4086, 113274.0]], "timestamp": "2025-12-14T10:29:25.935089+00:00"}