[{"id": "546488726", "price": 0.3962, "amount": 17.0, "side": "sell", "timestamp": 1765755709289}, {"id": "546488727", "price": 0.3963, "amount": 239.0, "side": "buy", "timestamp": 1765755710196}, {"id": "546488728", "price": 0.3962, "amount": 35.0, "side": "sell", "timestamp": 1765755710348}, {"id": "546488729", "price": 0.3962, "amount": 87.0, "side": "sell", "timestamp": 1765755711306}, {"id": "546488730", "price": 0.3962, "amount": 29.0, "side": "sell", "timestamp": 1765755711456}, {"id": "546488731", "price": 0.3963, "amount": 48.0, "side": "buy", "timestamp": 1765755711798}, {"id": "546488732", "price": 0.3962, "amount": 37.0, "side": "sell", "timestamp": 1765755712510}, {"id": "546488733", "price": 0.3963, "amount": 13.0, "side": "buy", "timestamp": 1765755712535}, {"id": "546488734", "price": 0.3962, "amount": 802.0, "side": "sell", "timestamp": 1765755712596}, {"id": "546488735", "price": 0.3962, "amount": 865.0, "side": "sell", "timestamp": 1765755712719}, {"id": "546488736", "price": 0.3962, "amount": 885.0, "side": "sell", "timestamp": 1765755713286}, {"id": "546488737", "price": 0.3962, "amount": 859.0, "side": "sell", "timestamp": 1765755713391}, {"id": "546488738", "price": 0.3962, "amount": 58.0, "side": "sell", "timestamp": 1765755713619}, {"id": "546488739", "price": 0.3962, "amount": 862.0, "side": "sell", "timestamp": 1765755713904}, {"id": "546488740", "price": 0.3962, "amount": 18.0, "side": "sell", "timestamp": 1765755714711}, {"id": "546488741", "price": 0.3963, "amount": 63.0, "side": "buy", "timestamp": 1765755715259}, {"id": "546488742", "price": 0.3962, "amount": 29.0, "side": "sell", "timestamp": 1765755715943}, {"id": "546488743", "price": 0.3962, "amount": 19.0, "side": "sell", "timestamp": 1765755717010}, {"id": "546488744", "price": 0.3962, "amount": 27.0, "side": "sell", "timestamp": 1765755718013}, {"id": "546488745", "price": 0.3963, "amount": 248.0, "side": "buy", "timestamp": 1765755718088}, {"id": "546488746", "price": 0.3962, "amount": 16653.0, "side": "sell", "timestamp": 1765755718365}, {"id": "546488747", "price": 0.3962, "amount": 39.0, "side": "buy", "timestamp": 1765755718519}, {"id": "546488748", "price": 0.3963, "amount": 29.0, "side": "buy", "timestamp": 1765755718728}, {"id": "546488749", "price": 0.3962, "amount": 37.0, "side": "sell", "timestamp": 1765755719132}, {"id": "546488750", "price": 0.3963, "amount": 29.0, "side": "buy", "timestamp": 1765755719684}, {"id": "546488751", "price": 0.3963, "amount": 589.0, "side": "buy", "timestamp": 1765755720018}, {"id": "546488752", "price": 0.3962, "amount": 21.0, "side": "sell", "timestamp": 1765755720247}, {"id": "546488753", "price": 0.3962, "amount": 71.0, "side": "sell", "timestamp": 1765755720510}, {"id": "546488754", "price": 0.3963, "amount": 49.0, "side": "buy", "timestamp": 1765755720829}, {"id": "546488755", "price": 0.3963, "amount": 279.0, "side": "buy", "timestamp": 1765755721164}, {"id": "546488756", "price": 0.3962, "amount": 19.0, "side": "sell", "timestamp": 1765755721235}, {"id": "546488757", "price": 0.3962, "amount": 89.0, "side": "sell", "timestamp": 1765755721388}, {"id": "546488758", "price": 0.3962, "amount": 13.0, "side": "sell", "timestamp": 1765755721502}, {"id": "546488759", "price": 0.3963, "amount": 149.0, "side": "buy", "timestamp": 1765755721629}, {"id": "546488760", "price": 0.3963, "amount": 43.0, "side": "buy", "timestamp": 1765755721794}, {"id": "546488761", "price": 0.3962, "amount": 32.0, "side": "sell", "timestamp": 1765755722210}, {"id": "546488762", "price": 0.3962, "amount": 13.0, "side": "sell", "timestamp": 1765755722784}, {"id": "546488763", "price": 0.3962, "amount": 52.0, "side": "sell", "timestamp": 1765755723319}, {"id": "546488764", "price": 0.3963, "amount": 84.0, "side": "buy", "timestamp": 1765755723804}, {"id": "546488765", "price": 0.3963, "amount": 15.0, "side": "buy", "timestamp": 1765755724392}, {"id": "546488766", "price": 0.3962, "amount": 20.0, "side": "sell", "timestamp": 1765755724469}, {"id": "546488767", "price": 0.3962, "amount": 23334.0, "side": "sell", "timestamp": 1765755724672}, {"id": "546488768", "price": 0.3962, "amount": 63.0, "side": "buy", "timestamp": 1765755724955}, {"id": "546488769", "price": 0.3962, "amount": 333.0, "side": "buy", "timestamp": 1765755725079}, {"id": "546488770", "price": 0.3963, "amount": 34.0, "side": "buy", "timestamp": 1765755725250}, {"id": "546488771", "price": 0.3962, "amount": 21.0, "side": "sell", "timestamp": 1765755725427}, {"id": "546488772", "price": 0.3963, "amount": 24.0, "side": "buy", "timestamp": 1765755725691}, {"id": "546488773", "price": 0.3963, "amount": 27.0, "side": "buy", "timestamp": 1765755725823}, {"id": "546488774", "price": 0.3963, "amount": 20.0, "side": "buy", "timestamp": 1765755726055}, {"id": "546488775", "price": 0.3962, "amount": 16.0, "side": "sell", "timestamp": 1765755726422}, {"id": "546488822", "price": 0.396, "amount": 252.0, "side": "buy", "timestamp": 1765755744479}, {"id": "546488823", "price": 0.396, "amount": 1826.0, "side": "buy", "timestamp": 1765755744763}, {"id": "546488824", "price": 0.3961, "amount": 205.0, "side": "buy", "timestamp": 1765755745528}, {"id": "546488825", "price": 0.396, "amount": 274.0, "side": "sell", "timestamp": 1765755746516}, {"id": "546488826", "price": 0.3961, "amount": 2677.0, "side": "buy", "timestamp": 1765755746710}, {"id": "546488827", "price": 0.396, "amount": 11073.0, "side": "sell", "timestamp": 1765755746735}, {"id": "546488828", "price": 0.396, "amount": 39.0, "side": "buy", "timestamp": 1765755747051}, {"id": "546488829", "price": 0.396, "amount": 79.0, "side": "sell", "timestamp": 1765755747148}, {"id": "546488830", "price": 0.3959, "amount": 89.0, "side": "sell", "timestamp": 1765755747837}, {"id": "546488831", "price": 0.396, "amount": 94.0, "side": "buy", "timestamp": 1765755748257}, {"id": "546488832", "price": 0.396, "amount": 49603.0, "side": "sell", "timestamp": 1765755748409}, {"id": "546488833", "price": 0.396, "amount": 13.0, "side": "buy", "timestamp": 1765755750603}, {"id": "546488834", "price": 0.3959, "amount": 8413.0, "side": "sell", "timestamp": 1765755750746}, {"id": "546488835", "price": 0.3958, "amount": 16.0, "side": "sell", "timestamp": 1765755750818}, {"id": "546488836", "price": 0.3958, "amount": 117.0, "side": "sell", "timestamp": 1765755751066}, {"id": "546488837", "price": 0.3959, "amount": 22.0, "side": "buy", "timestamp": 1765755751748}, {"id": "546488838", "price": 0.3958, "amount": 19172.0, "side": "sell", "timestamp": 1765755751781}, {"id": "546488839", "price": 0.3958, "amount": 252.0, "side": "buy", "timestamp": 1765755751785}, {"id": "546488840", "price": 0.3957, "amount": 300.0, "side": "sell", "timestamp": 1765755751848}, {"id": "546488841", "price": 0.3958, "amount": 26.0, "side": "buy", "timestamp": 1765755751956}, {"id": "546488842", "price": 0.3958, "amount": 100.0, "side": "sell", "timestamp": 1765755752321}, {"id": "546488843", "price": 0.3958, "amount": 16.0, "side": "sell", "timestamp": 1765755753893}, {"id": "546488844", "price": 0.3958, "amount": 15.0, "side": "sell", "timestamp": 1765755754500}, {"id": "546488845", "price": 0.3959, "amount": 30.0, "side": "buy", "timestamp": 1765755755699}, {"id": "546488846", "price": 0.3959, "amount": 1390.0, "side": "buy", "timestamp": 1765755755964}, {"id": "546488847", "price": 0.3959, "amount": 280.0, "side": "buy", "timestamp": 1765755756457}, {"id": "546488848", "price": 0.3958, "amount": 53.0, "side": "sell", "timestamp": 1765755756851}, {"id": "546488849", "price": 0.3959, "amount": 35.0, "side": "buy", "timestamp": 1765755764306}, {"id": "546488850", "price": 0.3959, "amount": 1470.0, "side": "buy", "timestamp": 1765755764493}, {"id": "546488851", "price": 0.396, "amount": 2496.0, "side": "buy", "timestamp": 1765755764493}, {"id": "546488852", "price": 0.396, "amount": 99.0, "side": "buy", "timestamp": 1765755764751}, {"id": "546488853", "price": 0.396, "amount": 38.0, "side": "buy", "timestamp": 1765755765754}, {"id": "546488854", "price": 0.396, "amount": 48.0, "side": "buy", "timestamp": 1765755765931}, {"id": "546488855", "price": 0.3959, "amount": 876.0, "side": "sell", "timestamp": 1765755766110}, {"id": "546488856", "price": 0.3959, "amount": 2871.0, "side": "sell", "timestamp": 1765755766386}, {"id": "546488857", "price": 0.3958, "amount": 99.0, "side": "sell", "timestamp": 1765755766663}, {"id": "546488858", "price": 0.3959, "amount": 299.0, "side": "buy", "timestamp": 1765755768465}, {"id": "546488859", "price": 0.3958, "amount": 20.0, "side": "sell", "timestamp": 1765755768733}, {"id": "546488860", "price": 0.3959, "amount": 2500.0, "side": "buy", "timestamp": 1765755770031}, {"id": "546488861", "price": 0.3959, "amount": 25.0, "side": "buy", "timestamp": 1765755770387}, {"id": "546488862", "price": 0.3958, "amount": 17.0, "side": "sell", "timestamp": 1765755772101}, {"id": "546488863", "price": 0.3959, "amount": 8312.0, "side": "buy", "timestamp": 1765755772894}, {"id": "546488864", "price": 0.3958, "amount": 2032.0, "side": "sell", "timestamp": 1765755775193}, {"id": "546488865", "price": 0.3958, "amount": 188.0, "side": "sell", "timestamp": 1765755775526}, {"id": "546488866", "price": 0.3959, "amount": 75.0, "side": "buy", "timestamp": 1765755775682}, {"id": "546488867", "price": 0.396, "amount": 20.0, "side": "buy", "timestamp": 1765755775844}, {"id": "546488868", "price": 0.396, "amount": 99.0, "side": "buy", "timestamp": 1765755775963}, {"id": "546488869", "price": 0.3959, "amount": 688.0, "side": "sell", "timestamp": 1765755776313}, {"id": "546488870", "price": 0.3959, "amount": 100.0, "side": "sell", "timestamp": 1765755777507}, {"id": "546488871", "price": 0.396, "amount": 19.0, "side": "buy", "timestamp": 1765755779764}, {"id": "546488881", "price": 0.3962, "amount": 13993.0, "side": "buy", "timestamp": 1765755787893}, {"id": "546488882", "price": 0.3962, "amount": 435.0, "side": "buy", "timestamp": 1765755788091}, {"id": "546488883", "price": 0.3963, "amount": 12795.0, "side": "buy", "timestamp": 1765755788673}, {"id": "546488884", "price": 0.3963, "amount": 78.0, "side": "buy", "timestamp": 1765755789450}, {"id": "546488885", "price": 0.3963, "amount": 2350.0, "side": "buy", "timestamp": 1765755789786}, {"id": "546488886", "price": 0.3964, "amount": 30.0, "side": "buy", "timestamp": 1765755791691}, {"id": "546488887", "price": 0.3964, "amount": 27.0, "side": "buy", "timestamp": 1765755792622}, {"id": "546488888", "price": 0.3963, "amount": 76.0, "side": "sell", "timestamp": 1765755793216}, {"id": "546488889", "price": 0.3963, "amount": 196.0, "side": "sell", "timestamp": 1765755797182}, {"id": "546488890", "price": 0.3964, "amount": 16300.0, "side": "buy", "timestamp": 1765755797751}, {"id": "546488891", "price": 0.3964, "amount": 13.0, "side": "buy", "timestamp": 1765755798136}, {"id": "546488892", "price": 0.3963, "amount": 1399.0, "side": "sell", "timestamp": 1765755799221}, {"id": "546488893", "price": 0.3964, "amount": 21.0, "side": "buy", "timestamp": 1765755800060}, {"id": "546488894", "price": 0.3964, "amount": 76.0, "side": "buy", "timestamp": 1765755800246}, {"id": "546488895", "price": 0.3964, "amount": 183.0, "side": "buy", "timestamp": 1765755800511}, {"id": "546488896", "price": 0.3964, "amount": 329.0, "side": "buy", "timestamp": 1765755800788}, {"id": "546488897", "price": 0.3964, "amount": 50.0, "side": "sell", "timestamp": 1765755801043}, {"id": "546488898", "price": 0.3964, "amount": 21.0, "side": "sell", "timestamp": 1765755801485}, {"id": "546488899", "price": 0.3965, "amount": 1261.0, "side": "buy", "timestamp": 1765755802494}, {"id": "546488900", "price": 0.3965, "amount": 10959.0, "side": "buy", "timestamp": 1765755802893}, {"id": "546488901", "price": 0.3964, "amount": 108.0, "side": "sell", "timestamp": 1765755805160}, {"id": "546488902", "price": 0.3965, "amount": 14.0, "side": "buy", "timestamp": 1765755805446}, {"id": "546488903", "price": 0.3964, "amount": 15678.0, "side": "sell", "timestamp": 1765755806169}, {"id": "546488904", "price": 0.3963, "amount": 305.0, "side": "sell", "timestamp": 1765755808068}, {"id": "546488905", "price": 0.3964, "amount": 50.0, "side": "buy", "timestamp": 1765755813939}, {"id": "546488906", "price": 0.3963, "amount": 98.0, "side": "sell", "timestamp": 1765755814780}, {"id": "546488907", "price": 0.3963, "amount": 44.0, "side": "sell", "timestamp": 1765755817201}, {"id": "546488908", "price": 0.3964, "amount": 1217.0, "side": "buy", "timestamp": 1765755817592}, {"id": "546488909", "price": 0.3965, "amount": 345.0, "side": "buy", "timestamp": 1765755818243}, {"id": "546488910", "price": 0.3965, "amount": 703.0, "side": "buy", "timestamp": 1765755818501}, {"id": "546488911", "price": 0.3965, "amount": 13.0, "side": "buy", "timestamp": 1765755819082}, {"id": "546488912", "price": 0.3965, "amount": 1475.0, "side": "buy", "timestamp": 1765755819299}, {"id": "546488913", "price": 0.3964, "amount": 19.0, "side": "sell", "timestamp": 1765755819873}, {"id": "546488914", "price": 0.3964, "amount": 240.0, "side": "sell", "timestamp": 1765755820213}, {"id": "546488915", "price": 0.3965, "amount": 11452.0, "side": "buy", "timestamp": 1765755822893}, {"id": "546488916", "price": 0.3964, "amount": 149.0, "side": "sell", "timestamp": 1765755826579}, {"id": "546488917", "price": 0.3964, "amount": 9108.0, "side": "sell", "timestamp": 1765755826926}, {"id": "546488918", "price": 0.3964, "amount": 30.0, "side": "buy", "timestamp": 1765755827699}, {"id": "546488919", "price": 0.3963, "amount": 1387.0, "side": "sell", "timestamp": 1765755829316}, {"id": "546488920", "price": 0.3963, "amount": 49.0, "side": "sell", "timestamp": 1765755829869}, {"id": "546488921", "price": 0.3963, "amount": 34.0, "side": "sell", "timestamp": 1765755829995}, {"id": "546488922", "price": 0.3964, "amount": 39534.0, "side": "buy", "timestamp": 1765755830066}, {"id": "546488923", "price": 0.3963, "amount": 16.0, "side": "sell", "timestamp": 1765755830099}, {"id": "546488924", "price": 0.3964, "amount": 630.0, "side": "buy", "timestamp": 1765755830857}, {"id": "546488925", "price": 0.3963, "amount": 20.0, "side": "sell", "timestamp": 1765755831188}, {"id": "546488926", "price": 0.3964, "amount": 600.0, "side": "buy", "timestamp": 1765755831414}, {"id": "546488927", "price": 0.3964, "amount": 11692.0, "side": "buy", "timestamp": 1765755832893}, {"id": "546488928", "price": 0.3963, "amount": 58.0, "side": "sell", "timestamp": 1765755834204}, {"id": "546488929", "price": 0.3963, "amount": 44826.0, "side": "sell", "timestamp": 1765755836057}, {"id": "546488930", "price": 0.3963, "amount": 1015.0, "side": "buy", "timestamp": 1765755836101}, {"id": "546488958", "price": 0.3963, "amount": 150.0, "side": "sell", "timestamp": 1765755852221}, {"id": "546488959", "price": 0.3964, "amount": 37.0, "side": "buy", "timestamp": 1765755854830}, {"id": "546488960", "price": 0.3963, "amount": 26.0, "side": "sell", "timestamp": 1765755856215}, {"id": "546488961", "price": 0.3963, "amount": 15.0, "side": "sell", "timestamp": 1765755856418}, {"id": "546488962", "price": 0.3964, "amount": 102.0, "side": "buy", "timestamp": 1765755857249}, {"id": "546488963", "price": 0.3963, "amount": 13.0, "side": "sell", "timestamp": 1765755858409}, {"id": "546488964", "price": 0.3964, "amount": 43.0, "side": "buy", "timestamp": 1765755859709}, {"id": "546488965", "price": 0.3963, "amount": 170.0, "side": "sell", "timestamp": 1765755859759}, {"id": "546488966", "price": 0.3963, "amount": 92.0, "side": "sell", "timestamp": 1765755860116}, {"id": "546488967", "price": 0.3964, "amount": 55.0, "side": "buy", "timestamp": 1765755860147}, {"id": "546488968", "price": 0.3963, "amount": 76.0, "side": "sell", "timestamp": 1765755860549}, {"id": "546488969", "price": 0.3964, "amount": 22.0, "side": "buy", "timestamp": 1765755861558}, {"id": "546488970", "price": 0.3964, "amount": 37.0, "side": "buy", "timestamp": 1765755861697}, {"id": "546488971", "price": 0.3963, "amount": 13.0, "side": "sell", "timestamp": 1765755861702}, {"id": "546488972", "price": 0.3964, "amount": 498.0, "side": "buy", "timestamp": 1765755862893}, {"id": "546488973", "price": 0.3963, "amount": 87.0, "side": "sell", "timestamp": 1765755863313}, {"id": "546488974", "price": 0.3964, "amount": 27.0, "side": "buy", "timestamp": 1765755863690}, {"id": "546488975", "price": 0.3964, "amount": 20.0, "side": "buy", "timestamp": 1765755864709}, {"id": "546488976", "price": 0.3964, "amount": 5952.0, "side": "buy", "timestamp": 1765755864955}, {"id": "546488977", "price": 0.3963, "amount": 140.0, "side": "sell", "timestamp": 1765755865637}, {"id": "546488978", "price": 0.3964, "amount": 69.0, "side": "buy", "timestamp": 1765755865716}, {"id": "546488979", "price": 0.3964, "amount": 212.0, "side": "buy", "timestamp": 1765755866480}, {"id": "546488980", "price": 0.3964, "amount": 17.0, "side": "buy", "timestamp": 1765755866719}, {"id": "546488981", "price": 0.3963, "amount": 17.0, "side": "sell", "timestamp": 1765755867960}, {"id": "546488982", "price": 0.3963, "amount": 483.0, "side": "sell", "timestamp": 1765755868970}, {"id": "546488983", "price": 0.3964, "amount": 88.0, "side": "buy", "timestamp": 1765755869554}, {"id": "546488984", "price": 0.3964, "amount": 25.0, "side": "buy", "timestamp": 1765755870052}, {"id": "546488985", "price": 0.3963, "amount": 4541.0, "side": "sell", "timestamp": 1765755870985}, {"id": "546488986", "price": 0.3963, "amount": 2423.0, "side": "sell", "timestamp": 1765755872537}, {"id": "546488987", "price": 0.3963, "amount": 2523.0, "side": "buy", "timestamp": 1765755873099}, {"id": "546488988", "price": 0.3962, "amount": 12532.0, "side": "sell", "timestamp": 1765755873757}, {"id": "546488989", "price": 0.3961, "amount": 152.0, "side": "sell", "timestamp": 1765755873801}, {"id": "546488990", "price": 0.3962, "amount": 93.0, "side": "buy", "timestamp": 1765755874329}, {"id": "546488991", "price": 0.3961, "amount": 172.0, "side": "sell", "timestamp": 1765755875526}, {"id": "546488992", "price": 0.3961, "amount": 9123.0, "side": "sell", "timestamp": 1765755875898}, {"id": "546488993", "price": 0.396, "amount": 185.0, "side": "sell", "timestamp": 1765755878134}, {"id": "546488994", "price": 0.3961, "amount": 339.0, "side": "buy", "timestamp": 1765755879399}, {"id": "546488995", "price": 0.3961, "amount": 15044.0, "side": "buy", "timestamp": 1765755880893}, {"id": "546488996", "price": 0.396, "amount": 687.0, "side": "sell", "timestamp": 1765755882221}, {"id": "546488997", "price": 0.396, "amount": 1145.0, "side": "sell", "timestamp": 1765755882358}, {"id": "546488998", "price": 0.396, "amount": 17.0, "side": "sell", "timestamp": 1765755885038}, {"id": "546488999", "price": 0.3961, "amount": 179.0, "side": "buy", "timestamp": 1765755885718}, {"id": "546489000", "price": 0.396, "amount": 148.0, "side": "sell", "timestamp": 1765755885851}, {"id": "546489001", "price": 0.396, "amount": 85.0, "side": "sell", "timestamp": 1765755887341}, {"id": "546489002", "price": 0.396, "amount": 25.0, "side": "sell", "timestamp": 1765755887568}, {"id": "546489003", "price": 0.396, "amount": 16.0, "side": "sell", "timestamp": 1765755887766}, {"id": "546489004", "price": 0.3961, "amount": 16.0, "side": "buy", "timestamp": 1765755889852}, {"id": "546489005", "price": 0.3961, "amount": 22.0, "side": "buy", "timestamp": 1765755890063}, {"id": "546489006", "price": 0.396, "amount": 26.0, "side": "sell", "timestamp": 1765755890209}, {"id": "546489007", "price": 0.396, "amount": 859.0, "side": "sell", "timestamp": 1765755890473}, {"id": "546489016", "price": 0.3961, "amount": 649.0, "side": "buy", "timestamp": 1765755899779}, {"id": "546489017", "price": 0.3961, "amount": 267.0, "side": "buy", "timestamp": 1765755900212}, {"id": "546489018", "price": 0.396, "amount": 15044.0, "side": "sell", "timestamp": 1765755900926}, {"id": "546489019", "price": 0.3961, "amount": 26.0, "side": "buy", "timestamp": 1765755901379}, {"id": "546489020", "price": 0.3962, "amount": 10344.0, "side": "buy", "timestamp": 1765755903633}, {"id": "546489021", "price": 0.3962, "amount": 1661.0, "side": "buy", "timestamp": 1765755903777}, {"id": "546489022", "price": 0.3963, "amount": 255.0, "side": "buy", "timestamp": 1765755904236}, {"id": "546489023", "price": 0.3964, "amount": 16.0, "side": "buy", "timestamp": 1765755904798}, {"id": "546489024", "price": 0.3964, "amount": 69.0, "side": "buy", "timestamp": 1765755905080}, {"id": "546489025", "price": 0.3963, "amount": 138.0, "side": "sell", "timestamp": 1765755905417}, {"id": "546489026", "price": 0.3964, "amount": 56.0, "side": "buy", "timestamp": 1765755905810}, {"id": "546489027", "price": 0.3964, "amount": 44.0, "side": "buy", "timestamp": 1765755905983}, {"id": "546489028", "price": 0.3964, "amount": 346.0, "side": "buy", "timestamp": 1765755906120}, {"id": "546489029", "price": 0.3964, "amount": 83.0, "side": "buy", "timestamp": 1765755906634}, {"id": "546489030", "price": 0.3963, "amount": 353.0, "side": "sell", "timestamp": 1765755906966}, {"id": "546489031", "price": 0.3964, "amount": 8.0, "side": "buy", "timestamp": 1765755907288}, {"id": "546489032", "price": 0.3964, "amount": 82.0, "side": "buy", "timestamp": 1765755909028}, {"id": "546489033", "price": 0.3963, "amount": 652.0, "side": "sell", "timestamp": 1765755909694}, {"id": "546489034", "price": 0.3963, "amount": 3570.0, "side": "sell", "timestamp": 1765755913131}, {"id": "546489035", "price": 0.3964, "amount": 9.0, "side": "buy", "timestamp": 1765755914486}, {"id": "546489036", "price": 0.3964, "amount": 500.0, "side": "buy", "timestamp": 1765755914919}, {"id": "546489037", "price": 0.3964, "amount": 394.0, "side": "buy", "timestamp": 1765755915319}, {"id": "546489038", "price": 0.3964, "amount": 83.0, "side": "buy", "timestamp": 1765755915698}, {"id": "546489039", "price": 0.3964, "amount": 8748.0, "side": "buy", "timestamp": 1765755916919}, {"id": "546489040", "price": 0.3963, "amount": 126.0, "side": "sell", "timestamp": 1765755920330}, {"id": "546489041", "price": 0.3963, "amount": 76.0, "side": "sell", "timestamp": 1765755920772}, {"id": "546489042", "price": 0.3964, "amount": 52.0, "side": "buy", "timestamp": 1765755920986}, {"id": "546489043", "price": 0.3964, "amount": 25.0, "side": "buy", "timestamp": 1765755921576}, {"id": "546489044", "price": 0.3964, "amount": 60.0, "side": "buy", "timestamp": 1765755923009}, {"id": "546489045", "price": 0.3963, "amount": 10177.0, "side": "sell", "timestamp": 1765755923438}, {"id": "546489046", "price": 0.3963, "amount": 18.0, "side": "buy", "timestamp": 1765755923461}, {"id": "546489047", "price": 0.3962, "amount": 851.0, "side": "sell", "timestamp": 1765755923952}, {"id": "546489048", "price": 0.3961, "amount": 15.0, "side": "sell", "timestamp": 1765755924668}, {"id": "546489049", "price": 0.3961, "amount": 7993.0, "side": "sell", "timestamp": 1765755924839}, {"id": "546489050", "price": 0.3961, "amount": 596.0, "side": "buy", "timestamp": 1765755925124}, {"id": "546489051", "price": 0.3961, "amount": 58.0, "side": "buy", "timestamp": 1765755925336}, {"id": "546489052", "price": 0.3961, "amount": 678.0, "side": "buy", "timestamp": 1765755925874}, {"id": "546489053", "price": 0.3961, "amount": 2617.0, "side": "buy", "timestamp": 1765755927496}, {"id": "546489054", "price": 0.3961, "amount": 45175.0, "side": "buy", "timestamp": 1765755927657}, {"id": "546489055", "price": 0.3962, "amount": 345.0, "side": "buy", "timestamp": 1765755927790}, {"id": "546489056", "price": 0.3962, "amount": 703.0, "side": "buy", "timestamp": 1765755928028}, {"id": "546489057", "price": 0.3962, "amount": 1474.0, "side": "buy", "timestamp": 1765755928807}, {"id": "546489058", "price": 0.3962, "amount": 7.0, "side": "buy", "timestamp": 1765755931814}, {"id": "546489059", "price": 0.3962, "amount": 16.0, "side": "buy", "timestamp": 1765755933288}, {"id": "546489060", "price": 0.3962, "amount": 8.0, "side": "buy", "timestamp": 1765755938882}, {"id": "546489061", "price": 0.3961, "amount": 149.0, "side": "sell", "timestamp": 1765755939458}, {"id": "546489062", "price": 0.3961, "amount": 26.0, "side": "sell", "timestamp": 1765755943288}, {"id": "546489063", "price": 0.3961, "amount": 9261.0, "side": "sell", "timestamp": 1765755944174}, {"id": "546489064", "price": 0.396, "amount": 1210.0, "side": "sell", "timestamp": 1765755944901}, {"id": "546489065", "price": 0.3961, "amount": 888.0, "side": "buy", "timestamp": 1765755945615}, {"id": "546489124", "price": 0.3957, "amount": 15.0, "side": "buy", "timestamp": 1765755973508}, {"id": "546489125", "price": 0.3957, "amount": 129.0, "side": "buy", "timestamp": 1765755975216}, {"id": "546489126", "price": 0.3957, "amount": 192.0, "side": "sell", "timestamp": 1765755975516}, {"id": "546489127", "price": 0.3958, "amount": 29.0, "side": "buy", "timestamp": 1765755975564}, {"id": "546489128", "price": 0.3957, "amount": 29.0, "side": "sell", "timestamp": 1765755975964}, {"id": "546489129", "price": 0.3958, "amount": 4708.0, "side": "buy", "timestamp": 1765755976410}, {"id": "546489130", "price": 0.3959, "amount": 41599.0, "side": "buy", "timestamp": 1765755976451}, {"id": "546489131", "price": 0.3959, "amount": 20434.0, "side": "sell", "timestamp": 1765755976653}, {"id": "546489132", "price": 0.396, "amount": 101.0, "side": "buy", "timestamp": 1765755976822}, {"id": "546489133", "price": 0.3959, "amount": 11865.0, "side": "sell", "timestamp": 1765755976833}, {"id": "546489134", "price": 0.396, "amount": 99.0, "side": "buy", "timestamp": 1765755976855}, {"id": "546489135", "price": 0.3959, "amount": 374.0, "side": "buy", "timestamp": 1765755976922}, {"id": "546489136", "price": 0.3958, "amount": 138.0, "side": "sell", "timestamp": 1765755977172}, {"id": "546489137", "price": 0.3959, "amount": 13.0, "side": "buy", "timestamp": 1765755978042}, {"id": "546489138", "price": 0.3959, "amount": 31.0, "side": "buy", "timestamp": 1765755980741}, {"id": "546489139", "price": 0.3959, "amount": 45.0, "side": "buy", "timestamp": 1765755980897}, {"id": "546489140", "price": 0.3958, "amount": 75.0, "side": "sell", "timestamp": 1765755981075}, {"id": "546489141", "price": 0.3958, "amount": 14.0, "side": "sell", "timestamp": 1765755981846}, {"id": "546489142", "price": 0.3959, "amount": 89.0, "side": "buy", "timestamp": 1765755981952}, {"id": "546489143", "price": 0.3959, "amount": 21.0, "side": "buy", "timestamp": 1765755982308}, {"id": "546489144", "price": 0.3958, "amount": 19.0, "side": "sell", "timestamp": 1765755982649}, {"id": "546489145", "price": 0.3959, "amount": 8.0, "side": "buy", "timestamp": 1765755982675}, {"id": "546489146", "price": 0.3958, "amount": 17.0, "side": "sell", "timestamp": 1765755982795}, {"id": "546489147", "price": 0.3959, "amount": 1.0, "side": "buy", "timestamp": 1765755983058}, {"id": "546489148", "price": 0.3959, "amount": 11365.0, "side": "buy", "timestamp": 1765755983167}, {"id": "546489149", "price": 0.3959, "amount": 133.0, "side": "buy", "timestamp": 1765755986286}, {"id": "546489150", "price": 0.3959, "amount": 41.0, "side": "buy", "timestamp": 1765755987086}, {"id": "546489151", "price": 0.3959, "amount": 835.0, "side": "buy", "timestamp": 1765755987417}, {"id": "546489152", "price": 0.3959, "amount": 345.0, "side": "buy", "timestamp": 1765755988429}, {"id": "546489153", "price": 0.3959, "amount": 704.0, "side": "buy", "timestamp": 1765755988675}, {"id": "546489154", "price": 0.3958, "amount": 15.0, "side": "sell", "timestamp": 1765755988963}, {"id": "546489155", "price": 0.3959, "amount": 1476.0, "side": "buy", "timestamp": 1765755989467}, {"id": "546489156", "price": 0.3958, "amount": 16.0, "side": "sell", "timestamp": 1765755989536}, {"id": "546489157", "price": 0.3958, "amount": 15.0, "side": "sell", "timestamp": 1765755990675}, {"id": "546489158", "price": 0.3959, "amount": 6040.0, "side": "buy", "timestamp": 1765755990720}, {"id": "546489159", "price": 0.3958, "amount": 15.0, "side": "sell", "timestamp": 1765755990947}, {"id": "546489160", "price": 0.3959, "amount": 131.0, "side": "buy", "timestamp": 1765755992581}, {"id": "546489161", "price": 0.396, "amount": 99.0, "side": "buy", "timestamp": 1765755992874}, {"id": "546489162", "price": 0.3959, "amount": 5635.0, "side": "sell", "timestamp": 1765755993011}, {"id": "546489163", "price": 0.396, "amount": 6.0, "side": "buy", "timestamp": 1765755993559}, {"id": "546489164", "price": 0.396, "amount": 7622.0, "side": "buy", "timestamp": 1765755994940}, {"id": "546489165", "price": 0.396, "amount": 252.0, "side": "sell", "timestamp": 1765755995018}, {"id": "546489166", "price": 0.396, "amount": 309.0, "side": "sell", "timestamp": 1765755995421}, {"id": "546489167", "price": 0.3959, "amount": 9819.0, "side": "sell", "timestamp": 1765755997878}, {"id": "546489168", "price": 0.3958, "amount": 138.0, "side": "sell", "timestamp": 1765755997929}, {"id": "546489169", "price": 0.3958, "amount": 99.0, "side": "sell", "timestamp": 1765755998216}, {"id": "546489170", "price": 0.3958, "amount": 15.0, "side": "sell", "timestamp": 1765755998962}, {"id": "546489171", "price": 0.3959, "amount": 290.0, "side": "buy", "timestamp": 1765755999056}, {"id": "546489172", "price": 0.3959, "amount": 15.0, "side": "buy", "timestamp": 1765755999306}, {"id": "546489173", "price": 0.3958, "amount": 16.0, "side": "sell", "timestamp": 1765755999572}, {"id": "546489225", "price": 0.396, "amount": 2525.0, "side": "buy", "timestamp": 1765756030318}, {"id": "546489226", "price": 0.3959, "amount": 15.0, "side": "sell", "timestamp": 1765756030688}, {"id": "546489227", "price": 0.3959, "amount": 15.0, "side": "sell", "timestamp": 1765756030966}, {"id": "546489228", "price": 0.396, "amount": 8744.0, "side": "buy", "timestamp": 1765756031338}, {"id": "546489229", "price": 0.3959, "amount": 283.0, "side": "sell", "timestamp": 1765756031358}, {"id": "546489230", "price": 0.3958, "amount": 99.0, "side": "sell", "timestamp": 1765756031718}, {"id": "546489231", "price": 0.3959, "amount": 82.0, "side": "buy", "timestamp": 1765756032710}, {"id": "546489232", "price": 0.3959, "amount": 10075.0, "side": "buy", "timestamp": 1765756032822}, {"id": "546489233", "price": 0.396, "amount": 2979.0, "side": "buy", "timestamp": 1765756032825}, {"id": "546489234", "price": 0.396, "amount": 99.0, "side": "buy", "timestamp": 1765756033156}, {"id": "546489235", "price": 0.3959, "amount": 68.0, "side": "sell", "timestamp": 1765756033360}, {"id": "546489236", "price": 0.3958, "amount": 99.0, "side": "sell", "timestamp": 1765756033706}, {"id": "546489237", "price": 0.3959, "amount": 7.0, "side": "buy", "timestamp": 1765756034421}, {"id": "546489238", "price": 0.3958, "amount": 224.0, "side": "sell", "timestamp": 1765756034783}, {"id": "546489239", "price": 0.3959, "amount": 69.0, "side": "buy", "timestamp": 1765756035280}, {"id": "546489240", "price": 0.3959, "amount": 117.0, "side": "buy", "timestamp": 1765756035803}, {"id": "546489241", "price": 0.3958, "amount": 199.0, "side": "sell", "timestamp": 1765756036174}, {"id": "546489242", "price": 0.3958, "amount": 6957.0, "side": "sell", "timestamp": 1765756036499}, {"id": "546489243", "price": 0.3957, "amount": 138.0, "side": "sell", "timestamp": 1765756037479}, {"id": "546489244", "price": 0.3958, "amount": 231.0, "side": "buy", "timestamp": 1765756038166}, {"id": "546489245", "price": 0.3959, "amount": 23004.0, "side": "buy", "timestamp": 1765756038166}, {"id": "546489246", "price": 0.396, "amount": 99.0, "side": "buy", "timestamp": 1765756038442}, {"id": "546489247", "price": 0.396, "amount": 292.0, "side": "buy", "timestamp": 1765756039417}, {"id": "546489248", "price": 0.3959, "amount": 32.0, "side": "sell", "timestamp": 1765756039586}, {"id": "546489249", "price": 0.396, "amount": 3446.0, "side": "buy", "timestamp": 1765756039591}, {"id": "546489250", "price": 0.3959, "amount": 15.0, "side": "sell", "timestamp": 1765756039593}, {"id": "546489251", "price": 0.396, "amount": 1609.0, "side": "buy", "timestamp": 1765756039599}, {"id": "546489252", "price": 0.396, "amount": 42.0, "side": "sell", "timestamp": 1765756040021}, {"id": "546489253", "price": 0.396, "amount": 15.0, "side": "sell", "timestamp": 1765756040677}, {"id": "546489254", "price": 0.396, "amount": 15.0, "side": "sell", "timestamp": 1765756040942}, {"id": "546489255", "price": 0.396, "amount": 497.0, "side": "sell", "timestamp": 1765756041336}, {"id": "546489256", "price": 0.3961, "amount": 8.0, "side": "buy", "timestamp": 1765756041782}, {"id": "546489257", "price": 0.3961, "amount": 6617.0, "side": "buy", "timestamp": 1765756042981}, {"id": "546489258", "price": 0.3962, "amount": 4748.0, "side": "buy", "timestamp": 1765756042981}, {"id": "546489259", "price": 0.3961, "amount": 28.0, "side": "sell", "timestamp": 1765756043692}, {"id": "546489260", "price": 0.3962, "amount": 8.0, "side": "buy", "timestamp": 1765756043842}, {"id": "546489261", "price": 0.3962, "amount": 300.0, "side": "buy", "timestamp": 1765756044786}, {"id": "546489262", "price": 0.3961, "amount": 162.0, "side": "sell", "timestamp": 1765756046311}, {"id": "546489263", "price": 0.3962, "amount": 112.0, "side": "buy", "timestamp": 1765756046859}, {"id": "546489264", "price": 0.3962, "amount": 10.0, "side": "buy", "timestamp": 1765756047035}, {"id": "546489265", "price": 0.3962, "amount": 345.0, "side": "buy", "timestamp": 1765756047752}, {"id": "546489266", "price": 0.3962, "amount": 703.0, "side": "buy", "timestamp": 1765756048014}, {"id": "546489267", "price": 0.3962, "amount": 1475.0, "side": "buy", "timestamp": 1765756048789}, {"id": "546489268", "price": 0.3962, "amount": 31360.0, "side": "buy", "timestamp": 1765756050086}, {"id": "546489269", "price": 0.3963, "amount": 6039.0, "side": "buy", "timestamp": 1765756050352}, {"id": "546489270", "price": 0.3963, "amount": 15.0, "side": "buy", "timestamp": 1765756050830}, {"id": "546489271", "price": 0.3962, "amount": 15.0, "side": "sell", "timestamp": 1765756050942}, {"id": "546489272", "price": 0.3962, "amount": 9074.0, "side": "sell", "timestamp": 1765756053393}, {"id": "546489273", "price": 0.3962, "amount": 51.0, "side": "buy", "timestamp": 1765756053417}, {"id": "546489274", "price": 0.3962, "amount": 2857.0, "side": "buy", "timestamp": 1765756054559}, {"id": "546489303", "price": 0.396, "amount": 15.0, "side": "buy", "timestamp": 1765756076343}, {"id": "546489304", "price": 0.396, "amount": 38.0, "side": "buy", "timestamp": 1765756076664}, {"id": "546489305", "price": 0.3959, "amount": 42.0, "side": "sell", "timestamp": 1765756078183}, {"id": "546489306", "price": 0.396, "amount": 1.0, "side": "buy", "timestamp": 1765756079373}, {"id": "546489307", "price": 0.396, "amount": 286.0, "side": "buy", "timestamp": 1765756079521}, {"id": "546489308", "price": 0.396, "amount": 24.0, "side": "buy", "timestamp": 1765756079690}, {"id": "546489309", "price": 0.396, "amount": 164.0, "side": "buy", "timestamp": 1765756080067}, {"id": "546489310", "price": 0.396, "amount": 1754.0, "side": "buy", "timestamp": 1765756080754}, {"id": "546489311", "price": 0.396, "amount": 26.0, "side": "sell", "timestamp": 1765756081104}, {"id": "546489312", "price": 0.396, "amount": 53.0, "side": "sell", "timestamp": 1765756081430}, {"id": "546489313", "price": 0.3961, "amount": 1.0, "side": "buy", "timestamp": 1765756082494}, {"id": "546489314", "price": 0.3961, "amount": 189.0, "side": "buy", "timestamp": 1765756084858}, {"id": "546489315", "price": 0.3961, "amount": 51.0, "side": "buy", "timestamp": 1765756085026}, {"id": "546489316", "price": 0.396, "amount": 6979.0, "side": "sell", "timestamp": 1765756085073}, {"id": "546489317", "price": 0.3961, "amount": 21.0, "side": "buy", "timestamp": 1765756085080}, {"id": "546489318", "price": 0.3961, "amount": 15.0, "side": "buy", "timestamp": 1765756085280}, {"id": "546489319", "price": 0.3961, "amount": 8.0, "side": "buy", "timestamp": 1765756085640}, {"id": "546489320", "price": 0.396, "amount": 17.0, "side": "sell", "timestamp": 1765756085691}, {"id": "546489321", "price": 0.3961, "amount": 81.0, "side": "buy", "timestamp": 1765756087831}, {"id": "546489322", "price": 0.3961, "amount": 80.0, "side": "buy", "timestamp": 1765756088591}, {"id": "546489323", "price": 0.3961, "amount": 133.0, "side": "buy", "timestamp": 1765756089715}, {"id": "546489324", "price": 0.3961, "amount": 31.0, "side": "buy", "timestamp": 1765756089892}, {"id": "546489325", "price": 0.3961, "amount": 32.0, "side": "buy", "timestamp": 1765756090447}, {"id": "546489326", "price": 0.3961, "amount": 10009.0, "side": "buy", "timestamp": 1765756090549}, {"id": "546489327", "price": 0.3961, "amount": 252.0, "side": "buy", "timestamp": 1765756090774}, {"id": "546489328", "price": 0.3961, "amount": 18.0, "side": "buy", "timestamp": 1765756091695}, {"id": "546489329", "price": 0.396, "amount": 127.0, "side": "sell", "timestamp": 1765756091767}, {"id": "546489330", "price": 0.3961, "amount": 2.0, "side": "buy", "timestamp": 1765756091861}, {"id": "546489331", "price": 0.3961, "amount": 13030.0, "side": "buy", "timestamp": 1765756092750}, {"id": "546489332", "price": 0.3961, "amount": 34.0, "side": "sell", "timestamp": 1765756092952}, {"id": "546489333", "price": 0.3962, "amount": 2.0, "side": "buy", "timestamp": 1765756094245}, {"id": "546489334", "price": 0.3961, "amount": 14.0, "side": "sell", "timestamp": 1765756094293}, {"id": "546489335", "price": 0.3961, "amount": 6027.0, "side": "sell", "timestamp": 1765756094563}, {"id": "546489336", "price": 0.3961, "amount": 24.0, "side": "buy", "timestamp": 1765756094866}, {"id": "546489337", "price": 0.3961, "amount": 311.0, "side": "buy", "timestamp": 1765756096355}, {"id": "546489338", "price": 0.3961, "amount": 1174.0, "side": "buy", "timestamp": 1765756097233}, {"id": "546489339", "price": 0.3962, "amount": 4308.0, "side": "buy", "timestamp": 1765756100094}, {"id": "546489340", "price": 0.3962, "amount": 76.0, "side": "sell", "timestamp": 1765756101674}, {"id": "546489341", "price": 0.3963, "amount": 15.0, "side": "buy", "timestamp": 1765756101927}, {"id": "546489342", "price": 0.3963, "amount": 504.0, "side": "buy", "timestamp": 1765756102769}, {"id": "546489343", "price": 0.3963, "amount": 11727.0, "side": "buy", "timestamp": 1765756102983}, {"id": "546489344", "price": 0.3964, "amount": 54.0, "side": "buy", "timestamp": 1765756103099}, {"id": "546489345", "price": 0.3964, "amount": 4795.0, "side": "buy", "timestamp": 1765756104709}, {"id": "546489346", "price": 0.3964, "amount": 23.0, "side": "buy", "timestamp": 1765756104856}, {"id": "546489347", "price": 0.3964, "amount": 122.0, "side": "buy", "timestamp": 1765756105294}, {"id": "546489348", "price": 0.3963, "amount": 13.0, "side": "sell", "timestamp": 1765756105499}, {"id": "546489349", "price": 0.3963, "amount": 4788.0, "side": "sell", "timestamp": 1765756106117}, {"id": "546489350", "price": 0.3962, "amount": 1098.0, "side": "sell", "timestamp": 1765756106152}, {"id": "546489351", "price": 0.3963, "amount": 11776.0, "side": "buy", "timestamp": 1765756107555}, {"id": "546489352", "price": 0.3963, "amount": 1.0, "side": "buy", "timestamp": 1765756110391}, {"id": "546489391", "price": 0.3963, "amount": 703.0, "side": "buy", "timestamp": 1765756140297}, {"id": "546489392", "price": 0.3963, "amount": 1475.0, "side": "buy", "timestamp": 1765756141095}, {"id": "546489393", "price": 0.3962, "amount": 26.0, "side": "sell", "timestamp": 1765756141098}, {"id": "546489394", "price": 0.3963, "amount": 18.0, "side": "buy", "timestamp": 1765756141921}, {"id": "546489395", "price": 0.3963, "amount": 447.0, "side": "buy", "timestamp": 1765756142523}, {"id": "546489396", "price": 0.3963, "amount": 8.0, "side": "buy", "timestamp": 1765756144080}, {"id": "546489397", "price": 0.3963, "amount": 41.0, "side": "buy", "timestamp": 1765756144692}, {"id": "546489398", "price": 0.3963, "amount": 19.0, "side": "buy", "timestamp": 1765756144817}, {"id": "546489399", "price": 0.3963, "amount": 129.0, "side": "buy", "timestamp": 1765756145039}, {"id": "546489400", "price": 0.3963, "amount": 15.0, "side": "buy", "timestamp": 1765756145288}, {"id": "546489401", "price": 0.3962, "amount": 251.0, "side": "sell", "timestamp": 1765756145371}, {"id": "546489402", "price": 0.3963, "amount": 75.0, "side": "buy", "timestamp": 1765756145668}, {"id": "546489403", "price": 0.3963, "amount": 29.0, "side": "buy", "timestamp": 1765756145896}, {"id": "546489404", "price": 0.3963, "amount": 9482.0, "side": "buy", "timestamp": 1765756145998}, {"id": "546489405", "price": 0.3963, "amount": 2561.0, "side": "sell", "timestamp": 1765756146253}, {"id": "546489406", "price": 0.3962, "amount": 8232.0, "side": "sell", "timestamp": 1765756147166}, {"id": "546489407", "price": 0.3961, "amount": 750.0, "side": "sell", "timestamp": 1765756147213}, {"id": "546489408", "price": 0.3962, "amount": 13.0, "side": "buy", "timestamp": 1765756147701}, {"id": "546489409", "price": 0.3962, "amount": 78.0, "side": "buy", "timestamp": 1765756148378}, {"id": "546489410", "price": 0.3961, "amount": 30.0, "side": "sell", "timestamp": 1765756151692}, {"id": "546489411", "price": 0.3962, "amount": 5000.0, "side": "buy", "timestamp": 1765756151705}, {"id": "546489412", "price": 0.3962, "amount": 2547.0, "side": "buy", "timestamp": 1765756152457}, {"id": "546489413", "price": 0.3963, "amount": 569.0, "side": "buy", "timestamp": 1765756152608}, {"id": "546489414", "price": 0.3963, "amount": 12961.0, "side": "buy", "timestamp": 1765756152782}, {"id": "546489415", "price": 0.3963, "amount": 6970.0, "side": "buy", "timestamp": 1765756153047}, {"id": "546489416", "price": 0.3964, "amount": 25.0, "side": "buy", "timestamp": 1765756155656}, {"id": "546489417", "price": 0.3963, "amount": 9.0, "side": "sell", "timestamp": 1765756157010}, {"id": "546489418", "price": 0.3963, "amount": 135.0, "side": "sell", "timestamp": 1765756157519}, {"id": "546489419", "price": 0.3964, "amount": 2.0, "side": "buy", "timestamp": 1765756158142}, {"id": "546489420", "price": 0.3963, "amount": 10.0, "side": "sell", "timestamp": 1765756158184}, {"id": "546489421", "price": 0.3963, "amount": 13.0, "side": "sell", "timestamp": 1765756159138}, {"id": "546489422", "price": 0.3964, "amount": 8.0, "side": "buy", "timestamp": 1765756159811}, {"id": "546489423", "price": 0.3963, "amount": 52.0, "side": "sell", "timestamp": 1765756160190}, {"id": "546489424", "price": 0.3964, "amount": 356.0, "side": "buy", "timestamp": 1765756160340}, {"id": "546489425", "price": 0.3963, "amount": 14.0, "side": "sell", "timestamp": 1765756161406}, {"id": "546489426", "price": 0.3963, "amount": 3613.0, "side": "sell", "timestamp": 1765756161741}, {"id": "546489427", "price": 0.3963, "amount": 2193.0, "side": "sell", "timestamp": 1765756161967}, {"id": "546489428", "price": 0.3962, "amount": 20.0, "side": "sell", "timestamp": 1765756162144}, {"id": "546489429", "price": 0.3963, "amount": 9.0, "side": "buy", "timestamp": 1765756162185}, {"id": "546489430", "price": 0.3962, "amount": 12.0, "side": "sell", "timestamp": 1765756162500}, {"id": "546489431", "price": 0.3963, "amount": 11365.0, "side": "buy", "timestamp": 1765756162974}, {"id": "546489432", "price": 0.3962, "amount": 1070.0, "side": "sell", "timestamp": 1765756162978}, {"id": "546489433", "price": 0.3961, "amount": 5210.0, "side": "sell", "timestamp": 1765756164635}, {"id": "546489434", "price": 0.3961, "amount": 684.0, "side": "buy", "timestamp": 1765756164662}, {"id": "546489435", "price": 0.396, "amount": 257.0, "side": "sell", "timestamp": 1765756164733}, {"id": "546489436", "price": 0.3961, "amount": 702.0, "side": "buy", "timestamp": 1765756165075}, {"id": "546489437", "price": 0.396, "amount": 28.0, "side": "sell", "timestamp": 1765756165102}, {"id": "546489438", "price": 0.3961, "amount": 88.0, "side": "buy", "timestamp": 1765756165213}, {"id": "546489439", "price": 0.3962, "amount": 9.0, "side": "buy", "timestamp": 1765756165299}, {"id": "546489440", "price": 0.3961, "amount": 194.0, "side": "sell", "timestamp": 1765756165321}, {"id": "546489469", "price": 0.3964, "amount": 1000.0, "side": "sell", "timestamp": 1765756191038}, {"id": "546489470", "price": 0.3965, "amount": 6294.0, "side": "buy", "timestamp": 1765756191851}, {"id": "546489471", "price": 0.3964, "amount": 2660.0, "side": "sell", "timestamp": 1765756193501}, {"id": "546489472", "price": 0.3964, "amount": 58.0, "side": "buy", "timestamp": 1765756194092}, {"id": "546489473", "price": 0.3964, "amount": 31.0, "side": "buy", "timestamp": 1765756194779}, {"id": "546489474", "price": 0.3964, "amount": 59.0, "side": "buy", "timestamp": 1765756195524}, {"id": "546489475", "price": 0.3963, "amount": 2249.0, "side": "sell", "timestamp": 1765756196032}, {"id": "546489476", "price": 0.3962, "amount": 2410.0, "side": "sell", "timestamp": 1765756196032}, {"id": "546489477", "price": 0.3963, "amount": 1155.0, "side": "buy", "timestamp": 1765756196593}, {"id": "546489478", "price": 0.3963, "amount": 144.0, "side": "buy", "timestamp": 1765756197017}, {"id": "546489479", "price": 0.3963, "amount": 126.0, "side": "buy", "timestamp": 1765756197566}, {"id": "546489480", "price": 0.3962, "amount": 42084.0, "side": "sell", "timestamp": 1765756197651}, {"id": "546489481", "price": 0.3961, "amount": 59888.0, "side": "sell", "timestamp": 1765756197651}, {"id": "546489482", "price": 0.3962, "amount": 39.0, "side": "buy", "timestamp": 1765756198115}, {"id": "546489483", "price": 0.3962, "amount": 292.0, "side": "sell", "timestamp": 1765756198568}, {"id": "546489484", "price": 0.3963, "amount": 160.0, "side": "buy", "timestamp": 1765756198946}, {"id": "546489485", "price": 0.3963, "amount": 1892.0, "side": "buy", "timestamp": 1765756199075}, {"id": "546489486", "price": 0.3962, "amount": 3591.0, "side": "sell", "timestamp": 1765756200059}, {"id": "546489487", "price": 0.3962, "amount": 252.0, "side": "buy", "timestamp": 1765756200115}, {"id": "546489488", "price": 0.3961, "amount": 6191.0, "side": "sell", "timestamp": 1765756201556}, {"id": "546489489", "price": 0.396, "amount": 222.0, "side": "sell", "timestamp": 1765756201685}, {"id": "546489490", "price": 0.3961, "amount": 14.0, "side": "buy", "timestamp": 1765756201861}, {"id": "546489491", "price": 0.396, "amount": 14.0, "side": "sell", "timestamp": 1765756201984}, {"id": "546489492", "price": 0.396, "amount": 50.0, "side": "sell", "timestamp": 1765756202500}, {"id": "546489493", "price": 0.396, "amount": 13.0, "side": "sell", "timestamp": 1765756202602}, {"id": "546489494", "price": 0.3961, "amount": 51.0, "side": "buy", "timestamp": 1765756203402}, {"id": "546489495", "price": 0.3961, "amount": 13464.0, "side": "buy", "timestamp": 1765756203781}, {"id": "546489496", "price": 0.3961, "amount": 23470.0, "side": "buy", "timestamp": 1765756203947}, {"id": "546489497", "price": 0.3962, "amount": 24170.0, "side": "buy", "timestamp": 1765756203947}, {"id": "546489498", "price": 0.3962, "amount": 6665.0, "side": "buy", "timestamp": 1765756204051}, {"id": "546489499", "price": 0.3962, "amount": 17.0, "side": "buy", "timestamp": 1765756204577}, {"id": "546489500", "price": 0.3962, "amount": 31.0, "side": "buy", "timestamp": 1765756204866}, {"id": "546489501", "price": 0.3962, "amount": 95.0, "side": "buy", "timestamp": 1765756205005}, {"id": "546489502", "price": 0.3962, "amount": 27.0, "side": "buy", "timestamp": 1765756205295}, {"id": "546489503", "price": 0.3962, "amount": 462.0, "side": "buy", "timestamp": 1765756206117}, {"id": "546489504", "price": 0.3962, "amount": 2.0, "side": "buy", "timestamp": 1765756207470}, {"id": "546489505", "price": 0.3961, "amount": 13.0, "side": "sell", "timestamp": 1765756208916}, {"id": "546489506", "price": 0.3962, "amount": 2.0, "side": "buy", "timestamp": 1765756209489}, {"id": "546489507", "price": 0.3961, "amount": 128.0, "side": "sell", "timestamp": 1765756209619}, {"id": "546489508", "price": 0.3962, "amount": 85.0, "side": "buy", "timestamp": 1765756209675}, {"id": "546489509", "price": 0.3962, "amount": 313.0, "side": "buy", "timestamp": 1765756209778}, {"id": "546489510", "price": 0.3962, "amount": 37.0, "side": "buy", "timestamp": 1765756210871}, {"id": "546489511", "price": 0.3962, "amount": 8.0, "side": "buy", "timestamp": 1765756212465}, {"id": "546489512", "price": 0.3962, "amount": 12983.0, "side": "buy", "timestamp": 1765756212618}, {"id": "546489513", "price": 0.3962, "amount": 2.0, "side": "buy", "timestamp": 1765756212938}, {"id": "546489514", "price": 0.3961, "amount": 75.0, "side": "sell", "timestamp": 1765756214567}, {"id": "546489515", "price": 0.3962, "amount": 71.0, "side": "buy", "timestamp": 1765756214932}, {"id": "546489516", "price": 0.3962, "amount": 5.0, "side": "buy", "timestamp": 1765756215811}, {"id": "546489517", "price": 0.3962, "amount": 19216.0, "side": "buy", "timestamp": 1765756217498}, {"id": "546489518", "price": 0.3963, "amount": 6.0, "side": "buy", "timestamp": 1765756218683}, {"id": "546489530", "price": 0.3963, "amount": 13.0, "side": "sell", "timestamp": 1765756231576}, {"id": "546489531", "price": 0.3963, "amount": 137.0, "side": "sell", "timestamp": 1765756231778}, {"id": "546489532", "price": 0.3964, "amount": 5.0, "side": "buy", "timestamp": 1765756235434}, {"id": "546489533", "price": 0.3964, "amount": 7.0, "side": "buy", "timestamp": 1765756236008}, {"id": "546489534", "price": 0.3964, "amount": 2.0, "side": "buy", "timestamp": 1765756238437}, {"id": "546489535", "price": 0.3964, "amount": 251.0, "side": "buy", "timestamp": 1765756240069}, {"id": "546489536", "price": 0.3964, "amount": 3.0, "side": "buy", "timestamp": 1765756242236}, {"id": "546489537", "price": 0.3964, "amount": 6.0, "side": "buy", "timestamp": 1765756242359}, {"id": "546489538", "price": 0.3964, "amount": 99.0, "side": "buy", "timestamp": 1765756245003}, {"id": "546489539", "price": 0.3964, "amount": 2.0, "side": "buy", "timestamp": 1765756246072}, {"id": "546489540", "price": 0.3964, "amount": 23726.0, "side": "buy", "timestamp": 1765756246501}, {"id": "546489541", "price": 0.3965, "amount": 90.0, "side": "buy", "timestamp": 1765756247666}, {"id": "546489542", "price": 0.3965, "amount": 13.0, "side": "buy", "timestamp": 1765756248051}, {"id": "546489543", "price": 0.3965, "amount": 344.0, "side": "buy", "timestamp": 1765756248201}, {"id": "546489544", "price": 0.3965, "amount": 347.0, "side": "buy", "timestamp": 1765756248838}, {"id": "546489545", "price": 0.3965, "amount": 703.0, "side": "buy", "timestamp": 1765756249108}, {"id": "546489546", "price": 0.3965, "amount": 1474.0, "side": "buy", "timestamp": 1765756249885}, {"id": "546489547", "price": 0.3964, "amount": 89.0, "side": "sell", "timestamp": 1765756250398}, {"id": "546489548", "price": 0.3965, "amount": 2.0, "side": "buy", "timestamp": 1765756250970}, {"id": "546489549", "price": 0.3965, "amount": 160.0, "side": "buy", "timestamp": 1765756251418}, {"id": "546489550", "price": 0.3964, "amount": 39122.0, "side": "sell", "timestamp": 1765756252555}, {"id": "546489551", "price": 0.3963, "amount": 65.0, "side": "sell", "timestamp": 1765756253047}, {"id": "546489552", "price": 0.3963, "amount": 14.0, "side": "sell", "timestamp": 1765756253845}, {"id": "546489553", "price": 0.3963, "amount": 3590.0, "side": "sell", "timestamp": 1765756256100}, {"id": "546489554", "price": 0.3964, "amount": 21152.0, "side": "buy", "timestamp": 1765756258244}, {"id": "546489555", "price": 0.3964, "amount": 39.0, "side": "buy", "timestamp": 1765756258499}, {"id": "546489556", "price": 0.3963, "amount": 18.0, "side": "sell", "timestamp": 1765756259695}, {"id": "546489557", "price": 0.3963, "amount": 42.0, "side": "sell", "timestamp": 1765756259926}, {"id": "546489558", "price": 0.3964, "amount": 23899.0, "side": "buy", "timestamp": 1765756261098}, {"id": "546489559", "price": 0.3964, "amount": 82.0, "side": "sell", "timestamp": 1765756261298}, {"id": "546489560", "price": 0.3965, "amount": 6.0, "side": "buy", "timestamp": 1765756261429}, {"id": "546489561", "price": 0.3964, "amount": 29665.0, "side": "sell", "timestamp": 1765756264549}, {"id": "546489562", "price": 0.3963, "amount": 177.0, "side": "sell", "timestamp": 1765756264642}, {"id": "546489563", "price": 0.3964, "amount": 42.0, "side": "buy", "timestamp": 1765756264759}, {"id": "546489564", "price": 0.3964, "amount": 38.0, "side": "buy", "timestamp": 1765756264875}, {"id": "546489565", "price": 0.3964, "amount": 98.0, "side": "buy", "timestamp": 1765756265071}, {"id": "546489566", "price": 0.3964, "amount": 20.0, "side": "buy", "timestamp": 1765756265301}, {"id": "546489567", "price": 0.3964, "amount": 17.0, "side": "buy", "timestamp": 1765756265481}, {"id": "546489568", "price": 0.3963, "amount": 753.0, "side": "sell", "timestamp": 1765756266610}, {"id": "546489569", "price": 0.3964, "amount": 32963.0, "side": "buy", "timestamp": 1765756266918}, {"id": "546489570", "price": 0.3965, "amount": 3.0, "side": "buy", "timestamp": 1765756267258}, {"id": "546489571", "price": 0.3965, "amount": 85.0, "side": "buy", "timestamp": 1765756267817}, {"id": "546489572", "price": 0.3965, "amount": 56466.0, "side": "buy", "timestamp": 1765756271322}, {"id": "546489573", "price": 0.3966, "amount": 194.0, "side": "buy", "timestamp": 1765756271618}, {"id": "546489574", "price": 0.3966, "amount": 3468.0, "side": "buy", "timestamp": 1765756272730}, {"id": "546489575", "price": 0.3967, "amount": 2.0, "side": "buy", "timestamp": 1765756273519}, {"id": "546489576", "price": 0.3967, "amount": 1.0, "side": "buy", "timestamp": 1765756273628}, {"id": "546489577", "price": 0.3967, "amount": 66.0, "side": "buy", "timestamp": 1765756274308}, {"id": "546489578", "price": 0.3967, "amount": 1525.0, "side": "buy", "timestamp": 1765756275037}, {"id": "546489579", "price": 0.3967, "amount": 506.0, "side": "buy", "timestamp": 1765756275166}, {"id": "546489666", "price": 0.3973, "amount": 13.0, "side": "sell", "timestamp": 1765756309197}, {"id": "546489667", "price": 0.3974, "amount": 61.0, "side": "buy", "timestamp": 1765756309557}, {"id": "546489668", "price": 0.3974, "amount": 84.0, "side": "buy", "timestamp": 1765756309932}, {"id": "546489669", "price": 0.3973, "amount": 1551.0, "side": "sell", "timestamp": 1765756310019}, {"id": "546489670", "price": 0.3974, "amount": 1651.0, "side": "buy", "timestamp": 1765756310775}, {"id": "546489671", "price": 0.3974, "amount": 3901.0, "side": "buy", "timestamp": 1765756313179}, {"id": "546489672", "price": 0.3974, "amount": 41.0, "side": "sell", "timestamp": 1765756313614}, {"id": "546489673", "price": 0.3974, "amount": 37.0, "side": "sell", "timestamp": 1765756313914}, {"id": "546489674", "price": 0.3974, "amount": 24.0, "side": "sell", "timestamp": 1765756314258}, {"id": "546489675", "price": 0.3974, "amount": 1197.0, "side": "sell", "timestamp": 1765756314599}, {"id": "546489676", "price": 0.3975, "amount": 2.0, "side": "buy", "timestamp": 1765756314720}, {"id": "546489677", "price": 0.3975, "amount": 2.0, "side": "buy", "timestamp": 1765756314829}, {"id": "546489678", "price": 0.3974, "amount": 10023.0, "side": "sell", "timestamp": 1765756315218}, {"id": "546489679", "price": 0.3974, "amount": 16.0, "side": "buy", "timestamp": 1765756315776}, {"id": "546489680", "price": 0.3973, "amount": 428.0, "side": "sell", "timestamp": 1765756316820}, {"id": "546489681", "price": 0.3974, "amount": 5515.0, "side": "buy", "timestamp": 1765756316849}, {"id": "546489682", "price": 0.3973, "amount": 1812.0, "side": "sell", "timestamp": 1765756317195}, {"id": "546489683", "price": 0.3973, "amount": 15199.0, "side": "sell", "timestamp": 1765756317408}, {"id": "546489684", "price": 0.3972, "amount": 14629.0, "side": "sell", "timestamp": 1765756317409}, {"id": "546489685", "price": 0.3972, "amount": 374.0, "side": "buy", "timestamp": 1765756317500}, {"id": "546489686", "price": 0.3971, "amount": 27.0, "side": "sell", "timestamp": 1765756317766}, {"id": "546489687", "price": 0.3971, "amount": 4087.0, "side": "sell", "timestamp": 1765756317874}, {"id": "546489688", "price": 0.3971, "amount": 42404.0, "side": "buy", "timestamp": 1765756317912}, {"id": "546489689", "price": 0.397, "amount": 120.0, "side": "sell", "timestamp": 1765756317947}, {"id": "546489690", "price": 0.3971, "amount": 201.0, "side": "buy", "timestamp": 1765756318021}, {"id": "546489691", "price": 0.3971, "amount": 20.0, "side": "buy", "timestamp": 1765756318215}, {"id": "546489692", "price": 0.3971, "amount": 76.0, "side": "buy", "timestamp": 1765756318554}, {"id": "546489693", "price": 0.3971, "amount": 1.0, "side": "buy", "timestamp": 1765756320383}, {"id": "546489694", "price": 0.397, "amount": 600.0, "side": "sell", "timestamp": 1765756320681}, {"id": "546489695", "price": 0.3971, "amount": 210.0, "side": "buy", "timestamp": 1765756322202}, {"id": "546489696", "price": 0.3971, "amount": 18038.0, "side": "buy", "timestamp": 1765756322318}, {"id": "546489697", "price": 0.3972, "amount": 25.0, "side": "buy", "timestamp": 1765756322388}, {"id": "546489698", "price": 0.3972, "amount": 2.0, "side": "buy", "timestamp": 1765756322553}, {"id": "546489699", "price": 0.3971, "amount": 200.0, "side": "sell", "timestamp": 1765756323467}, {"id": "546489700", "price": 0.3971, "amount": 205.0, "side": "sell", "timestamp": 1765756324283}, {"id": "546489701", "price": 0.3972, "amount": 174.0, "side": "buy", "timestamp": 1765756325087}, {"id": "546489702", "price": 0.3971, "amount": 23.0, "side": "sell", "timestamp": 1765756325144}, {"id": "546489703", "price": 0.3972, "amount": 44.0, "side": "buy", "timestamp": 1765756325306}, {"id": "546489704", "price": 0.3972, "amount": 60.0, "side": "buy", "timestamp": 1765756325832}, {"id": "546489705", "price": 0.3971, "amount": 4633.0, "side": "sell", "timestamp": 1765756326231}, {"id": "546489706", "price": 0.397, "amount": 1854.0, "side": "sell", "timestamp": 1765756326256}, {"id": "546489707", "price": 0.3971, "amount": 30.0, "side": "buy", "timestamp": 1765756326298}, {"id": "546489708", "price": 0.397, "amount": 222.0, "side": "sell", "timestamp": 1765756326363}, {"id": "546489709", "price": 0.3971, "amount": 76.0, "side": "buy", "timestamp": 1765756326437}, {"id": "546489710", "price": 0.3971, "amount": 118.0, "side": "buy", "timestamp": 1765756326608}, {"id": "546489711", "price": 0.3971, "amount": 15.0, "side": "buy", "timestamp": 1765756326861}, {"id": "546489712", "price": 0.3971, "amount": 26.0, "side": "buy", "timestamp": 1765756326967}, {"id": "546489713", "price": 0.3971, "amount": 51.0, "side": "buy", "timestamp": 1765756327234}, {"id": "546489714", "price": 0.397, "amount": 29.0, "side": "sell", "timestamp": 1765756328016}, {"id": "546489715", "price": 0.3971, "amount": 87.0, "side": "buy", "timestamp": 1765756328295}, {"id": "546489768", "price": 0.3967, "amount": 222.0, "side": "sell", "timestamp": 1765756358633}, {"id": "546489769", "price": 0.3967, "amount": 1314.0, "side": "sell", "timestamp": 1765756359316}, {"id": "546489770", "price": 0.3967, "amount": 4083.0, "side": "sell", "timestamp": 1765756359961}, {"id": "546489771", "price": 0.3966, "amount": 100.0, "side": "sell", "timestamp": 1765756360230}, {"id": "546489772", "price": 0.3967, "amount": 124.0, "side": "buy", "timestamp": 1765756360713}, {"id": "546489773", "price": 0.3967, "amount": 129.0, "side": "buy", "timestamp": 1765756361658}, {"id": "546489774", "price": 0.3967, "amount": 10279.0, "side": "buy", "timestamp": 1765756362182}, {"id": "546489775", "price": 0.3967, "amount": 107.0, "side": "sell", "timestamp": 1765756362235}, {"id": "546489776", "price": 0.3968, "amount": 100.0, "side": "buy", "timestamp": 1765756362623}, {"id": "546489777", "price": 0.3968, "amount": 2016.0, "side": "buy", "timestamp": 1765756363925}, {"id": "546489778", "price": 0.3968, "amount": 1.0, "side": "buy", "timestamp": 1765756364049}, {"id": "546489779", "price": 0.3968, "amount": 74.0, "side": "buy", "timestamp": 1765756364684}, {"id": "546489780", "price": 0.3968, "amount": 1.0, "side": "buy", "timestamp": 1765756366662}, {"id": "546489781", "price": 0.3967, "amount": 100.0, "side": "sell", "timestamp": 1765756367155}, {"id": "546489782", "price": 0.3967, "amount": 81.0, "side": "sell", "timestamp": 1765756367430}, {"id": "546489783", "price": 0.3968, "amount": 30.0, "side": "buy", "timestamp": 1765756367695}, {"id": "546489784", "price": 0.3968, "amount": 8884.0, "side": "buy", "timestamp": 1765756368012}, {"id": "546489785", "price": 0.3969, "amount": 1470.0, "side": "buy", "timestamp": 1765756368190}, {"id": "546489786", "price": 0.3969, "amount": 1.0, "side": "buy", "timestamp": 1765756369585}, {"id": "546489787", "price": 0.3968, "amount": 14487.0, "side": "sell", "timestamp": 1765756370039}, {"id": "546489788", "price": 0.3968, "amount": 2160.0, "side": "sell", "timestamp": 1765756370216}, {"id": "546489789", "price": 0.3969, "amount": 49.0, "side": "buy", "timestamp": 1765756371025}, {"id": "546489790", "price": 0.3968, "amount": 109.0, "side": "sell", "timestamp": 1765756371239}, {"id": "546489791", "price": 0.3969, "amount": 34.0, "side": "buy", "timestamp": 1765756371362}, {"id": "546489792", "price": 0.3968, "amount": 62.0, "side": "sell", "timestamp": 1765756371661}, {"id": "546489793", "price": 0.3969, "amount": 3479.0, "side": "buy", "timestamp": 1765756372185}, {"id": "546489794", "price": 0.3969, "amount": 150.0, "side": "sell", "timestamp": 1765756372482}, {"id": "546489795", "price": 0.397, "amount": 98.0, "side": "buy", "timestamp": 1765756372638}, {"id": "546489796", "price": 0.397, "amount": 2.0, "side": "buy", "timestamp": 1765756374425}, {"id": "546489797", "price": 0.3969, "amount": 107.0, "side": "sell", "timestamp": 1765756375188}, {"id": "546489798", "price": 0.397, "amount": 100.0, "side": "buy", "timestamp": 1765756375307}, {"id": "546489799", "price": 0.3969, "amount": 36.0, "side": "sell", "timestamp": 1765756376675}, {"id": "546489800", "price": 0.397, "amount": 14.0, "side": "buy", "timestamp": 1765756377055}, {"id": "546489801", "price": 0.397, "amount": 24.0, "side": "buy", "timestamp": 1765756377611}, {"id": "546489802", "price": 0.3969, "amount": 108.0, "side": "sell", "timestamp": 1765756378821}, {"id": "546489803", "price": 0.3969, "amount": 300.0, "side": "sell", "timestamp": 1765756379830}, {"id": "546489804", "price": 0.397, "amount": 1315.0, "side": "buy", "timestamp": 1765756379982}, {"id": "546489805", "price": 0.397, "amount": 1.0, "side": "buy", "timestamp": 1765756380393}, {"id": "546489806", "price": 0.3969, "amount": 31.0, "side": "sell", "timestamp": 1765756381477}, {"id": "546489807", "price": 0.397, "amount": 1.0, "side": "buy", "timestamp": 1765756381896}, {"id": "546489808", "price": 0.397, "amount": 31.0, "side": "buy", "timestamp": 1765756382188}, {"id": "546489809", "price": 0.397, "amount": 10669.0, "side": "buy", "timestamp": 1765756382823}, {"id": "546489810", "price": 0.397, "amount": 29202.0, "side": "sell", "timestamp": 1765756382874}, {"id": "546489811", "price": 0.397, "amount": 1.0, "side": "buy", "timestamp": 1765756383171}, {"id": "546489812", "price": 0.397, "amount": 3.0, "side": "buy", "timestamp": 1765756383782}, {"id": "546489813", "price": 0.397, "amount": 19.0, "side": "buy", "timestamp": 1765756384315}, {"id": "546489814", "price": 0.397, "amount": 60.0, "side": "buy", "timestamp": 1765756384830}, {"id": "546489815", "price": 0.3969, "amount": 4337.0, "side": "sell", "timestamp": 1765756384935}, {"id": "546489816", "price": 0.3969, "amount": 114.0, "side": "buy", "timestamp": 1765756385003}, {"id": "546489817", "price": 0.3969, "amount": 16.0, "side": "buy", "timestamp": 1765756385195}, {"id": "546489836", "price": 0.3969, "amount": 1.0, "side": "buy", "timestamp": 1765756401215}, {"id": "546489837", "price": 0.3968, "amount": 2847.0, "side": "sell", "timestamp": 1765756401335}, {"id": "546489838", "price": 0.3967, "amount": 76.0, "side": "sell", "timestamp": 1765756402763}, {"id": "546489839", "price": 0.3968, "amount": 3324.0, "side": "buy", "timestamp": 1765756403240}, {"id": "546489840", "price": 0.3968, "amount": 294.0, "side": "sell", "timestamp": 1765756403618}, {"id": "546489841", "price": 0.3968, "amount": 30.0, "side": "buy", "timestamp": 1765756403697}, {"id": "546489842", "price": 0.3968, "amount": 252.0, "side": "buy", "timestamp": 1765756405709}, {"id": "546489843", "price": 0.3968, "amount": 23.0, "side": "buy", "timestamp": 1765756406255}, {"id": "546489844", "price": 0.3968, "amount": 2.0, "side": "buy", "timestamp": 1765756408010}, {"id": "546489845", "price": 0.3967, "amount": 110.0, "side": "sell", "timestamp": 1765756409122}, {"id": "546489846", "price": 0.3968, "amount": 3.0, "side": "buy", "timestamp": 1765756409297}, {"id": "546489847", "price": 0.3967, "amount": 22.0, "side": "sell", "timestamp": 1765756409747}, {"id": "546489848", "price": 0.3967, "amount": 18.0, "side": "sell", "timestamp": 1765756409989}, {"id": "546489849", "price": 0.3968, "amount": 2.0, "side": "buy", "timestamp": 1765756411181}, {"id": "546489850", "price": 0.3967, "amount": 3182.0, "side": "sell", "timestamp": 1765756412050}, {"id": "546489851", "price": 0.3968, "amount": 300.0, "side": "buy", "timestamp": 1765756412814}, {"id": "546489852", "price": 0.3968, "amount": 1.0, "side": "buy", "timestamp": 1765756413848}, {"id": "546489853", "price": 0.3968, "amount": 252.0, "side": "buy", "timestamp": 1765756414778}, {"id": "546489854", "price": 0.3968, "amount": 115.0, "side": "buy", "timestamp": 1765756416287}, {"id": "546489855", "price": 0.3967, "amount": 4293.0, "side": "sell", "timestamp": 1765756416463}, {"id": "546489856", "price": 0.3968, "amount": 1.0, "side": "buy", "timestamp": 1765756416971}, {"id": "546489857", "price": 0.3968, "amount": 2.0, "side": "buy", "timestamp": 1765756417833}, {"id": "546489858", "price": 0.3968, "amount": 252.0, "side": "buy", "timestamp": 1765756418933}, {"id": "546489859", "price": 0.3968, "amount": 2593.0, "side": "buy", "timestamp": 1765756419385}, {"id": "546489860", "price": 0.3969, "amount": 99416.0, "side": "buy", "timestamp": 1765756419385}, {"id": "546489861", "price": 0.397, "amount": 173020.0, "side": "buy", "timestamp": 1765756419385}, {"id": "546489862", "price": 0.397, "amount": 36.0, "side": "buy", "timestamp": 1765756420723}, {"id": "546489863", "price": 0.397, "amount": 1.0, "side": "buy", "timestamp": 1765756424282}, {"id": "546489864", "price": 0.3969, "amount": 24.0, "side": "sell", "timestamp": 1765756425075}, {"id": "546489865", "price": 0.397, "amount": 2882.0, "side": "buy", "timestamp": 1765756426337}, {"id": "546489866", "price": 0.3969, "amount": 107.0, "side": "sell", "timestamp": 1765756426880}, {"id": "546489867", "price": 0.397, "amount": 250.0, "side": "buy", "timestamp": 1765756428048}, {"id": "546489868", "price": 0.397, "amount": 2.0, "side": "buy", "timestamp": 1765756428647}, {"id": "546489869", "price": 0.3969, "amount": 16.0, "side": "sell", "timestamp": 1765756429821}, {"id": "546489870", "price": 0.3969, "amount": 21.0, "side": "sell", "timestamp": 1765756430058}, {"id": "546489871", "price": 0.397, "amount": 1.0, "side": "buy", "timestamp": 1765756430457}, {"id": "546489872", "price": 0.3969, "amount": 48.0, "side": "sell", "timestamp": 1765756431172}, {"id": "546489873", "price": 0.3969, "amount": 1392.0, "side": "sell", "timestamp": 1765756431794}, {"id": "546489874", "price": 0.3968, "amount": 28.0, "side": "sell", "timestamp": 1765756432421}, {"id": "546489875", "price": 0.3969, "amount": 1.0, "side": "buy", "timestamp": 1765756433663}, {"id": "546489876", "price": 0.3968, "amount": 67.0, "side": "sell", "timestamp": 1765756434093}, {"id": "546489877", "price": 0.3968, "amount": 8748.0, "side": "sell", "timestamp": 1765756434685}, {"id": "546489878", "price": 0.3969, "amount": 4.0, "side": "buy", "timestamp": 1765756434817}, {"id": "546489879", "price": 0.3969, "amount": 1.0, "side": "buy", "timestamp": 1765756435306}, {"id": "546489880", "price": 0.3968, "amount": 109.0, "side": "sell", "timestamp": 1765756436112}, {"id": "546489881", "price": 0.3969, "amount": 16.0, "side": "buy", "timestamp": 1765756437362}, {"id": "546489882", "price": 0.3968, "amount": 4400.0, "side": "sell", "timestamp": 1765756438511}, {"id": "546489883", "price": 0.3968, "amount": 243.0, "side": "sell", "timestamp": 1765756439004}, {"id": "546489884", "price": 0.3969, "amount": 30.0, "side": "buy", "timestamp": 1765756439687}, {"id": "546489885", "price": 0.3968, "amount": 107.0, "side": "sell", "timestamp": 1765756440159}, {"id": "546489924", "price": 0.3965, "amount": 2799.0, "side": "sell", "timestamp": 1765756467618}, {"id": "546489925", "price": 0.3966, "amount": 55.0, "side": "buy", "timestamp": 1765756467889}, {"id": "546489926", "price": 0.3966, "amount": 1.0, "side": "buy", "timestamp": 1765756468551}, {"id": "546489927", "price": 0.3966, "amount": 19624.0, "side": "buy", "timestamp": 1765756468998}, {"id": "546489928", "price": 0.3967, "amount": 1.0, "side": "buy", "timestamp": 1765756470033}, {"id": "546489929", "price": 0.3967, "amount": 2.0, "side": "buy", "timestamp": 1765756470567}, {"id": "546489930", "price": 0.3967, "amount": 6.0, "side": "buy", "timestamp": 1765756471722}, {"id": "546489931", "price": 0.3967, "amount": 11.0, "side": "buy", "timestamp": 1765756473103}, {"id": "546489932", "price": 0.3967, "amount": 1.0, "side": "buy", "timestamp": 1765756473394}, {"id": "546489933", "price": 0.3966, "amount": 110.0, "side": "sell", "timestamp": 1765756473688}, {"id": "546489934", "price": 0.3967, "amount": 17.0, "side": "buy", "timestamp": 1765756474166}, {"id": "546489935", "price": 0.3967, "amount": 11.0, "side": "buy", "timestamp": 1765756475135}, {"id": "546489936", "price": 0.3966, "amount": 30.0, "side": "sell", "timestamp": 1765756475695}, {"id": "546489937", "price": 0.3967, "amount": 13.0, "side": "buy", "timestamp": 1765756476321}, {"id": "546489938", "price": 0.3967, "amount": 1.0, "side": "buy", "timestamp": 1765756477183}, {"id": "546489939", "price": 0.3966, "amount": 7788.0, "side": "sell", "timestamp": 1765756477226}, {"id": "546489940", "price": 0.3966, "amount": 261.0, "side": "buy", "timestamp": 1765756477258}, {"id": "546489941", "price": 0.3966, "amount": 15.0, "side": "buy", "timestamp": 1765756477563}, {"id": "546489942", "price": 0.3966, "amount": 16.0, "side": "buy", "timestamp": 1765756478558}, {"id": "546489943", "price": 0.3966, "amount": 76.0, "side": "buy", "timestamp": 1765756478944}, {"id": "546489944", "price": 0.3966, "amount": 10.0, "side": "buy", "timestamp": 1765756479205}, {"id": "546489945", "price": 0.3966, "amount": 332.0, "side": "buy", "timestamp": 1765756479498}, {"id": "546489946", "price": 0.3966, "amount": 25.0, "side": "buy", "timestamp": 1765756479684}, {"id": "546489947", "price": 0.3965, "amount": 21212.0, "side": "sell", "timestamp": 1765756479727}, {"id": "546489948", "price": 0.3965, "amount": 24.0, "side": "buy", "timestamp": 1765756479785}, {"id": "546489949", "price": 0.3964, "amount": 46.0, "side": "sell", "timestamp": 1765756480057}, {"id": "546489950", "price": 0.3965, "amount": 38.0, "side": "buy", "timestamp": 1765756480768}, {"id": "546489951", "price": 0.3964, "amount": 53.0, "side": "sell", "timestamp": 1765756481076}, {"id": "546489952", "price": 0.3964, "amount": 10.0, "side": "sell", "timestamp": 1765756481842}, {"id": "546489953", "price": 0.3965, "amount": 21.0, "side": "buy", "timestamp": 1765756481978}, {"id": "546489954", "price": 0.3965, "amount": 10349.0, "side": "buy", "timestamp": 1765756482226}, {"id": "546489955", "price": 0.3966, "amount": 37.0, "side": "buy", "timestamp": 1765756483171}, {"id": "546489956", "price": 0.3966, "amount": 57.0, "side": "buy", "timestamp": 1765756484379}, {"id": "546489957", "price": 0.3966, "amount": 69.0, "side": "buy", "timestamp": 1765756485014}, {"id": "546489958", "price": 0.3966, "amount": 54.0, "side": "buy", "timestamp": 1765756485532}, {"id": "546489959", "price": 0.3966, "amount": 18.0, "side": "buy", "timestamp": 1765756485657}, {"id": "546489960", "price": 0.3966, "amount": 62.0, "side": "buy", "timestamp": 1765756486195}, {"id": "546489961", "price": 0.3966, "amount": 63.0, "side": "buy", "timestamp": 1765756486691}, {"id": "546489962", "price": 0.3966, "amount": 33.0, "side": "buy", "timestamp": 1765756487722}, {"id": "546489963", "price": 0.3966, "amount": 72.0, "side": "buy", "timestamp": 1765756488687}, {"id": "546489964", "price": 0.3966, "amount": 81.0, "side": "buy", "timestamp": 1765756489855}, {"id": "546489965", "price": 0.3966, "amount": 17.0, "side": "buy", "timestamp": 1765756490403}, {"id": "546489966", "price": 0.3966, "amount": 27.0, "side": "buy", "timestamp": 1765756490640}, {"id": "546489967", "price": 0.3966, "amount": 57.0, "side": "buy", "timestamp": 1765756490877}, {"id": "546489968", "price": 0.3966, "amount": 5.0, "side": "buy", "timestamp": 1765756490997}, {"id": "546489969", "price": 0.3965, "amount": 107.0, "side": "sell", "timestamp": 1765756491738}, {"id": "546489970", "price": 0.3966, "amount": 64.0, "side": "buy", "timestamp": 1765756492027}, {"id": "546489971", "price": 0.3966, "amount": 38.0, "side": "buy", "timestamp": 1765756493472}, {"id": "546489972", "price": 0.3966, "amount": 8.0, "side": "buy", "timestamp": 1765756494120}, {"id": "546489973", "price": 0.3966, "amount": 100.0, "side": "buy", "timestamp": 1765756494731}, {"id": "546490048", "price": 0.3964, "amount": 144.0, "side": "buy", "timestamp": 1765756525254}, {"id": "546490049", "price": 0.3963, "amount": 25208.0, "side": "sell", "timestamp": 1765756525570}, {"id": "546490050", "price": 0.3963, "amount": 25.0, "side": "sell", "timestamp": 1765756526049}, {"id": "546490051", "price": 0.3964, "amount": 174.0, "side": "buy", "timestamp": 1765756526619}, {"id": "546490052", "price": 0.3964, "amount": 206.0, "side": "buy", "timestamp": 1765756527859}, {"id": "546490053", "price": 0.3964, "amount": 9.0, "side": "buy", "timestamp": 1765756528147}, {"id": "546490054", "price": 0.3964, "amount": 40325.0, "side": "buy", "timestamp": 1765756528858}, {"id": "546490055", "price": 0.3965, "amount": 14542.0, "side": "buy", "timestamp": 1765756529069}, {"id": "546490056", "price": 0.3966, "amount": 8.0, "side": "buy", "timestamp": 1765756529120}, {"id": "546490057", "price": 0.3966, "amount": 133.0, "side": "buy", "timestamp": 1765756530375}, {"id": "546490058", "price": 0.3966, "amount": 152.0, "side": "buy", "timestamp": 1765756531567}, {"id": "546490059", "price": 0.3966, "amount": 85.0, "side": "buy", "timestamp": 1765756531936}, {"id": "546490060", "price": 0.3966, "amount": 10.0, "side": "buy", "timestamp": 1765756532258}, {"id": "546490061", "price": 0.3966, "amount": 104.0, "side": "buy", "timestamp": 1765756532725}, {"id": "546490062", "price": 0.3966, "amount": 138.0, "side": "buy", "timestamp": 1765756533856}, {"id": "546490063", "price": 0.3966, "amount": 203.0, "side": "buy", "timestamp": 1765756534065}, {"id": "546490064", "price": 0.3966, "amount": 2.0, "side": "buy", "timestamp": 1765756534864}, {"id": "546490065", "price": 0.3966, "amount": 84.0, "side": "buy", "timestamp": 1765756535258}, {"id": "546490066", "price": 0.3966, "amount": 133.0, "side": "buy", "timestamp": 1765756536465}, {"id": "546490067", "price": 0.3966, "amount": 132.0, "side": "buy", "timestamp": 1765756537759}, {"id": "546490068", "price": 0.3966, "amount": 3.0, "side": "buy", "timestamp": 1765756537918}, {"id": "546490069", "price": 0.3965, "amount": 15.0, "side": "sell", "timestamp": 1765756537972}, {"id": "546490070", "price": 0.3965, "amount": 110.0, "side": "sell", "timestamp": 1765756538242}, {"id": "546490071", "price": 0.3966, "amount": 150.0, "side": "buy", "timestamp": 1765756538813}, {"id": "546490072", "price": 0.3966, "amount": 75.0, "side": "buy", "timestamp": 1765756539855}, {"id": "546490073", "price": 0.3965, "amount": 17.0, "side": "sell", "timestamp": 1765756539880}, {"id": "546490074", "price": 0.3965, "amount": 32.0, "side": "sell", "timestamp": 1765756540008}, {"id": "546490075", "price": 0.3966, "amount": 78.0, "side": "buy", "timestamp": 1765756540009}, {"id": "546490076", "price": 0.3965, "amount": 43.0, "side": "sell", "timestamp": 1765756540009}, {"id": "546490077", "price": 0.3966, "amount": 115.0, "side": "buy", "timestamp": 1765756541125}, {"id": "546490078", "price": 0.3966, "amount": 115.0, "side": "buy", "timestamp": 1765756542475}, {"id": "546490079", "price": 0.3966, "amount": 72.0, "side": "buy", "timestamp": 1765756543656}, {"id": "546490080", "price": 0.3965, "amount": 48.0, "side": "sell", "timestamp": 1765756544735}, {"id": "546490081", "price": 0.3966, "amount": 158.0, "side": "buy", "timestamp": 1765756544841}, {"id": "546490082", "price": 0.3965, "amount": 29.0, "side": "sell", "timestamp": 1765756544874}, {"id": "546490083", "price": 0.3966, "amount": 4.0, "side": "buy", "timestamp": 1765756544894}, {"id": "546490084", "price": 0.3966, "amount": 26119.0, "side": "buy", "timestamp": 1765756545056}, {"id": "546490085", "price": 0.3966, "amount": 39619.0, "side": "sell", "timestamp": 1765756545469}, {"id": "546490086", "price": 0.3965, "amount": 87482.0, "side": "sell", "timestamp": 1765756545482}, {"id": "546490087", "price": 0.3964, "amount": 1200.0, "side": "sell", "timestamp": 1765756545600}, {"id": "546490088", "price": 0.3965, "amount": 230.0, "side": "buy", "timestamp": 1765756545818}, {"id": "546490089", "price": 0.3964, "amount": 28.0, "side": "sell", "timestamp": 1765756546296}, {"id": "546490090", "price": 0.3965, "amount": 505.0, "side": "buy", "timestamp": 1765756546926}, {"id": "546490091", "price": 0.3964, "amount": 87.0, "side": "sell", "timestamp": 1765756547057}, {"id": "546490092", "price": 0.3965, "amount": 89.0, "side": "buy", "timestamp": 1765756547685}, {"id": "546490093", "price": 0.3965, "amount": 169.0, "side": "buy", "timestamp": 1765756547907}, {"id": "546490094", "price": 0.3965, "amount": 109.0, "side": "buy", "timestamp": 1765756549046}, {"id": "546490095", "price": 0.3964, "amount": 14.0, "side": "sell", "timestamp": 1765756549083}, {"id": "546490096", "price": 0.3964, "amount": 73.0, "side": "sell", "timestamp": 1765756549289}, {"id": "546490097", "price": 0.3965, "amount": 180.0, "side": "buy", "timestamp": 1765756550060}, {"id": "546490154", "price": 0.3964, "amount": 23.0, "side": "sell", "timestamp": 1765756579231}, {"id": "546490155", "price": 0.3965, "amount": 500.0, "side": "buy", "timestamp": 1765756579259}, {"id": "546490156", "price": 0.3965, "amount": 57.0, "side": "buy", "timestamp": 1765756579666}, {"id": "546490157", "price": 0.3965, "amount": 6.0, "side": "buy", "timestamp": 1765756580544}, {"id": "546490158", "price": 0.3965, "amount": 84.0, "side": "buy", "timestamp": 1765756580770}, {"id": "546490159", "price": 0.3964, "amount": 548.0, "side": "sell", "timestamp": 1765756581362}, {"id": "546490160", "price": 0.3965, "amount": 150.0, "side": "buy", "timestamp": 1765756581908}, {"id": "546490161", "price": 0.3965, "amount": 76.0, "side": "buy", "timestamp": 1765756583072}, {"id": "546490162", "price": 0.3965, "amount": 76.0, "side": "buy", "timestamp": 1765756583649}, {"id": "546490163", "price": 0.3965, "amount": 94.0, "side": "buy", "timestamp": 1765756584261}, {"id": "546490164", "price": 0.3964, "amount": 61.0, "side": "sell", "timestamp": 1765756584788}, {"id": "546490165", "price": 0.3964, "amount": 1878.0, "side": "sell", "timestamp": 1765756585408}, {"id": "546490166", "price": 0.3965, "amount": 146.0, "side": "buy", "timestamp": 1765756585461}, {"id": "546490167", "price": 0.3964, "amount": 179.0, "side": "sell", "timestamp": 1765756585463}, {"id": "546490168", "price": 0.3965, "amount": 144.0, "side": "buy", "timestamp": 1765756586518}, {"id": "546490169", "price": 0.3965, "amount": 178.0, "side": "buy", "timestamp": 1765756587554}, {"id": "546490170", "price": 0.3965, "amount": 100.0, "side": "buy", "timestamp": 1765756588635}, {"id": "546490171", "price": 0.3965, "amount": 94.0, "side": "buy", "timestamp": 1765756588957}, {"id": "546490172", "price": 0.3965, "amount": 8.0, "side": "buy", "timestamp": 1765756589668}, {"id": "546490173", "price": 0.3964, "amount": 60.0, "side": "sell", "timestamp": 1765756589851}, {"id": "546490174", "price": 0.3965, "amount": 70.0, "side": "buy", "timestamp": 1765756590189}, {"id": "546490175", "price": 0.3965, "amount": 149.0, "side": "buy", "timestamp": 1765756591481}, {"id": "546490176", "price": 0.3965, "amount": 152.0, "side": "buy", "timestamp": 1765756592707}, {"id": "546490177", "price": 0.3965, "amount": 11.0, "side": "buy", "timestamp": 1765756592815}, {"id": "546490178", "price": 0.3965, "amount": 72.0, "side": "buy", "timestamp": 1765756594202}, {"id": "546490179", "price": 0.3964, "amount": 4869.0, "side": "sell", "timestamp": 1765756594229}, {"id": "546490180", "price": 0.3963, "amount": 12966.0, "side": "sell", "timestamp": 1765756594380}, {"id": "546490181", "price": 0.3963, "amount": 35.0, "side": "sell", "timestamp": 1765756594731}, {"id": "546490182", "price": 0.3964, "amount": 6.0, "side": "buy", "timestamp": 1765756595002}, {"id": "546490183", "price": 0.3963, "amount": 26.0, "side": "sell", "timestamp": 1765756595056}, {"id": "546490184", "price": 0.3963, "amount": 209.0, "side": "sell", "timestamp": 1765756595245}, {"id": "546490185", "price": 0.3964, "amount": 158.0, "side": "buy", "timestamp": 1765756595375}, {"id": "546490186", "price": 0.3964, "amount": 94.0, "side": "buy", "timestamp": 1765756596610}, {"id": "546490187", "price": 0.3964, "amount": 8.0, "side": "buy", "timestamp": 1765756596880}, {"id": "546490188", "price": 0.3964, "amount": 132.0, "side": "buy", "timestamp": 1765756597755}, {"id": "546490189", "price": 0.3964, "amount": 1402.0, "side": "buy", "timestamp": 1765756598787}, {"id": "546490190", "price": 0.3963, "amount": 85.0, "side": "sell", "timestamp": 1765756599122}, {"id": "546490191", "price": 0.3963, "amount": 113.0, "side": "sell", "timestamp": 1765756599333}, {"id": "546490192", "price": 0.3963, "amount": 31.0, "side": "sell", "timestamp": 1765756599709}, {"id": "546490193", "price": 0.3963, "amount": 22.0, "side": "sell", "timestamp": 1765756599907}, {"id": "546490194", "price": 0.3964, "amount": 63.0, "side": "buy", "timestamp": 1765756599962}, {"id": "546490195", "price": 0.3964, "amount": 160.0, "side": "buy", "timestamp": 1765756600972}, {"id": "546490196", "price": 0.3963, "amount": 263.0, "side": "sell", "timestamp": 1765756601882}, {"id": "546490197", "price": 0.3963, "amount": 142.0, "side": "sell", "timestamp": 1765756601983}, {"id": "546490198", "price": 0.3964, "amount": 140.0, "side": "buy", "timestamp": 1765756602183}, {"id": "546490199", "price": 0.3964, "amount": 244.0, "side": "buy", "timestamp": 1765756603079}, {"id": "546490200", "price": 0.3964, "amount": 119.0, "side": "buy", "timestamp": 1765756603189}, {"id": "546490201", "price": 0.3964, "amount": 15.0, "side": "buy", "timestamp": 1765756603915}, {"id": "546490202", "price": 0.3964, "amount": 106.0, "side": "buy", "timestamp": 1765756604206}, {"id": "546490203", "price": 0.3963, "amount": 25.0, "side": "sell", "timestamp": 1765756604758}, {"id": "546490288", "price": 0.3958, "amount": 99.0, "side": "sell", "timestamp": 1765756638356}, {"id": "546490289", "price": 0.3959, "amount": 95.0, "side": "buy", "timestamp": 1765756638511}, {"id": "546490290", "price": 0.3959, "amount": 625.0, "side": "buy", "timestamp": 1765756639045}, {"id": "546490291", "price": 0.396, "amount": 99.0, "side": "buy", "timestamp": 1765756639380}, {"id": "546490292", "price": 0.396, "amount": 96.0, "side": "buy", "timestamp": 1765756639496}, {"id": "546490293", "price": 0.3959, "amount": 24.0, "side": "sell", "timestamp": 1765756639906}, {"id": "546490294", "price": 0.3959, "amount": 246.0, "side": "sell", "timestamp": 1765756640051}, {"id": "546490295", "price": 0.3959, "amount": 55.0, "side": "sell", "timestamp": 1765756640224}, {"id": "546490296", "price": 0.396, "amount": 27.0, "side": "buy", "timestamp": 1765756640242}, {"id": "546490297", "price": 0.3959, "amount": 1260.0, "side": "sell", "timestamp": 1765756640494}, {"id": "546490298", "price": 0.396, "amount": 116.0, "side": "buy", "timestamp": 1765756640571}, {"id": "546490299", "price": 0.3959, "amount": 1260.0, "side": "sell", "timestamp": 1765756640673}, {"id": "546490300", "price": 0.3959, "amount": 611.0, "side": "sell", "timestamp": 1765756641229}, {"id": "546490301", "price": 0.396, "amount": 131.0, "side": "buy", "timestamp": 1765756641664}, {"id": "546490302", "price": 0.396, "amount": 135.0, "side": "buy", "timestamp": 1765756642842}, {"id": "546490303", "price": 0.3959, "amount": 76.0, "side": "sell", "timestamp": 1765756643734}, {"id": "546490304", "price": 0.396, "amount": 122.0, "side": "buy", "timestamp": 1765756644006}, {"id": "546490305", "price": 0.396, "amount": 4.0, "side": "buy", "timestamp": 1765756644210}, {"id": "546490306", "price": 0.396, "amount": 13.0, "side": "buy", "timestamp": 1765756644734}, {"id": "546490307", "price": 0.396, "amount": 83.0, "side": "buy", "timestamp": 1765756645056}, {"id": "546490308", "price": 0.396, "amount": 216.0, "side": "buy", "timestamp": 1765756645733}, {"id": "546490309", "price": 0.396, "amount": 68.0, "side": "buy", "timestamp": 1765756646151}, {"id": "546490310", "price": 0.396, "amount": 346.0, "side": "buy", "timestamp": 1765756647185}, {"id": "546490311", "price": 0.396, "amount": 6197.0, "side": "buy", "timestamp": 1765756647290}, {"id": "546490312", "price": 0.3961, "amount": 7.0, "side": "buy", "timestamp": 1765756648061}, {"id": "546490313", "price": 0.396, "amount": 26.0, "side": "sell", "timestamp": 1765756648219}, {"id": "546490314", "price": 0.3961, "amount": 63.0, "side": "buy", "timestamp": 1765756648223}, {"id": "546490315", "price": 0.3961, "amount": 177.0, "side": "buy", "timestamp": 1765756649377}, {"id": "546490316", "price": 0.3961, "amount": 109.0, "side": "buy", "timestamp": 1765756649546}, {"id": "546490317", "price": 0.3961, "amount": 2984.0, "side": "buy", "timestamp": 1765756650163}, {"id": "546490318", "price": 0.3962, "amount": 52.0, "side": "buy", "timestamp": 1765756650463}, {"id": "546490319", "price": 0.3961, "amount": 4520.0, "side": "sell", "timestamp": 1765756650543}, {"id": "546490320", "price": 0.3961, "amount": 26.0, "side": "buy", "timestamp": 1765756651309}, {"id": "546490321", "price": 0.3962, "amount": 43.0, "side": "buy", "timestamp": 1765756651562}, {"id": "546490322", "price": 0.3962, "amount": 80.0, "side": "buy", "timestamp": 1765756652627}, {"id": "546490323", "price": 0.3962, "amount": 10.0, "side": "buy", "timestamp": 1765756653584}, {"id": "546490324", "price": 0.3962, "amount": 104.0, "side": "buy", "timestamp": 1765756653872}, {"id": "546490325", "price": 0.3961, "amount": 565.0, "side": "sell", "timestamp": 1765756654409}, {"id": "546490326", "price": 0.3961, "amount": 118.0, "side": "buy", "timestamp": 1765756655047}, {"id": "546490327", "price": 0.3961, "amount": 290.0, "side": "buy", "timestamp": 1765756655696}, {"id": "546490328", "price": 0.3961, "amount": 104.0, "side": "buy", "timestamp": 1765756656198}, {"id": "546490329", "price": 0.3961, "amount": 165.0, "side": "buy", "timestamp": 1765756657400}, {"id": "546490330", "price": 0.396, "amount": 198.0, "side": "sell", "timestamp": 1765756657407}, {"id": "546490331", "price": 0.3961, "amount": 71.0, "side": "buy", "timestamp": 1765756657436}, {"id": "546490332", "price": 0.3961, "amount": 582.0, "side": "buy", "timestamp": 1765756657664}, {"id": "546490333", "price": 0.396, "amount": 59.0, "side": "sell", "timestamp": 1765756658293}, {"id": "546490334", "price": 0.396, "amount": 6878.0, "side": "sell", "timestamp": 1765756658478}, {"id": "546490335", "price": 0.396, "amount": 63.0, "side": "buy", "timestamp": 1765756658497}, {"id": "546490336", "price": 0.396, "amount": 64.0, "side": "buy", "timestamp": 1765756659215}, {"id": "546490337", "price": 0.396, "amount": 93.0, "side": "buy", "timestamp": 1765756659848}, {"id": "546490426", "price": 0.396, "amount": 9.0, "side": "buy", "timestamp": 1765756695377}, {"id": "546490427", "price": 0.396, "amount": 93.0, "side": "buy", "timestamp": 1765756696121}, {"id": "546490428", "price": 0.3959, "amount": 64.0, "side": "sell", "timestamp": 1765756696276}, {"id": "546490429", "price": 0.396, "amount": 94.0, "side": "buy", "timestamp": 1765756697358}, {"id": "546490430", "price": 0.396, "amount": 61.0, "side": "buy", "timestamp": 1765756698368}, {"id": "546490431", "price": 0.396, "amount": 8.0, "side": "buy", "timestamp": 1765756698819}, {"id": "546490432", "price": 0.396, "amount": 52.0, "side": "buy", "timestamp": 1765756699533}, {"id": "546490433", "price": 0.3959, "amount": 22.0, "side": "sell", "timestamp": 1765756699822}, {"id": "546490434", "price": 0.396, "amount": 35.0, "side": "buy", "timestamp": 1765756700723}, {"id": "546490435", "price": 0.396, "amount": 80.0, "side": "buy", "timestamp": 1765756701148}, {"id": "546490436", "price": 0.396, "amount": 100.0, "side": "buy", "timestamp": 1765756702032}, {"id": "546490437", "price": 0.3959, "amount": 27.0, "side": "sell", "timestamp": 1765756702041}, {"id": "546490438", "price": 0.396, "amount": 4.0, "side": "buy", "timestamp": 1765756702048}, {"id": "546490439", "price": 0.3959, "amount": 1226.0, "side": "sell", "timestamp": 1765756702130}, {"id": "546490440", "price": 0.3959, "amount": 66.0, "side": "sell", "timestamp": 1765756702816}, {"id": "546490441", "price": 0.396, "amount": 42.0, "side": "buy", "timestamp": 1765756703355}, {"id": "546490442", "price": 0.396, "amount": 103.0, "side": "buy", "timestamp": 1765756704021}, {"id": "546490443", "price": 0.396, "amount": 57.0, "side": "buy", "timestamp": 1765756704593}, {"id": "546490444", "price": 0.396, "amount": 503.0, "side": "buy", "timestamp": 1765756705464}, {"id": "546490445", "price": 0.396, "amount": 50.0, "side": "buy", "timestamp": 1765756705853}, {"id": "546490446", "price": 0.3959, "amount": 889.0, "side": "sell", "timestamp": 1765756706585}, {"id": "546490447", "price": 0.396, "amount": 71.0, "side": "buy", "timestamp": 1765756707157}, {"id": "546490448", "price": 0.396, "amount": 8.0, "side": "buy", "timestamp": 1765756707267}, {"id": "546490449", "price": 0.396, "amount": 126.0, "side": "buy", "timestamp": 1765756707522}, {"id": "546490450", "price": 0.3959, "amount": 1070.0, "side": "sell", "timestamp": 1765756707825}, {"id": "546490451", "price": 0.3959, "amount": 1879.0, "side": "sell", "timestamp": 1765756707990}, {"id": "546490452", "price": 0.396, "amount": 78.0, "side": "buy", "timestamp": 1765756708134}, {"id": "546490453", "price": 0.3959, "amount": 1436.0, "side": "sell", "timestamp": 1765756708208}, {"id": "546490454", "price": 0.3959, "amount": 155.0, "side": "sell", "timestamp": 1765756708380}, {"id": "546490455", "price": 0.396, "amount": 1984.0, "side": "buy", "timestamp": 1765756708642}, {"id": "546490456", "price": 0.3959, "amount": 610.0, "side": "sell", "timestamp": 1765756708882}, {"id": "546490457", "price": 0.396, "amount": 92.0, "side": "buy", "timestamp": 1765756709105}, {"id": "546490458", "price": 0.3959, "amount": 651.0, "side": "sell", "timestamp": 1765756709712}, {"id": "546490459", "price": 0.396, "amount": 53.0, "side": "buy", "timestamp": 1765756710153}, {"id": "546490460", "price": 0.3959, "amount": 580.0, "side": "sell", "timestamp": 1765756710178}, {"id": "546490461", "price": 0.3959, "amount": 752.0, "side": "sell", "timestamp": 1765756710917}, {"id": "546490462", "price": 0.396, "amount": 4.0, "side": "buy", "timestamp": 1765756711056}, {"id": "546490463", "price": 0.396, "amount": 38.0, "side": "buy", "timestamp": 1765756711345}, {"id": "546490464", "price": 0.396, "amount": 72.0, "side": "buy", "timestamp": 1765756712457}, {"id": "546490465", "price": 0.3959, "amount": 904.0, "side": "sell", "timestamp": 1765756712932}, {"id": "546490466", "price": 0.396, "amount": 67.0, "side": "buy", "timestamp": 1765756713053}, {"id": "546490467", "price": 0.3959, "amount": 921.0, "side": "sell", "timestamp": 1765756713134}, {"id": "546490468", "price": 0.396, "amount": 5.0, "side": "buy", "timestamp": 1765756713162}, {"id": "546490469", "price": 0.3959, "amount": 1200.0, "side": "sell", "timestamp": 1765756713220}, {"id": "546490470", "price": 0.3959, "amount": 631.0, "side": "sell", "timestamp": 1765756713343}, {"id": "546490471", "price": 0.396, "amount": 53.0, "side": "buy", "timestamp": 1765756713598}, {"id": "546490472", "price": 0.3959, "amount": 532.0, "side": "sell", "timestamp": 1765756713770}, {"id": "546490473", "price": 0.3959, "amount": 128.0, "side": "sell", "timestamp": 1765756713952}, {"id": "546490474", "price": 0.396, "amount": 5.0, "side": "buy", "timestamp": 1765756714166}, {"id": "546490475", "price": 0.396, "amount": 35.0, "side": "buy", "timestamp": 1765756714648}, {"id": "546490567", "price": 0.396, "amount": 38.0, "side": "buy", "timestamp": 1765756751966}, {"id": "546490568", "price": 0.396, "amount": 158.0, "side": "buy", "timestamp": 1765756752077}, {"id": "546490569", "price": 0.396, "amount": 16.0, "side": "buy", "timestamp": 1765756752802}, {"id": "546490570", "price": 0.396, "amount": 74.0, "side": "buy", "timestamp": 1765756753209}, {"id": "546490571", "price": 0.396, "amount": 3.0, "side": "buy", "timestamp": 1765756753401}, {"id": "546490572", "price": 0.396, "amount": 16.0, "side": "buy", "timestamp": 1765756753818}, {"id": "546490573", "price": 0.3959, "amount": 75.0, "side": "sell", "timestamp": 1765756754174}, {"id": "546490574", "price": 0.396, "amount": 57.0, "side": "buy", "timestamp": 1765756754459}, {"id": "546490575", "price": 0.3959, "amount": 13.0, "side": "sell", "timestamp": 1765756755076}, {"id": "546490576", "price": 0.396, "amount": 39.0, "side": "buy", "timestamp": 1765756755777}, {"id": "546490577", "price": 0.396, "amount": 2.0, "side": "buy", "timestamp": 1765756756035}, {"id": "546490578", "price": 0.3959, "amount": 40.0, "side": "sell", "timestamp": 1765756756631}, {"id": "546490579", "price": 0.3959, "amount": 108.0, "side": "sell", "timestamp": 1765756756972}, {"id": "546490580", "price": 0.396, "amount": 69.0, "side": "buy", "timestamp": 1765756757017}, {"id": "546490581", "price": 0.3959, "amount": 1525.0, "side": "sell", "timestamp": 1765756757276}, {"id": "546490582", "price": 0.396, "amount": 9.0, "side": "buy", "timestamp": 1765756757637}, {"id": "546490583", "price": 0.396, "amount": 91.0, "side": "buy", "timestamp": 1765756758161}, {"id": "546490584", "price": 0.396, "amount": 36.0, "side": "buy", "timestamp": 1765756759342}, {"id": "546490585", "price": 0.396, "amount": 26.0, "side": "buy", "timestamp": 1765756760365}, {"id": "546490586", "price": 0.3959, "amount": 174.0, "side": "sell", "timestamp": 1765756760451}, {"id": "546490587", "price": 0.396, "amount": 408.0, "side": "buy", "timestamp": 1765756760462}, {"id": "546490588", "price": 0.3959, "amount": 174.0, "side": "sell", "timestamp": 1765756760487}, {"id": "546490589", "price": 0.3959, "amount": 439.0, "side": "sell", "timestamp": 1765756760869}, {"id": "546490590", "price": 0.396, "amount": 2.0, "side": "buy", "timestamp": 1765756760969}, {"id": "546490591", "price": 0.396, "amount": 37.0, "side": "buy", "timestamp": 1765756761813}, {"id": "546490592", "price": 0.3959, "amount": 203.0, "side": "sell", "timestamp": 1765756762334}, {"id": "546490593", "price": 0.396, "amount": 173.0, "side": "buy", "timestamp": 1765756762335}, {"id": "546490594", "price": 0.396, "amount": 58.0, "side": "buy", "timestamp": 1765756763048}, {"id": "546490595", "price": 0.3959, "amount": 29.0, "side": "sell", "timestamp": 1765756763693}, {"id": "546490596", "price": 0.396, "amount": 562.0, "side": "buy", "timestamp": 1765756763904}, {"id": "546490597", "price": 0.396, "amount": 62.0, "side": "buy", "timestamp": 1765756764223}, {"id": "546490598", "price": 0.3959, "amount": 75.0, "side": "sell", "timestamp": 1765756764327}, {"id": "546490599", "price": 0.3959, "amount": 104.0, "side": "sell", "timestamp": 1765756764713}, {"id": "546490600", "price": 0.3959, "amount": 43.0, "side": "sell", "timestamp": 1765756764996}, {"id": "546490601", "price": 0.3959, "amount": 3304.0, "side": "sell", "timestamp": 1765756765148}, {"id": "546490602", "price": 0.3959, "amount": 1834.0, "side": "sell", "timestamp": 1765756765252}, {"id": "546490603", "price": 0.396, "amount": 60.0, "side": "buy", "timestamp": 1765756765294}, {"id": "546490604", "price": 0.3959, "amount": 1615.0, "side": "sell", "timestamp": 1765756765380}, {"id": "546490605", "price": 0.3958, "amount": 400.0, "side": "sell", "timestamp": 1765756765412}, {"id": "546490606", "price": 0.3959, "amount": 5.0, "side": "buy", "timestamp": 1765756765640}, {"id": "546490607", "price": 0.3958, "amount": 99.0, "side": "sell", "timestamp": 1765756765704}, {"id": "546490608", "price": 0.3959, "amount": 53.0, "side": "buy", "timestamp": 1765756766324}, {"id": "546490609", "price": 0.3959, "amount": 16.0, "side": "buy", "timestamp": 1765756766662}, {"id": "546490610", "price": 0.3958, "amount": 136.0, "side": "sell", "timestamp": 1765756767151}, {"id": "546490611", "price": 0.3958, "amount": 271.0, "side": "sell", "timestamp": 1765756767367}, {"id": "546490612", "price": 0.3959, "amount": 53.0, "side": "buy", "timestamp": 1765756767482}, {"id": "546490613", "price": 0.3958, "amount": 2120.0, "side": "sell", "timestamp": 1765756768368}, {"id": "546490614", "price": 0.3959, "amount": 44.0, "side": "buy", "timestamp": 1765756768747}, {"id": "546490615", "price": 0.3958, "amount": 825.0, "side": "sell", "timestamp": 1765756769907}, {"id": "546490616", "price": 0.3959, "amount": 58.0, "side": "buy", "timestamp": 1765756770069}]