[{"symbol": "ADAUSDT", "bids": [[0.3762, 62672.0], [0.3761, 120225.0], [0.376, 201056.0], [0.3759, 273191.0], [0.3758, 137933.0], [0.3757, 217359.0], [0.3756, 108997.0], [0.3755, 164523.0], [0.3754, 312715.0], [0.3753, 142850.0], [0.3752, 169072.0], [0.3751, 292278.0], [0.375, 308198.0], [0.3749, 154324.0], [0.3748, 108020.0], [0.3747, 248643.0], [0.3746, 203025.0], [0.3745, 247994.0], [0.3744, 130738.0], [0.3743, 189100.0]], "asks": [[0.3763, 195220.0], [0.3764, 224848.0], [0.3765, 260215.0], [0.3766, 199668.0], [0.3767, 183291.0], [0.3768, 309431.0], [0.3769, 269830.0], [0.377, 463006.0], [0.3771, 162207.0], [0.3772, 166375.0], [0.3773, 253896.0], [0.3774, 259790.0], [0.3775, 137856.0], [0.3776, 205723.0], [0.3777, 119254.0], [0.3778, 300215.0], [0.3779, 188121.0], [0.378, 201784.0], [0.3781, 150090.0], [0.3782, 120482.0]], "timestamp": "2025-12-20T00:00:24.394894+00:00"}, {"symbol": "ADAUSDT", "bids": [[0.3762, 115305.0], [0.3761, 165988.0], [0.376, 234008.0], [0.3759, 283034.0], [0.3758, 219581.0], [0.3757, 274961.0], [0.3756, 162304.0], [0.3755, 157379.0], [0.3754, 137362.0], [0.3753, 143443.0], [0.3752, 130001.0], [0.3751, 419526.0], [0.375, 241817.0], [0.3749, 146077.0], [0.3748, 102016.0], [0.3747, 236250.0], [0.3746, 184264.0], [0.3745, 170742.0], [0.3744, 220205.0], [0.3743, 212955.0]], "asks": [[0.3763, 98521.0], [0.3764, 217276.0], [0.3765, 319504.0], [0.3766, 204568.0], [0.3767, 297557.0], [0.3768, 264343.0], [0.3769, 319520.0], [0.377, 533064.0], [0.3771, 173502.0], [0.3772, 176503.0], [0.3773, 212325.0], [0.3774, 266327.0], [0.3775, 228590.0], [0.3776, 189022.0], [0.3777, 119732.0], [0.3778, 198583.0], [0.3779, 165266.0], [0.378, 222085.0], [0.3781, 163671.0], [0.3782, 185997.0]], "timestamp": "2025-12-20T00:01:17.910634+00:00"}, {"symbol": "ADAUSDT", "bids": [[0.3754, 45215.0], [0.3753, 84786.0], [0.3752, 200678.0], [0.3751, 221127.0], [0.375, 206311.0], [0.3749, 138619.0], [0.3748, 206830.0], [0.3747, 159738.0], [0.3746, 151151.0], [0.3745, 165746.0], [0.3744, 230069.0], [0.3743, 128244.0], [0.3742, 97033.0], [0.3741, 169474.0], [0.374, 308922.0], [0.3739, 236440.0], [0.3738, 143825.0], [0.3737, 320103.0], [0.3736, 175324.0], [0.3735, 244669.0]], "asks": [[0.3755, 152300.0], [0.3756, 170182.0], [0.3757, 265163.0], [0.3758, 261468.0], [0.3759, 322145.0], [0.376, 200016.0], [0.3761, 254395.0], [0.3762, 359334.0], [0.3763, 154356.0], [0.3764, 206517.0], [0.3765, 194290.0], [0.3766, 135236.0], [0.3767, 138106.0], [0.3768, 277965.0], [0.3769, 201714.0], [0.377, 385147.0], [0.3771, 111700.0], [0.3772, 111577.0], [0.3773, 150565.0], [0.3774, 223940.0]], "timestamp": "2025-12-20T00:02:28.977322+00:00"}, {"symbol": "ADAUSDT", "bids": [[0.3758, 93880.0], [0.3757, 137149.0], [0.3756, 309075.0], [0.3755, 246269.0], [0.3754, 273828.0], [0.3753, 172244.0], [0.3752, 268896.0], [0.3751, 125251.0], [0.375, 146436.0], [0.3749, 167666.0], [0.3748, 157668.0], [0.3747, 290774.0], [0.3746, 142365.0], [0.3745, 163749.0], [0.3744, 102960.0], [0.3743, 178921.0], [0.3742, 86141.0], [0.3741, 150284.0], [0.374, 382641.0], [0.3739, 161290.0]], "asks": [[0.3759, 60590.0], [0.376, 174148.0], [0.3761, 216963.0], [0.3762, 207191.0], [0.3763, 264032.0], [0.3764, 221516.0], [0.3765, 257642.0], [0.3766, 188165.0], [0.3767, 174850.0], [0.3768, 218759.0], [0.3769, 265207.0], [0.377, 546340.0], [0.3771, 262247.0], [0.3772, 196763.0], [0.3773, 149690.0], [0.3774, 239132.0], [0.3775, 141941.0], [0.3776, 142284.0], [0.3777, 111676.0], [0.3778, 193168.0]], "timestamp": "2025-12-20T00:03:23.570365+00:00"}, {"symbol": "ADAUSDT", "bids": [[0.3759, 75346.0], [0.3758, 160136.0], [0.3757, 292194.0], [0.3756, 308844.0], [0.3755, 331162.0], [0.3754, 163392.0], [0.3753, 175553.0], [0.3752, 185577.0], [0.3751, 149187.0], [0.375, 169006.0], [0.3749, 285919.0], [0.3748, 130367.0], [0.3747, 161288.0], [0.3746, 134469.0], [0.3745, 155385.0], [0.3744, 232591.0], [0.3743, 201473.0], [0.3742, 180270.0], [0.3741, 100412.0], [0.374, 149035.0]], "asks": [[0.376, 121200.0], [0.3761, 195803.0], [0.3762, 199832.0], [0.3763, 241630.0], [0.3764, 305748.0], [0.3765, 223924.0], [0.3766, 187511.0], [0.3767, 228586.0], [0.3768, 220054.0], [0.3769, 230970.0], [0.377, 556042.0], [0.3771, 174069.0], [0.3772, 204525.0], [0.3773, 250774.0], [0.3774, 250985.0], [0.3775, 159535.0], [0.3776, 134284.0], [0.3777, 110106.0], [0.3778, 120438.0], [0.3779, 204538.0]], "timestamp": "2025-12-20T00:04:16.482227+00:00"}, {"symbol": "ADAUSDT", "bids": [[0.3758, 145832.0], [0.3757, 162446.0], [0.3756, 261513.0], [0.3755, 288851.0], [0.3754, 277611.0], [0.3753, 202811.0], [0.3752, 144828.0], [0.3751, 190293.0], [0.375, 186730.0], [0.3749, 174923.0], [0.3748, 264165.0], [0.3747, 161442.0], [0.3746, 133788.0], [0.3745, 174637.0], [0.3744, 248937.0], [0.3743, 178711.0], [0.3742, 98066.0], [0.3741, 204185.0], [0.374, 149049.0], [0.3739, 216729.0]], "asks": [[0.3759, 119291.0], [0.376, 194742.0], [0.3761, 165424.0], [0.3762, 210031.0], [0.3763, 311300.0], [0.3764, 232317.0], [0.3765, 212787.0], [0.3766, 178931.0], [0.3767, 218054.0], [0.3768, 236815.0], [0.3769, 235230.0], [0.377, 509205.0], [0.3771, 193518.0], [0.3772, 289356.0], [0.3773, 144240.0], [0.3774, 243559.0], [0.3775, 167718.0], [0.3776, 134284.0], [0.3777, 102178.0], [0.3778, 120424.0]], "timestamp": "2025-12-20T00:05:20.806415+00:00"}, {"symbol": "ADAUSDT", "bids": [[0.3757, 110508.0], [0.3756, 173759.0], [0.3755, 274871.0], [0.3754, 277185.0], [0.3753, 350037.0], [0.3752, 187576.0], [0.3751, 136587.0], [0.375, 224642.0], [0.3749, 179585.0], [0.3748, 243856.0], [0.3747, 132190.0], [0.3746, 146287.0], [0.3745, 177802.0], [0.3744, 249285.0], [0.3743, 186617.0], [0.3742, 84831.0], [0.3741, 122967.0], [0.374, 305163.0], [0.3739, 215461.0], [0.3738, 187762.0]], "asks": [[0.3758, 78302.0], [0.3759, 206898.0], [0.376, 230871.0], [0.3761, 249762.0], [0.3762, 221886.0], [0.3763, 294902.0], [0.3764, 278320.0], [0.3765, 213925.0], [0.3766, 189316.0], [0.3767, 249288.0], [0.3768, 215782.0], [0.3769, 170603.0], [0.377, 234314.0], [0.3771, 167143.0], [0.3772, 245287.0], [0.3773, 171247.0], [0.3774, 202793.0], [0.3775, 234692.0], [0.3776, 129815.0], [0.3777, 74067.0]], "timestamp": "2025-12-20T00:06:14.331039+00:00"}, {"symbol": "ADAUSDT", "bids": [[0.3756, 207145.0], [0.3755, 154128.0], [0.3754, 291652.0], [0.3753, 235473.0], [0.3752, 288533.0], [0.3751, 217416.0], [0.375, 185418.0], [0.3749, 181199.0], [0.3748, 125732.0], [0.3747, 134699.0], [0.3746, 134903.0], [0.3745, 289729.0], [0.3744, 111248.0], [0.3743, 214675.0], [0.3742, 84716.0], [0.3741, 96159.0], [0.374, 232625.0], [0.3739, 374049.0], [0.3738, 283576.0], [0.3737, 277457.0]], "asks": [[0.3757, 144273.0], [0.3758, 242379.0], [0.3759, 267578.0], [0.376, 498040.0], [0.3761, 172804.0], [0.3762, 258406.0], [0.3763, 228317.0], [0.3764, 282542.0], [0.3765, 287776.0], [0.3766, 151305.0], [0.3767, 215174.0], [0.3768, 195786.0], [0.3769, 191209.0], [0.377, 298744.0], [0.3771, 179100.0], [0.3772, 142707.0], [0.3773, 174938.0], [0.3774, 176247.0], [0.3775, 232225.0], [0.3776, 179126.0]], "timestamp": "2025-12-20T00:07:07.103445+00:00"}, {"symbol": "ADAUSDT", "bids": [[0.3755, 295230.0], [0.3754, 174675.0], [0.3753, 260077.0], [0.3752, 195484.0], [0.3751, 263713.0], [0.375, 152014.0], [0.3749, 137010.0], [0.3748, 143837.0], [0.3747, 201627.0], [0.3746, 144018.0], [0.3745, 207137.0], [0.3744, 195891.0], [0.3743, 216244.0], [0.3742, 211422.0], [0.3741, 146423.0], [0.374, 230106.0], [0.3739, 245717.0], [0.3738, 181027.0], [0.3737, 123554.0], [0.3736, 102964.0]], "asks": [[0.3756, 86622.0], [0.3757, 121976.0], [0.3758, 228592.0], [0.3759, 207924.0], [0.376, 567380.0], [0.3761, 203865.0], [0.3762, 229201.0], [0.3763, 262450.0], [0.3764, 308924.0], [0.3765, 214777.0], [0.3766, 172053.0], [0.3767, 161997.0], [0.3768, 249281.0], [0.3769, 257012.0], [0.377, 228994.0], [0.3771, 121569.0], [0.3772, 137403.0], [0.3773, 262521.0], [0.3774, 172638.0], [0.3775, 184712.0]], "timestamp": "2025-12-20T00:07:59.937814+00:00"}, {"symbol": "ADAUSDT", "bids": [[0.3754, 149018.0], [0.3753, 224158.0], [0.3752, 212929.0], [0.3751, 248313.0], [0.375, 154802.0], [0.3749, 214479.0], [0.3748, 140403.0], [0.3747, 161720.0], [0.3746, 195777.0], [0.3745, 255497.0], [0.3744, 168032.0], [0.3743, 267208.0], [0.3742, 81607.0], [0.3741, 142643.0], [0.374, 239891.0], [0.3739, 245490.0], [0.3738, 194613.0], [0.3737, 137362.0], [0.3736, 198842.0], [0.3735, 281190.0]], "asks": [[0.3755, 44200.0], [0.3756, 197726.0], [0.3757, 158365.0], [0.3758, 238579.0], [0.3759, 327221.0], [0.376, 456430.0], [0.3761, 207108.0], [0.3762, 227715.0], [0.3763, 254063.0], [0.3764, 302613.0], [0.3765, 238076.0], [0.3766, 149476.0], [0.3767, 137727.0], [0.3768, 179181.0], [0.3769, 327307.0], [0.377, 221602.0], [0.3771, 115206.0], [0.3772, 137340.0], [0.3773, 190595.0], [0.3774, 172624.0]], "timestamp": "2025-12-20T00:08:53.391306+00:00"}, {"symbol": "ADAUSDT", "bids": [[0.3754, 147852.0], [0.3753, 187434.0], [0.3752, 200966.0], [0.3751, 194823.0], [0.375, 243219.0], [0.3749, 166842.0], [0.3748, 236824.0], [0.3747, 144242.0], [0.3746, 237426.0], [0.3745, 218584.0], [0.3744, 138553.0], [0.3743, 126188.0], [0.3742, 200561.0], [0.3741, 158744.0], [0.374, 239744.0], [0.3739, 245730.0], [0.3738, 186377.0], [0.3737, 138826.0], [0.3736, 206913.0], [0.3735, 281190.0]], "asks": [[0.3755, 152103.0], [0.3756, 142801.0], [0.3757, 196763.0], [0.3758, 333337.0], [0.3759, 304315.0], [0.376, 463877.0], [0.3761, 232726.0], [0.3762, 212314.0], [0.3763, 211941.0], [0.3764, 308973.0], [0.3765, 244721.0], [0.3766, 211863.0], [0.3767, 233108.0], [0.3768, 154878.0], [0.3769, 216319.0], [0.377, 177867.0], [0.3771, 115190.0], [0.3772, 129373.0], [0.3773, 262655.0], [0.3774, 172659.0]], "timestamp": "2025-12-20T00:09:46.866807+00:00"}, {"symbol": "ADAUSDT", "bids": [[0.3755, 278821.0], [0.3754, 215062.0], [0.3753, 338737.0], [0.3752, 225848.0], [0.3751, 179814.0], [0.375, 194635.0], [0.3749, 290232.0], [0.3748, 181597.0], [0.3747, 129129.0], [0.3746, 130504.0], [0.3745, 330015.0], [0.3744, 113156.0], [0.3743, 114148.0], [0.3742, 81405.0], [0.3741, 142643.0], [0.374, 199165.0], [0.3739, 266209.0], [0.3738, 290266.0], [0.3737, 124246.0], [0.3736, 101549.0]], "asks": [[0.3756, 113892.0], [0.3757, 91688.0], [0.3758, 226929.0], [0.3759, 207107.0], [0.376, 574902.0], [0.3761, 154774.0], [0.3762, 201662.0], [0.3763, 233551.0], [0.3764, 381905.0], [0.3765, 284003.0], [0.3766, 249380.0], [0.3767, 248898.0], [0.3768, 144174.0], [0.3769, 213621.0], [0.377, 150804.0], [0.3771, 200097.0], [0.3772, 167363.0], [0.3773, 190795.0], [0.3774, 172673.0], [0.3775, 262166.0]], "timestamp": "2025-12-20T00:10:40.297487+00:00"}, {"symbol": "ADAUSDT", "bids": [[0.3755, 158120.0], [0.3754, 191946.0], [0.3753, 300328.0], [0.3752, 194416.0], [0.3751, 286044.0], [0.375, 300621.0], [0.3749, 140353.0], [0.3748, 153982.0], [0.3747, 193135.0], [0.3746, 156697.0], [0.3745, 325933.0], [0.3744, 117377.0], [0.3743, 118833.0], [0.3742, 111607.0], [0.3741, 135579.0], [0.374, 172386.0], [0.3739, 245459.0], [0.3738, 194597.0], [0.3737, 220084.0], [0.3736, 101533.0]], "asks": [[0.3756, 157840.0], [0.3757, 150311.0], [0.3758, 196718.0], [0.3759, 210312.0], [0.376, 604486.0], [0.3761, 198460.0], [0.3762, 222374.0], [0.3763, 277222.0], [0.3764, 228652.0], [0.3765, 205346.0], [0.3766, 251756.0], [0.3767, 239965.0], [0.3768, 162141.0], [0.3769, 216901.0], [0.377, 166221.0], [0.3771, 228854.0], [0.3772, 167347.0], [0.3773, 190779.0], [0.3774, 182004.0], [0.3775, 282837.0]], "timestamp": "2025-12-20T00:11:33.121788+00:00"}, {"symbol": "ADAUSDT", "bids": [[0.3761, 243037.0], [0.376, 349191.0], [0.3759, 340207.0], [0.3758, 447646.0], [0.3757, 265812.0], [0.3756, 212039.0], [0.3755, 264675.0], [0.3754, 156335.0], [0.3753, 147598.0], [0.3752, 164731.0], [0.3751, 276073.0], [0.375, 198795.0], [0.3749, 153598.0], [0.3748, 106335.0], [0.3747, 122951.0], [0.3746, 101656.0], [0.3745, 202867.0], [0.3744, 141621.0], [0.3743, 248876.0], [0.3742, 126442.0]], "asks": [[0.3762, 5369.0], [0.3763, 84951.0], [0.3764, 224339.0], [0.3765, 183459.0], [0.3766, 162526.0], [0.3767, 198731.0], [0.3768, 203135.0], [0.3769, 215110.0], [0.377, 164500.0], [0.3771, 275186.0], [0.3772, 197190.0], [0.3773, 163746.0], [0.3774, 280299.0], [0.3775, 171003.0], [0.3776, 150085.0], [0.3777, 113455.0], [0.3778, 86432.0], [0.3779, 112812.0], [0.378, 152074.0], [0.3781, 241312.0]], "timestamp": "2025-12-20T00:12:28.434103+00:00"}, {"symbol": "ADAUSDT", "bids": [[0.3763, 240207.0], [0.3762, 258271.0], [0.3761, 261347.0], [0.376, 283085.0], [0.3759, 273250.0], [0.3758, 167824.0], [0.3757, 165214.0], [0.3756, 208876.0], [0.3755, 158729.0], [0.3754, 122865.0], [0.3753, 259658.0], [0.3752, 147977.0], [0.3751, 137821.0], [0.375, 194205.0], [0.3749, 135780.0], [0.3748, 119367.0], [0.3747, 249011.0], [0.3746, 102152.0], [0.3745, 223968.0], [0.3744, 93963.0]], "asks": [[0.3764, 113999.0], [0.3765, 183247.0], [0.3766, 207895.0], [0.3767, 170524.0], [0.3768, 310084.0], [0.3769, 213238.0], [0.377, 166135.0], [0.3771, 283435.0], [0.3772, 244269.0], [0.3773, 200357.0], [0.3774, 215415.0], [0.3775, 183467.0], [0.3776, 165286.0], [0.3777, 221917.0], [0.3778, 102082.0], [0.3779, 90139.0], [0.378, 77834.0], [0.3781, 181576.0], [0.3782, 135827.0], [0.3783, 99882.0]], "timestamp": "2025-12-20T00:13:21.763802+00:00"}, {"symbol": "ADAUSDT", "bids": [[0.3765, 201541.0], [0.3764, 335174.0], [0.3763, 281648.0], [0.3762, 289455.0], [0.3761, 295460.0], [0.376, 251523.0], [0.3759, 139447.0], [0.3758, 152928.0], [0.3757, 169849.0], [0.3756, 226034.0], [0.3755, 271392.0], [0.3754, 101172.0], [0.3753, 134532.0], [0.3752, 140166.0], [0.3751, 160853.0], [0.375, 226507.0], [0.3749, 122182.0], [0.3748, 124541.0], [0.3747, 247316.0], [0.3746, 101713.0]], "asks": [[0.3766, 55819.0], [0.3767, 155850.0], [0.3768, 216594.0], [0.3769, 243863.0], [0.377, 246511.0], [0.3771, 211218.0], [0.3772, 223888.0], [0.3773, 253325.0], [0.3774, 263619.0], [0.3775, 180464.0], [0.3776, 220307.0], [0.3777, 154319.0], [0.3778, 152419.0], [0.3779, 234658.0], [0.378, 102467.0], [0.3781, 181841.0], [0.3782, 131609.0], [0.3783, 95459.0], [0.3784, 127221.0], [0.3785, 262329.0]], "timestamp": "2025-12-20T00:14:14.932570+00:00"}, {"symbol": "ADAUSDT", "bids": [[0.3764, 130056.0], [0.3763, 205962.0], [0.3762, 290333.0], [0.3761, 290738.0], [0.376, 270224.0], [0.3759, 171975.0], [0.3758, 182262.0], [0.3757, 253438.0], [0.3756, 184902.0], [0.3755, 140029.0], [0.3754, 146371.0], [0.3753, 288514.0], [0.3752, 140771.0], [0.3751, 134447.0], [0.375, 202962.0], [0.3749, 149345.0], [0.3748, 95506.0], [0.3747, 177956.0], [0.3746, 110125.0], [0.3745, 260042.0]], "asks": [[0.3765, 99787.0], [0.3766, 127499.0], [0.3767, 226769.0], [0.3768, 217817.0], [0.3769, 323289.0], [0.377, 267326.0], [0.3771, 195724.0], [0.3772, 232567.0], [0.3773, 191036.0], [0.3774, 247440.0], [0.3775, 194251.0], [0.3776, 197057.0], [0.3777, 227477.0], [0.3778, 161586.0], [0.3779, 127400.0], [0.378, 107825.0], [0.3781, 176391.0], [0.3782, 80532.0], [0.3783, 105273.0], [0.3784, 198886.0]], "timestamp": "2025-12-20T00:15:17.518639+00:00"}, {"symbol": "ADAUSDT", "bids": [[0.3761, 101232.0], [0.376, 159077.0], [0.3759, 230149.0], [0.3758, 270630.0], [0.3757, 185623.0], [0.3756, 277343.0], [0.3755, 148669.0], [0.3754, 132401.0], [0.3753, 284960.0], [0.3752, 130426.0], [0.3751, 140086.0], [0.375, 185230.0], [0.3749, 156531.0], [0.3748, 102692.0], [0.3747, 183126.0], [0.3746, 166135.0], [0.3745, 268342.0], [0.3744, 130155.0], [0.3743, 188275.0], [0.3742, 258373.0]], "asks": [[0.3762, 205073.0], [0.3763, 221072.0], [0.3764, 337850.0], [0.3765, 198779.0], [0.3766, 268257.0], [0.3767, 195749.0], [0.3768, 300997.0], [0.3769, 222135.0], [0.377, 234800.0], [0.3771, 211738.0], [0.3772, 246052.0], [0.3773, 148991.0], [0.3774, 189218.0], [0.3775, 155498.0], [0.3776, 201816.0], [0.3777, 201796.0], [0.3778, 145334.0], [0.3779, 93488.0], [0.378, 81876.0], [0.3781, 176642.0]], "timestamp": "2025-12-20T00:16:11.036965+00:00"}]