[{"id": "547343773", "price": 0.3763, "amount": 1.0, "side": "buy", "timestamp": 1766188807514}, {"id": "547343774", "price": 0.3762, "amount": 15.0, "side": "sell", "timestamp": 1766188807531}, {"id": "547343775", "price": 0.3762, "amount": 86.0, "side": "sell", "timestamp": 1766188807662}, {"id": "547343776", "price": 0.3762, "amount": 6857.0, "side": "sell", "timestamp": 1766188807772}, {"id": "547343777", "price": 0.3763, "amount": 13.0, "side": "buy", "timestamp": 1766188808220}, {"id": "547343778", "price": 0.3762, "amount": 13.0, "side": "sell", "timestamp": 1766188808443}, {"id": "547343779", "price": 0.3763, "amount": 4207.0, "side": "buy", "timestamp": 1766188808468}, {"id": "547343780", "price": 0.3762, "amount": 567.0, "side": "sell", "timestamp": 1766188808475}, {"id": "547343781", "price": 0.3763, "amount": 495.0, "side": "buy", "timestamp": 1766188808624}, {"id": "547343782", "price": 0.3763, "amount": 361.0, "side": "buy", "timestamp": 1766188808804}, {"id": "547343783", "price": 0.3762, "amount": 531.0, "side": "sell", "timestamp": 1766188808883}, {"id": "547343784", "price": 0.3762, "amount": 531.0, "side": "sell", "timestamp": 1766188809292}, {"id": "547343785", "price": 0.3763, "amount": 17.0, "side": "buy", "timestamp": 1766188809300}, {"id": "547343786", "price": 0.3763, "amount": 1539.0, "side": "buy", "timestamp": 1766188809530}, {"id": "547343787", "price": 0.3763, "amount": 63.0, "side": "buy", "timestamp": 1766188810261}, {"id": "547343788", "price": 0.3762, "amount": 106.0, "side": "sell", "timestamp": 1766188810398}, {"id": "547343789", "price": 0.3763, "amount": 182.0, "side": "buy", "timestamp": 1766188810452}, {"id": "547343790", "price": 0.3763, "amount": 2824.0, "side": "buy", "timestamp": 1766188810693}, {"id": "547343791", "price": 0.3763, "amount": 6742.0, "side": "buy", "timestamp": 1766188810819}, {"id": "547343792", "price": 0.3763, "amount": 34390.0, "side": "buy", "timestamp": 1766188810970}, {"id": "547343793", "price": 0.3764, "amount": 1836.0, "side": "buy", "timestamp": 1766188810973}, {"id": "547343794", "price": 0.3764, "amount": 6457.0, "side": "buy", "timestamp": 1766188811361}, {"id": "547343795", "price": 0.3764, "amount": 13073.0, "side": "buy", "timestamp": 1766188811524}, {"id": "547343796", "price": 0.3764, "amount": 80.0, "side": "sell", "timestamp": 1766188811675}, {"id": "547343797", "price": 0.3765, "amount": 2982.0, "side": "buy", "timestamp": 1766188811711}, {"id": "547343798", "price": 0.3765, "amount": 1705.0, "side": "buy", "timestamp": 1766188811837}, {"id": "547343799", "price": 0.3765, "amount": 414.0, "side": "buy", "timestamp": 1766188811992}, {"id": "547343800", "price": 0.3765, "amount": 1787.0, "side": "buy", "timestamp": 1766188812171}, {"id": "547343801", "price": 0.3764, "amount": 117.0, "side": "sell", "timestamp": 1766188812509}, {"id": "547343802", "price": 0.3765, "amount": 13.0, "side": "buy", "timestamp": 1766188812937}, {"id": "547343803", "price": 0.3765, "amount": 580.0, "side": "buy", "timestamp": 1766188813040}, {"id": "547343804", "price": 0.3765, "amount": 13234.0, "side": "buy", "timestamp": 1766188813187}, {"id": "547343805", "price": 0.3765, "amount": 264.0, "side": "sell", "timestamp": 1766188813296}, {"id": "547343806", "price": 0.3766, "amount": 3097.0, "side": "buy", "timestamp": 1766188813422}, {"id": "547343807", "price": 0.3765, "amount": 5723.0, "side": "sell", "timestamp": 1766188814138}, {"id": "547343808", "price": 0.3765, "amount": 440.0, "side": "buy", "timestamp": 1766188815626}, {"id": "547343809", "price": 0.3765, "amount": 1667.0, "side": "buy", "timestamp": 1766188816230}, {"id": "547343810", "price": 0.3765, "amount": 159.0, "side": "buy", "timestamp": 1766188816479}, {"id": "547343811", "price": 0.3765, "amount": 14.0, "side": "buy", "timestamp": 1766188816689}, {"id": "547343812", "price": 0.3764, "amount": 16559.0, "side": "sell", "timestamp": 1766188817003}, {"id": "547343813", "price": 0.3764, "amount": 179.0, "side": "buy", "timestamp": 1766188817040}, {"id": "547343814", "price": 0.3764, "amount": 92.0, "side": "buy", "timestamp": 1766188817294}, {"id": "547343815", "price": 0.3764, "amount": 867.0, "side": "buy", "timestamp": 1766188817404}, {"id": "547343816", "price": 0.3764, "amount": 8.0, "side": "buy", "timestamp": 1766188817520}, {"id": "547343817", "price": 0.3763, "amount": 115.0, "side": "sell", "timestamp": 1766188818291}, {"id": "547343818", "price": 0.3764, "amount": 3.0, "side": "buy", "timestamp": 1766188818618}, {"id": "547343819", "price": 0.3763, "amount": 161.0, "side": "sell", "timestamp": 1766188819652}, {"id": "547343820", "price": 0.3764, "amount": 18.0, "side": "buy", "timestamp": 1766188820299}, {"id": "547343821", "price": 0.3763, "amount": 15372.0, "side": "sell", "timestamp": 1766188821443}, {"id": "547343822", "price": 0.3763, "amount": 6.0, "side": "buy", "timestamp": 1766188822986}, {"id": "547343871", "price": 0.3763, "amount": 8.0, "side": "buy", "timestamp": 1766188855528}, {"id": "547343872", "price": 0.3763, "amount": 621.0, "side": "buy", "timestamp": 1766188856615}, {"id": "547343873", "price": 0.3763, "amount": 1.0, "side": "buy", "timestamp": 1766188856974}, {"id": "547343874", "price": 0.3762, "amount": 531.0, "side": "sell", "timestamp": 1766188857008}, {"id": "547343875", "price": 0.3763, "amount": 25.0, "side": "buy", "timestamp": 1766188857529}, {"id": "547343876", "price": 0.3763, "amount": 55.0, "side": "buy", "timestamp": 1766188858523}, {"id": "547343877", "price": 0.3762, "amount": 64.0, "side": "sell", "timestamp": 1766188859301}, {"id": "547343878", "price": 0.3762, "amount": 244.0, "side": "sell", "timestamp": 1766188859838}, {"id": "547343879", "price": 0.3762, "amount": 957.0, "side": "sell", "timestamp": 1766188860895}, {"id": "547343880", "price": 0.3763, "amount": 10.0, "side": "buy", "timestamp": 1766188861480}, {"id": "547343881", "price": 0.3763, "amount": 92.0, "side": "buy", "timestamp": 1766188862013}, {"id": "547343882", "price": 0.3763, "amount": 867.0, "side": "buy", "timestamp": 1766188862692}, {"id": "547343883", "price": 0.3763, "amount": 69129.0, "side": "buy", "timestamp": 1766188864333}, {"id": "547343884", "price": 0.3763, "amount": 932.0, "side": "sell", "timestamp": 1766188864525}, {"id": "547343885", "price": 0.3764, "amount": 54.0, "side": "buy", "timestamp": 1766188864562}, {"id": "547343886", "price": 0.3763, "amount": 450.0, "side": "sell", "timestamp": 1766188864580}, {"id": "547343887", "price": 0.3763, "amount": 109.0, "side": "buy", "timestamp": 1766188864700}, {"id": "547343888", "price": 0.3763, "amount": 21.0, "side": "buy", "timestamp": 1766188864825}, {"id": "547343889", "price": 0.3762, "amount": 23.0, "side": "sell", "timestamp": 1766188864891}, {"id": "547343890", "price": 0.3762, "amount": 50.0, "side": "sell", "timestamp": 1766188865348}, {"id": "547343891", "price": 0.3762, "amount": 50.0, "side": "sell", "timestamp": 1766188865551}, {"id": "547343892", "price": 0.3763, "amount": 7.0, "side": "buy", "timestamp": 1766188866571}, {"id": "547343893", "price": 0.3763, "amount": 134.0, "side": "buy", "timestamp": 1766188866776}, {"id": "547343894", "price": 0.3762, "amount": 54.0, "side": "sell", "timestamp": 1766188868166}, {"id": "547343895", "price": 0.3763, "amount": 15583.0, "side": "buy", "timestamp": 1766188868895}, {"id": "547343896", "price": 0.3762, "amount": 4825.0, "side": "sell", "timestamp": 1766188869275}, {"id": "547343897", "price": 0.3763, "amount": 8.0, "side": "buy", "timestamp": 1766188869487}, {"id": "547343898", "price": 0.3762, "amount": 2.0, "side": "sell", "timestamp": 1766188869918}, {"id": "547343899", "price": 0.3762, "amount": 353.0, "side": "sell", "timestamp": 1766188870226}, {"id": "547343900", "price": 0.3763, "amount": 184.0, "side": "buy", "timestamp": 1766188870459}, {"id": "547343901", "price": 0.3763, "amount": 961.0, "side": "buy", "timestamp": 1766188870766}, {"id": "547343902", "price": 0.3763, "amount": 126.0, "side": "buy", "timestamp": 1766188871241}, {"id": "547343903", "price": 0.3763, "amount": 8.0, "side": "buy", "timestamp": 1766188871644}, {"id": "547343904", "price": 0.3763, "amount": 16.0, "side": "buy", "timestamp": 1766188872065}, {"id": "547343905", "price": 0.3763, "amount": 7.0, "side": "buy", "timestamp": 1766188872194}, {"id": "547343906", "price": 0.3763, "amount": 146.0, "side": "buy", "timestamp": 1766188872559}, {"id": "547343907", "price": 0.3763, "amount": 131.0, "side": "buy", "timestamp": 1766188872710}, {"id": "547343908", "price": 0.3762, "amount": 30.0, "side": "sell", "timestamp": 1766188873244}, {"id": "547343909", "price": 0.3762, "amount": 164.0, "side": "sell", "timestamp": 1766188874312}, {"id": "547343910", "price": 0.3763, "amount": 71.0, "side": "buy", "timestamp": 1766188874888}, {"id": "547343911", "price": 0.3763, "amount": 47.0, "side": "buy", "timestamp": 1766188875357}, {"id": "547343912", "price": 0.3763, "amount": 402.0, "side": "buy", "timestamp": 1766188875539}, {"id": "547343913", "price": 0.3763, "amount": 597.0, "side": "buy", "timestamp": 1766188875654}, {"id": "547343914", "price": 0.3763, "amount": 720.0, "side": "buy", "timestamp": 1766188875877}, {"id": "547343915", "price": 0.3763, "amount": 402.0, "side": "buy", "timestamp": 1766188876673}, {"id": "547343916", "price": 0.3762, "amount": 180.0, "side": "sell", "timestamp": 1766188876758}, {"id": "547343917", "price": 0.3763, "amount": 2.0, "side": "buy", "timestamp": 1766188876942}, {"id": "547343918", "price": 0.3763, "amount": 102.0, "side": "buy", "timestamp": 1766188877059}, {"id": "547343919", "price": 0.3763, "amount": 67.0, "side": "buy", "timestamp": 1766188877267}, {"id": "547343920", "price": 0.3763, "amount": 868.0, "side": "buy", "timestamp": 1766188877712}, {"id": "547344038", "price": 0.376, "amount": 41.0, "side": "sell", "timestamp": 1766188933362}, {"id": "547344039", "price": 0.3761, "amount": 311.0, "side": "buy", "timestamp": 1766188933618}, {"id": "547344040", "price": 0.3761, "amount": 14.0, "side": "buy", "timestamp": 1766188933910}, {"id": "547344041", "price": 0.3761, "amount": 74.0, "side": "buy", "timestamp": 1766188935517}, {"id": "547344042", "price": 0.3761, "amount": 1063.0, "side": "buy", "timestamp": 1766188936484}, {"id": "547344043", "price": 0.376, "amount": 75.0, "side": "sell", "timestamp": 1766188936875}, {"id": "547344044", "price": 0.3761, "amount": 14.0, "side": "buy", "timestamp": 1766188937138}, {"id": "547344045", "price": 0.3761, "amount": 9.0, "side": "buy", "timestamp": 1766188938309}, {"id": "547344046", "price": 0.3761, "amount": 867.0, "side": "buy", "timestamp": 1766188938450}, {"id": "547344047", "price": 0.3761, "amount": 83.0, "side": "buy", "timestamp": 1766188938572}, {"id": "547344048", "price": 0.3761, "amount": 16.0, "side": "buy", "timestamp": 1766188938740}, {"id": "547344049", "price": 0.3761, "amount": 14.0, "side": "buy", "timestamp": 1766188939051}, {"id": "547344050", "price": 0.376, "amount": 112.0, "side": "sell", "timestamp": 1766188939431}, {"id": "547344051", "price": 0.3761, "amount": 16.0, "side": "buy", "timestamp": 1766188939746}, {"id": "547344052", "price": 0.376, "amount": 12998.0, "side": "sell", "timestamp": 1766188940345}, {"id": "547344053", "price": 0.376, "amount": 120.0, "side": "sell", "timestamp": 1766188941233}, {"id": "547344054", "price": 0.3761, "amount": 14.0, "side": "buy", "timestamp": 1766188941678}, {"id": "547344055", "price": 0.376, "amount": 5191.0, "side": "sell", "timestamp": 1766188942484}, {"id": "547344056", "price": 0.3759, "amount": 7287.0, "side": "sell", "timestamp": 1766188942499}, {"id": "547344057", "price": 0.376, "amount": 142.0, "side": "buy", "timestamp": 1766188942679}, {"id": "547344058", "price": 0.3759, "amount": 29567.0, "side": "sell", "timestamp": 1766188942821}, {"id": "547344059", "price": 0.3758, "amount": 7635.0, "side": "sell", "timestamp": 1766188942838}, {"id": "547344060", "price": 0.3759, "amount": 140.0, "side": "buy", "timestamp": 1766188942924}, {"id": "547344061", "price": 0.3758, "amount": 9434.0, "side": "sell", "timestamp": 1766188942937}, {"id": "547344062", "price": 0.3757, "amount": 11195.0, "side": "sell", "timestamp": 1766188942937}, {"id": "547344063", "price": 0.3758, "amount": 644.0, "side": "sell", "timestamp": 1766188942993}, {"id": "547344064", "price": 0.3757, "amount": 18302.0, "side": "sell", "timestamp": 1766188943335}, {"id": "547344065", "price": 0.3756, "amount": 1649.0, "side": "sell", "timestamp": 1766188943340}, {"id": "547344066", "price": 0.3757, "amount": 17358.0, "side": "buy", "timestamp": 1766188943409}, {"id": "547344067", "price": 0.3756, "amount": 27.0, "side": "sell", "timestamp": 1766188943450}, {"id": "547344068", "price": 0.3757, "amount": 118.0, "side": "buy", "timestamp": 1766188943601}, {"id": "547344069", "price": 0.3757, "amount": 71.0, "side": "buy", "timestamp": 1766188944159}, {"id": "547344070", "price": 0.3757, "amount": 1086.0, "side": "buy", "timestamp": 1766188944548}, {"id": "547344071", "price": 0.3757, "amount": 2104.0, "side": "buy", "timestamp": 1766188944660}, {"id": "547344072", "price": 0.3758, "amount": 300.0, "side": "buy", "timestamp": 1766188944899}, {"id": "547344073", "price": 0.3758, "amount": 15.0, "side": "buy", "timestamp": 1766188945049}, {"id": "547344074", "price": 0.3758, "amount": 15.0, "side": "buy", "timestamp": 1766188945248}, {"id": "547344075", "price": 0.3757, "amount": 1506.0, "side": "sell", "timestamp": 1766188946055}, {"id": "547344076", "price": 0.3756, "amount": 35953.0, "side": "sell", "timestamp": 1766188946200}, {"id": "547344077", "price": 0.3756, "amount": 18.0, "side": "buy", "timestamp": 1766188946219}, {"id": "547344078", "price": 0.3756, "amount": 233.0, "side": "buy", "timestamp": 1766188947052}, {"id": "547344079", "price": 0.3755, "amount": 8067.0, "side": "sell", "timestamp": 1766188947053}, {"id": "547344080", "price": 0.3756, "amount": 75.0, "side": "buy", "timestamp": 1766188947297}, {"id": "547344081", "price": 0.3756, "amount": 22.0, "side": "buy", "timestamp": 1766188947433}, {"id": "547344082", "price": 0.3755, "amount": 92.0, "side": "sell", "timestamp": 1766188947534}, {"id": "547344083", "price": 0.3755, "amount": 45044.0, "side": "sell", "timestamp": 1766188947796}, {"id": "547344084", "price": 0.3755, "amount": 23.0, "side": "buy", "timestamp": 1766188948186}, {"id": "547344085", "price": 0.3754, "amount": 2493.0, "side": "sell", "timestamp": 1766188948373}, {"id": "547344086", "price": 0.3755, "amount": 117.0, "side": "buy", "timestamp": 1766188948683}, {"id": "547344087", "price": 0.3755, "amount": 735.0, "side": "buy", "timestamp": 1766188948921}, {"id": "547344116", "price": 0.3757, "amount": 15.0, "side": "buy", "timestamp": 1766188964244}, {"id": "547344117", "price": 0.3757, "amount": 4437.0, "side": "buy", "timestamp": 1766188965509}, {"id": "547344118", "price": 0.3757, "amount": 36.0, "side": "buy", "timestamp": 1766188966150}, {"id": "547344119", "price": 0.3757, "amount": 13259.0, "side": "buy", "timestamp": 1766188966516}, {"id": "547344120", "price": 0.3757, "amount": 14758.0, "side": "buy", "timestamp": 1766188966656}, {"id": "547344121", "price": 0.3758, "amount": 62.0, "side": "buy", "timestamp": 1766188966730}, {"id": "547344122", "price": 0.3758, "amount": 867.0, "side": "buy", "timestamp": 1766188968486}, {"id": "547344123", "price": 0.3758, "amount": 90.0, "side": "buy", "timestamp": 1766188970471}, {"id": "547344124", "price": 0.3758, "amount": 92.0, "side": "buy", "timestamp": 1766188970910}, {"id": "547344125", "price": 0.3758, "amount": 7.0, "side": "buy", "timestamp": 1766188972401}, {"id": "547344126", "price": 0.3758, "amount": 119.0, "side": "buy", "timestamp": 1766188973467}, {"id": "547344127", "price": 0.3758, "amount": 584.0, "side": "buy", "timestamp": 1766188974116}, {"id": "547344128", "price": 0.3758, "amount": 15.0, "side": "buy", "timestamp": 1766188974707}, {"id": "547344129", "price": 0.3757, "amount": 12919.0, "side": "sell", "timestamp": 1766188975162}, {"id": "547344130", "price": 0.3757, "amount": 27.0, "side": "buy", "timestamp": 1766188976226}, {"id": "547344131", "price": 0.3757, "amount": 208.0, "side": "buy", "timestamp": 1766188976538}, {"id": "547344132", "price": 0.3758, "amount": 8.0, "side": "buy", "timestamp": 1766188976922}, {"id": "547344133", "price": 0.3758, "amount": 150.0, "side": "buy", "timestamp": 1766188977926}, {"id": "547344134", "price": 0.3757, "amount": 47.0, "side": "sell", "timestamp": 1766188977996}, {"id": "547344135", "price": 0.3758, "amount": 2.0, "side": "buy", "timestamp": 1766188978461}, {"id": "547344136", "price": 0.3758, "amount": 30.0, "side": "buy", "timestamp": 1766188978679}, {"id": "547344137", "price": 0.3757, "amount": 27.0, "side": "sell", "timestamp": 1766188980633}, {"id": "547344138", "price": 0.3757, "amount": 28.0, "side": "sell", "timestamp": 1766188981052}, {"id": "547344139", "price": 0.3758, "amount": 21939.0, "side": "buy", "timestamp": 1766188983199}, {"id": "547344140", "price": 0.3758, "amount": 183.0, "side": "sell", "timestamp": 1766188983738}, {"id": "547344141", "price": 0.3759, "amount": 908.0, "side": "buy", "timestamp": 1766188983780}, {"id": "547344142", "price": 0.3759, "amount": 40.0, "side": "buy", "timestamp": 1766188984494}, {"id": "547344143", "price": 0.3759, "amount": 9.0, "side": "buy", "timestamp": 1766188985393}, {"id": "547344144", "price": 0.3759, "amount": 21.0, "side": "buy", "timestamp": 1766188985707}, {"id": "547344145", "price": 0.3759, "amount": 52.0, "side": "buy", "timestamp": 1766188985860}, {"id": "547344146", "price": 0.3759, "amount": 7.0, "side": "buy", "timestamp": 1766188986405}, {"id": "547344147", "price": 0.3759, "amount": 14.0, "side": "buy", "timestamp": 1766188988679}, {"id": "547344148", "price": 0.3759, "amount": 10844.0, "side": "buy", "timestamp": 1766188988895}, {"id": "547344149", "price": 0.3759, "amount": 7709.0, "side": "buy", "timestamp": 1766188989893}, {"id": "547344150", "price": 0.3759, "amount": 1500.0, "side": "buy", "timestamp": 1766188990855}, {"id": "547344151", "price": 0.3759, "amount": 4.0, "side": "buy", "timestamp": 1766188990970}, {"id": "547344152", "price": 0.3759, "amount": 9.0, "side": "buy", "timestamp": 1766188992479}, {"id": "547344153", "price": 0.3759, "amount": 28072.0, "side": "buy", "timestamp": 1766188992734}, {"id": "547344154", "price": 0.3759, "amount": 30.0, "side": "buy", "timestamp": 1766188993189}, {"id": "547344155", "price": 0.3758, "amount": 66.0, "side": "sell", "timestamp": 1766188993752}, {"id": "547344156", "price": 0.3759, "amount": 1.0, "side": "buy", "timestamp": 1766188996804}, {"id": "547344157", "price": 0.3759, "amount": 54.0, "side": "buy", "timestamp": 1766188997498}, {"id": "547344158", "price": 0.3759, "amount": 24.0, "side": "buy", "timestamp": 1766188997750}, {"id": "547344159", "price": 0.3759, "amount": 943.0, "side": "buy", "timestamp": 1766188998876}, {"id": "547344160", "price": 0.3759, "amount": 184.0, "side": "buy", "timestamp": 1766188999151}, {"id": "547344161", "price": 0.3759, "amount": 307.0, "side": "buy", "timestamp": 1766188999413}, {"id": "547344162", "price": 0.3758, "amount": 326.0, "side": "sell", "timestamp": 1766188999423}, {"id": "547344163", "price": 0.3758, "amount": 272.0, "side": "sell", "timestamp": 1766189002309}, {"id": "547344164", "price": 0.3759, "amount": 1.0, "side": "buy", "timestamp": 1766189002685}, {"id": "547344165", "price": 0.3759, "amount": 1.0, "side": "buy", "timestamp": 1766189002871}, {"id": "547344184", "price": 0.376, "amount": 16.0, "side": "buy", "timestamp": 1766189025818}, {"id": "547344185", "price": 0.376, "amount": 2000.0, "side": "buy", "timestamp": 1766189026120}, {"id": "547344186", "price": 0.376, "amount": 20.0, "side": "buy", "timestamp": 1766189026344}, {"id": "547344187", "price": 0.376, "amount": 576.0, "side": "buy", "timestamp": 1766189027265}, {"id": "547344188", "price": 0.376, "amount": 4.0, "side": "buy", "timestamp": 1766189028858}, {"id": "547344189", "price": 0.376, "amount": 908.0, "side": "buy", "timestamp": 1766189029086}, {"id": "547344190", "price": 0.376, "amount": 1302.0, "side": "buy", "timestamp": 1766189029378}, {"id": "547344191", "price": 0.376, "amount": 83525.0, "side": "buy", "timestamp": 1766189029549}, {"id": "547344192", "price": 0.376, "amount": 18.0, "side": "sell", "timestamp": 1766189029607}, {"id": "547344193", "price": 0.3761, "amount": 704.0, "side": "buy", "timestamp": 1766189029879}, {"id": "547344194", "price": 0.3761, "amount": 23.0, "side": "buy", "timestamp": 1766189030932}, {"id": "547344195", "price": 0.3761, "amount": 150.0, "side": "buy", "timestamp": 1766189031796}, {"id": "547344196", "price": 0.3761, "amount": 8.0, "side": "buy", "timestamp": 1766189031955}, {"id": "547344197", "price": 0.3761, "amount": 6065.0, "side": "buy", "timestamp": 1766189033896}, {"id": "547344198", "price": 0.3761, "amount": 7.0, "side": "buy", "timestamp": 1766189035173}, {"id": "547344199", "price": 0.3761, "amount": 146.0, "side": "buy", "timestamp": 1766189035933}, {"id": "547344200", "price": 0.3761, "amount": 8.0, "side": "buy", "timestamp": 1766189037835}, {"id": "547344201", "price": 0.3761, "amount": 18.0, "side": "buy", "timestamp": 1766189038197}, {"id": "547344202", "price": 0.3761, "amount": 11801.0, "side": "buy", "timestamp": 1766189038895}, {"id": "547344203", "price": 0.3761, "amount": 6.0, "side": "buy", "timestamp": 1766189039456}, {"id": "547344204", "price": 0.3761, "amount": 48.0, "side": "buy", "timestamp": 1766189040722}, {"id": "547344205", "price": 0.3761, "amount": 27.0, "side": "buy", "timestamp": 1766189040939}, {"id": "547344206", "price": 0.3761, "amount": 54.0, "side": "buy", "timestamp": 1766189041081}, {"id": "547344207", "price": 0.3761, "amount": 620.0, "side": "buy", "timestamp": 1766189041845}, {"id": "547344208", "price": 0.3761, "amount": 145.0, "side": "buy", "timestamp": 1766189043587}, {"id": "547344209", "price": 0.3761, "amount": 1515.0, "side": "buy", "timestamp": 1766189043944}, {"id": "547344210", "price": 0.3761, "amount": 908.0, "side": "buy", "timestamp": 1766189044478}, {"id": "547344211", "price": 0.3761, "amount": 14.0, "side": "buy", "timestamp": 1766189044904}, {"id": "547344212", "price": 0.3761, "amount": 50.0, "side": "buy", "timestamp": 1766189045080}, {"id": "547344213", "price": 0.3761, "amount": 21.0, "side": "buy", "timestamp": 1766189045338}, {"id": "547344214", "price": 0.3761, "amount": 19.0, "side": "buy", "timestamp": 1766189045712}, {"id": "547344215", "price": 0.3761, "amount": 35.0, "side": "buy", "timestamp": 1766189046048}, {"id": "547344216", "price": 0.3761, "amount": 577.0, "side": "buy", "timestamp": 1766189047449}, {"id": "547344217", "price": 0.3761, "amount": 1.0, "side": "buy", "timestamp": 1766189047675}, {"id": "547344218", "price": 0.3761, "amount": 38.0, "side": "buy", "timestamp": 1766189048189}, {"id": "547344219", "price": 0.3761, "amount": 156.0, "side": "buy", "timestamp": 1766189048507}, {"id": "547344220", "price": 0.3761, "amount": 412.0, "side": "buy", "timestamp": 1766189049474}, {"id": "547344221", "price": 0.376, "amount": 72.0, "side": "sell", "timestamp": 1766189049814}, {"id": "547344222", "price": 0.376, "amount": 43.0, "side": "sell", "timestamp": 1766189049986}, {"id": "547344223", "price": 0.376, "amount": 21.0, "side": "sell", "timestamp": 1766189050096}, {"id": "547344224", "price": 0.376, "amount": 9571.0, "side": "sell", "timestamp": 1766189050502}, {"id": "547344225", "price": 0.3761, "amount": 25.0, "side": "buy", "timestamp": 1766189051146}, {"id": "547344226", "price": 0.376, "amount": 12345.0, "side": "sell", "timestamp": 1766189051481}, {"id": "547344227", "price": 0.3761, "amount": 15.0, "side": "buy", "timestamp": 1766189051483}, {"id": "547344228", "price": 0.376, "amount": 40222.0, "side": "sell", "timestamp": 1766189051486}, {"id": "547344229", "price": 0.376, "amount": 50.0, "side": "buy", "timestamp": 1766189051553}, {"id": "547344230", "price": 0.376, "amount": 51.0, "side": "buy", "timestamp": 1766189051732}, {"id": "547344231", "price": 0.376, "amount": 21.0, "side": "buy", "timestamp": 1766189051921}, {"id": "547344232", "price": 0.3759, "amount": 664.0, "side": "sell", "timestamp": 1766189053634}, {"id": "547344233", "price": 0.376, "amount": 43.0, "side": "buy", "timestamp": 1766189055265}, {"id": "547344266", "price": 0.376, "amount": 2.0, "side": "buy", "timestamp": 1766189083920}, {"id": "547344267", "price": 0.376, "amount": 1374.0, "side": "buy", "timestamp": 1766189084933}, {"id": "547344268", "price": 0.376, "amount": 8.0, "side": "buy", "timestamp": 1766189087955}, {"id": "547344269", "price": 0.376, "amount": 134.0, "side": "buy", "timestamp": 1766189088840}, {"id": "547344270", "price": 0.376, "amount": 908.0, "side": "buy", "timestamp": 1766189089749}, {"id": "547344271", "price": 0.376, "amount": 5574.0, "side": "buy", "timestamp": 1766189089892}, {"id": "547344272", "price": 0.3759, "amount": 262.0, "side": "sell", "timestamp": 1766189092405}, {"id": "547344273", "price": 0.3759, "amount": 14.0, "side": "sell", "timestamp": 1766189092913}, {"id": "547344274", "price": 0.376, "amount": 5.0, "side": "buy", "timestamp": 1766189093970}, {"id": "547344275", "price": 0.376, "amount": 73.0, "side": "buy", "timestamp": 1766189094270}, {"id": "547344276", "price": 0.376, "amount": 14.0, "side": "buy", "timestamp": 1766189094426}, {"id": "547344277", "price": 0.376, "amount": 88.0, "side": "buy", "timestamp": 1766189094964}, {"id": "547344278", "price": 0.3759, "amount": 85.0, "side": "sell", "timestamp": 1766189097249}, {"id": "547344279", "price": 0.376, "amount": 2218.0, "side": "buy", "timestamp": 1766189098063}, {"id": "547344280", "price": 0.376, "amount": 5.0, "side": "buy", "timestamp": 1766189098345}, {"id": "547344281", "price": 0.3759, "amount": 54280.0, "side": "sell", "timestamp": 1766189099868}, {"id": "547344282", "price": 0.3759, "amount": 1.0, "side": "buy", "timestamp": 1766189099922}, {"id": "547344283", "price": 0.3758, "amount": 36.0, "side": "sell", "timestamp": 1766189100339}, {"id": "547344284", "price": 0.3759, "amount": 2843.0, "side": "buy", "timestamp": 1766189100386}, {"id": "547344285", "price": 0.3758, "amount": 584.0, "side": "sell", "timestamp": 1766189100765}, {"id": "547344286", "price": 0.3759, "amount": 212.0, "side": "buy", "timestamp": 1766189101262}, {"id": "547344287", "price": 0.3758, "amount": 14.0, "side": "sell", "timestamp": 1766189101450}, {"id": "547344288", "price": 0.3758, "amount": 270.0, "side": "sell", "timestamp": 1766189102153}, {"id": "547344289", "price": 0.3759, "amount": 108.0, "side": "buy", "timestamp": 1766189102813}, {"id": "547344290", "price": 0.3758, "amount": 29.0, "side": "sell", "timestamp": 1766189104552}, {"id": "547344291", "price": 0.3759, "amount": 1224.0, "side": "buy", "timestamp": 1766189104715}, {"id": "547344292", "price": 0.3759, "amount": 16.0, "side": "buy", "timestamp": 1766189104913}, {"id": "547344293", "price": 0.3759, "amount": 33.0, "side": "buy", "timestamp": 1766189105187}, {"id": "547344294", "price": 0.3759, "amount": 20.0, "side": "buy", "timestamp": 1766189105714}, {"id": "547344295", "price": 0.3759, "amount": 40.0, "side": "buy", "timestamp": 1766189106050}, {"id": "547344296", "price": 0.3758, "amount": 430.0, "side": "sell", "timestamp": 1766189106580}, {"id": "547344297", "price": 0.3759, "amount": 8512.0, "side": "buy", "timestamp": 1766189106691}, {"id": "547344298", "price": 0.376, "amount": 488.0, "side": "buy", "timestamp": 1766189106967}, {"id": "547344299", "price": 0.3759, "amount": 22.0, "side": "sell", "timestamp": 1766189107688}, {"id": "547344300", "price": 0.376, "amount": 28.0, "side": "buy", "timestamp": 1766189107692}, {"id": "547344301", "price": 0.3759, "amount": 205.0, "side": "sell", "timestamp": 1766189109039}, {"id": "547344302", "price": 0.376, "amount": 6.0, "side": "buy", "timestamp": 1766189110163}, {"id": "547344303", "price": 0.376, "amount": 130.0, "side": "buy", "timestamp": 1766189110621}, {"id": "547344304", "price": 0.376, "amount": 5.0, "side": "buy", "timestamp": 1766189112489}, {"id": "547344305", "price": 0.376, "amount": 599.0, "side": "buy", "timestamp": 1766189113740}, {"id": "547344306", "price": 0.376, "amount": 1.0, "side": "buy", "timestamp": 1766189114443}, {"id": "547344307", "price": 0.376, "amount": 1.0, "side": "buy", "timestamp": 1766189118105}, {"id": "547344308", "price": 0.376, "amount": 2.0, "side": "buy", "timestamp": 1766189118270}, {"id": "547344309", "price": 0.3759, "amount": 26507.0, "side": "sell", "timestamp": 1766189118748}, {"id": "547344310", "price": 0.3759, "amount": 489.0, "side": "buy", "timestamp": 1766189118967}, {"id": "547344311", "price": 0.3759, "amount": 276.0, "side": "buy", "timestamp": 1766189119712}, {"id": "547344312", "price": 0.3759, "amount": 1202.0, "side": "buy", "timestamp": 1766189119823}, {"id": "547344313", "price": 0.3759, "amount": 137.0, "side": "buy", "timestamp": 1766189120050}, {"id": "547344314", "price": 0.3759, "amount": 301.0, "side": "buy", "timestamp": 1766189120203}, {"id": "547344315", "price": 0.3759, "amount": 185.0, "side": "buy", "timestamp": 1766189120834}, {"id": "547344336", "price": 0.3759, "amount": 19.0, "side": "sell", "timestamp": 1766189139943}, {"id": "547344337", "price": 0.3759, "amount": 327.0, "side": "sell", "timestamp": 1766189141821}, {"id": "547344338", "price": 0.376, "amount": 75227.0, "side": "buy", "timestamp": 1766189142277}, {"id": "547344339", "price": 0.376, "amount": 2878.0, "side": "sell", "timestamp": 1766189143152}, {"id": "547344340", "price": 0.3761, "amount": 491.0, "side": "buy", "timestamp": 1766189143396}, {"id": "547344341", "price": 0.3761, "amount": 603.0, "side": "buy", "timestamp": 1766189144431}, {"id": "547344342", "price": 0.3761, "amount": 286.0, "side": "buy", "timestamp": 1766189146022}, {"id": "547344343", "price": 0.3761, "amount": 371.0, "side": "buy", "timestamp": 1766189146512}, {"id": "547344344", "price": 0.376, "amount": 327.0, "side": "sell", "timestamp": 1766189147052}, {"id": "547344345", "price": 0.3761, "amount": 37.0, "side": "buy", "timestamp": 1766189147760}, {"id": "547344346", "price": 0.3761, "amount": 3.0, "side": "buy", "timestamp": 1766189149472}, {"id": "547344347", "price": 0.376, "amount": 15654.0, "side": "sell", "timestamp": 1766189149519}, {"id": "547344348", "price": 0.376, "amount": 668.0, "side": "buy", "timestamp": 1766189150101}, {"id": "547344349", "price": 0.376, "amount": 531.0, "side": "buy", "timestamp": 1766189150487}, {"id": "547344350", "price": 0.3759, "amount": 2484.0, "side": "sell", "timestamp": 1766189151506}, {"id": "547344351", "price": 0.376, "amount": 8.0, "side": "buy", "timestamp": 1766189152965}, {"id": "547344352", "price": 0.3759, "amount": 19503.0, "side": "sell", "timestamp": 1766189153140}, {"id": "547344353", "price": 0.3759, "amount": 488.0, "side": "buy", "timestamp": 1766189155398}, {"id": "547344354", "price": 0.3758, "amount": 74.0, "side": "sell", "timestamp": 1766189157852}, {"id": "547344355", "price": 0.3759, "amount": 103.0, "side": "buy", "timestamp": 1766189158608}, {"id": "547344356", "price": 0.3759, "amount": 131.0, "side": "buy", "timestamp": 1766189158728}, {"id": "547344357", "price": 0.3759, "amount": 2.0, "side": "buy", "timestamp": 1766189158926}, {"id": "547344358", "price": 0.3759, "amount": 16.0, "side": "buy", "timestamp": 1766189159209}, {"id": "547344359", "price": 0.3759, "amount": 32.0, "side": "buy", "timestamp": 1766189159664}, {"id": "547344360", "price": 0.3759, "amount": 25.0, "side": "buy", "timestamp": 1766189159963}, {"id": "547344361", "price": 0.3759, "amount": 2.0, "side": "buy", "timestamp": 1766189160131}, {"id": "547344362", "price": 0.3758, "amount": 58.0, "side": "sell", "timestamp": 1766189161459}, {"id": "547344363", "price": 0.3759, "amount": 83.0, "side": "buy", "timestamp": 1766189161754}, {"id": "547344364", "price": 0.3758, "amount": 27.0, "side": "sell", "timestamp": 1766189162884}, {"id": "547344365", "price": 0.3759, "amount": 13301.0, "side": "buy", "timestamp": 1766189162944}, {"id": "547344366", "price": 0.3759, "amount": 20.0, "side": "buy", "timestamp": 1766189164717}, {"id": "547344367", "price": 0.3759, "amount": 15.0, "side": "buy", "timestamp": 1766189164910}, {"id": "547344368", "price": 0.3759, "amount": 22.0, "side": "buy", "timestamp": 1766189165137}, {"id": "547344369", "price": 0.3759, "amount": 19.0, "side": "buy", "timestamp": 1766189166119}, {"id": "547344370", "price": 0.3759, "amount": 37.0, "side": "buy", "timestamp": 1766189166245}, {"id": "547344371", "price": 0.3758, "amount": 336.0, "side": "sell", "timestamp": 1766189166311}, {"id": "547344372", "price": 0.3759, "amount": 488.0, "side": "buy", "timestamp": 1766189166431}, {"id": "547344373", "price": 0.3759, "amount": 8.0, "side": "buy", "timestamp": 1766189167507}, {"id": "547344374", "price": 0.3759, "amount": 370.0, "side": "buy", "timestamp": 1766189167991}, {"id": "547344375", "price": 0.3759, "amount": 9.0, "side": "buy", "timestamp": 1766189168487}, {"id": "547344376", "price": 0.3759, "amount": 604.0, "side": "buy", "timestamp": 1766189169460}, {"id": "547344377", "price": 0.3758, "amount": 28.0, "side": "sell", "timestamp": 1766189169572}, {"id": "547344378", "price": 0.3758, "amount": 95.0, "side": "sell", "timestamp": 1766189169904}, {"id": "547344379", "price": 0.3758, "amount": 20.0, "side": "sell", "timestamp": 1766189170069}, {"id": "547344380", "price": 0.3759, "amount": 40.0, "side": "buy", "timestamp": 1766189170665}, {"id": "547344381", "price": 0.3759, "amount": 30.0, "side": "buy", "timestamp": 1766189171451}, {"id": "547344382", "price": 0.3758, "amount": 20.0, "side": "sell", "timestamp": 1766189172352}, {"id": "547344383", "price": 0.3758, "amount": 15039.0, "side": "sell", "timestamp": 1766189172719}, {"id": "547344384", "price": 0.3758, "amount": 762.0, "side": "sell", "timestamp": 1766189172994}, {"id": "547344385", "price": 0.3758, "amount": 577.0, "side": "buy", "timestamp": 1766189174110}, {"id": "547344411", "price": 0.3759, "amount": 17.0, "side": "buy", "timestamp": 1766189198325}, {"id": "547344412", "price": 0.3759, "amount": 134.0, "side": "buy", "timestamp": 1766189199766}, {"id": "547344413", "price": 0.3759, "amount": 2.0, "side": "buy", "timestamp": 1766189200070}, {"id": "547344414", "price": 0.3758, "amount": 16.0, "side": "sell", "timestamp": 1766189201433}, {"id": "547344415", "price": 0.3759, "amount": 211.0, "side": "buy", "timestamp": 1766189202250}, {"id": "547344416", "price": 0.3759, "amount": 488.0, "side": "buy", "timestamp": 1766189202462}, {"id": "547344417", "price": 0.3759, "amount": 2.0, "side": "buy", "timestamp": 1766189202794}, {"id": "547344418", "price": 0.3758, "amount": 8964.0, "side": "sell", "timestamp": 1766189203370}, {"id": "547344419", "price": 0.3759, "amount": 286.0, "side": "buy", "timestamp": 1766189203654}, {"id": "547344420", "price": 0.3759, "amount": 1.0, "side": "buy", "timestamp": 1766189203763}, {"id": "547344421", "price": 0.3759, "amount": 52.0, "side": "buy", "timestamp": 1766189203910}, {"id": "547344422", "price": 0.3759, "amount": 198.0, "side": "buy", "timestamp": 1766189204706}, {"id": "547344423", "price": 0.3758, "amount": 288.0, "side": "sell", "timestamp": 1766189204816}, {"id": "547344424", "price": 0.3759, "amount": 195.0, "side": "buy", "timestamp": 1766189204817}, {"id": "547344425", "price": 0.3758, "amount": 16.0, "side": "sell", "timestamp": 1766189204868}, {"id": "547344426", "price": 0.3759, "amount": 1.0, "side": "buy", "timestamp": 1766189204975}, {"id": "547344427", "price": 0.3758, "amount": 26.0, "side": "sell", "timestamp": 1766189205313}, {"id": "547344428", "price": 0.3758, "amount": 8831.0, "side": "sell", "timestamp": 1766189205420}, {"id": "547344429", "price": 0.3757, "amount": 50.0, "side": "sell", "timestamp": 1766189206040}, {"id": "547344430", "price": 0.3757, "amount": 269.0, "side": "sell", "timestamp": 1766189206300}, {"id": "547344431", "price": 0.3757, "amount": 27.0, "side": "sell", "timestamp": 1766189206648}, {"id": "547344432", "price": 0.3758, "amount": 66.0, "side": "buy", "timestamp": 1766189206827}, {"id": "547344433", "price": 0.3757, "amount": 185.0, "side": "sell", "timestamp": 1766189207116}, {"id": "547344434", "price": 0.3757, "amount": 97.0, "side": "sell", "timestamp": 1766189208161}, {"id": "547344435", "price": 0.3757, "amount": 22608.0, "side": "sell", "timestamp": 1766189208368}, {"id": "547344436", "price": 0.3756, "amount": 65.0, "side": "sell", "timestamp": 1766189208982}, {"id": "547344437", "price": 0.3757, "amount": 2.0, "side": "buy", "timestamp": 1766189209434}, {"id": "547344438", "price": 0.3757, "amount": 5.0, "side": "buy", "timestamp": 1766189213053}, {"id": "547344439", "price": 0.3756, "amount": 163.0, "side": "sell", "timestamp": 1766189213816}, {"id": "547344440", "price": 0.3757, "amount": 4.0, "side": "buy", "timestamp": 1766189214042}, {"id": "547344441", "price": 0.3757, "amount": 27.0, "side": "buy", "timestamp": 1766189214343}, {"id": "547344442", "price": 0.3757, "amount": 488.0, "side": "buy", "timestamp": 1766189214462}, {"id": "547344443", "price": 0.3757, "amount": 289.0, "side": "buy", "timestamp": 1766189214782}, {"id": "547344444", "price": 0.3757, "amount": 3.0, "side": "buy", "timestamp": 1766189215471}, {"id": "547344445", "price": 0.3757, "amount": 4.0, "side": "buy", "timestamp": 1766189219459}, {"id": "547344446", "price": 0.3757, "amount": 15.0, "side": "buy", "timestamp": 1766189219887}, {"id": "547344447", "price": 0.3757, "amount": 5.0, "side": "buy", "timestamp": 1766189220242}, {"id": "547344448", "price": 0.3757, "amount": 4.0, "side": "buy", "timestamp": 1766189221119}, {"id": "547344449", "price": 0.3756, "amount": 75.0, "side": "sell", "timestamp": 1766189221210}, {"id": "547344450", "price": 0.3757, "amount": 1.0, "side": "buy", "timestamp": 1766189221255}, {"id": "547344451", "price": 0.3756, "amount": 4581.0, "side": "sell", "timestamp": 1766189221571}, {"id": "547344452", "price": 0.3756, "amount": 65.0, "side": "sell", "timestamp": 1766189221835}, {"id": "547344453", "price": 0.3756, "amount": 54.0, "side": "sell", "timestamp": 1766189223640}, {"id": "547344454", "price": 0.3757, "amount": 17.0, "side": "buy", "timestamp": 1766189224264}, {"id": "547344455", "price": 0.3757, "amount": 55.0, "side": "buy", "timestamp": 1766189224645}, {"id": "547344456", "price": 0.3757, "amount": 49.0, "side": "buy", "timestamp": 1766189224977}, {"id": "547344457", "price": 0.3757, "amount": 19.0, "side": "buy", "timestamp": 1766189225735}, {"id": "547344458", "price": 0.3757, "amount": 14.0, "side": "buy", "timestamp": 1766189225939}, {"id": "547344459", "price": 0.3757, "amount": 488.0, "side": "buy", "timestamp": 1766189226560}, {"id": "547344460", "price": 0.3756, "amount": 2337.0, "side": "sell", "timestamp": 1766189226618}, {"id": "547344499", "price": 0.3754, "amount": 11634.0, "side": "sell", "timestamp": 1766189256811}, {"id": "547344500", "price": 0.3755, "amount": 532.0, "side": "buy", "timestamp": 1766189257046}, {"id": "547344501", "price": 0.3754, "amount": 3709.0, "side": "sell", "timestamp": 1766189257053}, {"id": "547344502", "price": 0.3753, "amount": 170.0, "side": "sell", "timestamp": 1766189257168}, {"id": "547344503", "price": 0.3754, "amount": 398.0, "side": "buy", "timestamp": 1766189257276}, {"id": "547344504", "price": 0.3753, "amount": 172.0, "side": "sell", "timestamp": 1766189258145}, {"id": "547344505", "price": 0.3753, "amount": 273.0, "side": "sell", "timestamp": 1766189258577}, {"id": "547344506", "price": 0.3754, "amount": 4.0, "side": "buy", "timestamp": 1766189258584}, {"id": "547344507", "price": 0.3754, "amount": 4.0, "side": "buy", "timestamp": 1766189258860}, {"id": "547344508", "price": 0.3754, "amount": 21.0, "side": "buy", "timestamp": 1766189259046}, {"id": "547344509", "price": 0.3753, "amount": 171.0, "side": "sell", "timestamp": 1766189259101}, {"id": "547344510", "price": 0.3754, "amount": 1181.0, "side": "buy", "timestamp": 1766189259560}, {"id": "547344511", "price": 0.3754, "amount": 205.0, "side": "buy", "timestamp": 1766189259730}, {"id": "547344512", "price": 0.3753, "amount": 171.0, "side": "sell", "timestamp": 1766189260185}, {"id": "547344513", "price": 0.3753, "amount": 170.0, "side": "sell", "timestamp": 1766189261118}, {"id": "547344514", "price": 0.3753, "amount": 169.0, "side": "sell", "timestamp": 1766189262162}, {"id": "547344515", "price": 0.3754, "amount": 488.0, "side": "buy", "timestamp": 1766189262588}, {"id": "547344516", "price": 0.3753, "amount": 168.0, "side": "sell", "timestamp": 1766189263198}, {"id": "547344517", "price": 0.3753, "amount": 126.0, "side": "sell", "timestamp": 1766189264490}, {"id": "547344518", "price": 0.3754, "amount": 2.0, "side": "buy", "timestamp": 1766189264850}, {"id": "547344519", "price": 0.3754, "amount": 1.0, "side": "buy", "timestamp": 1766189265534}, {"id": "547344520", "price": 0.3754, "amount": 4.0, "side": "buy", "timestamp": 1766189265772}, {"id": "547344521", "price": 0.3753, "amount": 16732.0, "side": "sell", "timestamp": 1766189267097}, {"id": "547344522", "price": 0.3752, "amount": 2630.0, "side": "sell", "timestamp": 1766189267098}, {"id": "547344523", "price": 0.3753, "amount": 935.0, "side": "buy", "timestamp": 1766189267239}, {"id": "547344524", "price": 0.3753, "amount": 11579.0, "side": "buy", "timestamp": 1766189267346}, {"id": "547344525", "price": 0.3753, "amount": 6257.0, "side": "buy", "timestamp": 1766189267520}, {"id": "547344526", "price": 0.3752, "amount": 33.0, "side": "sell", "timestamp": 1766189267625}, {"id": "547344527", "price": 0.3753, "amount": 39.0, "side": "buy", "timestamp": 1766189267628}, {"id": "547344528", "price": 0.3752, "amount": 29817.0, "side": "sell", "timestamp": 1766189267822}, {"id": "547344529", "price": 0.3753, "amount": 387.0, "side": "buy", "timestamp": 1766189268154}, {"id": "547344530", "price": 0.3753, "amount": 714.0, "side": "buy", "timestamp": 1766189268593}, {"id": "547344531", "price": 0.3753, "amount": 14.0, "side": "buy", "timestamp": 1766189268718}, {"id": "547344532", "price": 0.3752, "amount": 4581.0, "side": "sell", "timestamp": 1766189269585}, {"id": "547344533", "price": 0.3753, "amount": 3.0, "side": "buy", "timestamp": 1766189270054}, {"id": "547344534", "price": 0.3753, "amount": 6527.0, "side": "buy", "timestamp": 1766189270522}, {"id": "547344535", "price": 0.3754, "amount": 880.0, "side": "buy", "timestamp": 1766189271763}, {"id": "547344536", "price": 0.3753, "amount": 111.0, "side": "sell", "timestamp": 1766189273295}, {"id": "547344537", "price": 0.3753, "amount": 77.0, "side": "sell", "timestamp": 1766189277137}, {"id": "547344538", "price": 0.3754, "amount": 488.0, "side": "buy", "timestamp": 1766189277591}, {"id": "547344539", "price": 0.3754, "amount": 2218.0, "side": "buy", "timestamp": 1766189278271}, {"id": "547344540", "price": 0.3754, "amount": 90.0, "side": "buy", "timestamp": 1766189278406}, {"id": "547344541", "price": 0.3754, "amount": 79710.0, "side": "buy", "timestamp": 1766189278628}, {"id": "547344542", "price": 0.3755, "amount": 20863.0, "side": "buy", "timestamp": 1766189278725}, {"id": "547344543", "price": 0.3756, "amount": 1200.0, "side": "buy", "timestamp": 1766189278773}, {"id": "547344544", "price": 0.3755, "amount": 85.0, "side": "sell", "timestamp": 1766189278783}, {"id": "547344545", "price": 0.3756, "amount": 248.0, "side": "buy", "timestamp": 1766189279228}, {"id": "547344546", "price": 0.3755, "amount": 229.0, "side": "sell", "timestamp": 1766189279333}, {"id": "547344547", "price": 0.3756, "amount": 27.0, "side": "buy", "timestamp": 1766189279479}, {"id": "547344548", "price": 0.3755, "amount": 128.0, "side": "sell", "timestamp": 1766189279766}, {"id": "547344564", "price": 0.3754, "amount": 15.0, "side": "sell", "timestamp": 1766189288866}, {"id": "547344565", "price": 0.3755, "amount": 370.0, "side": "buy", "timestamp": 1766189289083}, {"id": "547344566", "price": 0.3755, "amount": 603.0, "side": "buy", "timestamp": 1766189289372}, {"id": "547344567", "price": 0.3755, "amount": 488.0, "side": "buy", "timestamp": 1766189289594}, {"id": "547344568", "price": 0.3754, "amount": 104.0, "side": "sell", "timestamp": 1766189289736}, {"id": "547344569", "price": 0.3754, "amount": 17.0, "side": "sell", "timestamp": 1766189289959}, {"id": "547344570", "price": 0.3755, "amount": 35.0, "side": "buy", "timestamp": 1766189290534}, {"id": "547344571", "price": 0.3754, "amount": 60.0, "side": "sell", "timestamp": 1766189290656}, {"id": "547344572", "price": 0.3755, "amount": 528.0, "side": "buy", "timestamp": 1766189291561}, {"id": "547344573", "price": 0.3754, "amount": 2664.0, "side": "sell", "timestamp": 1766189293045}, {"id": "547344574", "price": 0.3754, "amount": 100.0, "side": "sell", "timestamp": 1766189295646}, {"id": "547344575", "price": 0.3755, "amount": 28.0, "side": "buy", "timestamp": 1766189295964}, {"id": "547344576", "price": 0.3755, "amount": 50.0, "side": "buy", "timestamp": 1766189296541}, {"id": "547344577", "price": 0.3755, "amount": 40.0, "side": "buy", "timestamp": 1766189297110}, {"id": "547344578", "price": 0.3754, "amount": 4582.0, "side": "sell", "timestamp": 1766189299259}, {"id": "547344579", "price": 0.3755, "amount": 4.0, "side": "buy", "timestamp": 1766189300532}, {"id": "547344580", "price": 0.3755, "amount": 488.0, "side": "buy", "timestamp": 1766189301595}, {"id": "547344581", "price": 0.3755, "amount": 32.0, "side": "buy", "timestamp": 1766189303658}, {"id": "547344582", "price": 0.3755, "amount": 9.0, "side": "buy", "timestamp": 1766189304117}, {"id": "547344583", "price": 0.3755, "amount": 796.0, "side": "buy", "timestamp": 1766189304838}, {"id": "547344584", "price": 0.3755, "amount": 9.0, "side": "buy", "timestamp": 1766189305332}, {"id": "547344585", "price": 0.3755, "amount": 15.0, "side": "buy", "timestamp": 1766189305969}, {"id": "547344586", "price": 0.3755, "amount": 8.0, "side": "buy", "timestamp": 1766189306082}, {"id": "547344587", "price": 0.3754, "amount": 17810.0, "side": "sell", "timestamp": 1766189306652}, {"id": "547344588", "price": 0.3754, "amount": 13.0, "side": "buy", "timestamp": 1766189308482}, {"id": "547344589", "price": 0.3754, "amount": 561.0, "side": "buy", "timestamp": 1766189308586}, {"id": "547344590", "price": 0.3754, "amount": 3.0, "side": "buy", "timestamp": 1766189309041}, {"id": "547344591", "price": 0.3753, "amount": 1367.0, "side": "sell", "timestamp": 1766189309065}, {"id": "547344592", "price": 0.3754, "amount": 7514.0, "side": "buy", "timestamp": 1766189310154}, {"id": "547344593", "price": 0.3754, "amount": 1156.0, "side": "sell", "timestamp": 1766189310160}, {"id": "547344594", "price": 0.3755, "amount": 10.0, "side": "buy", "timestamp": 1766189311496}, {"id": "547344595", "price": 0.3755, "amount": 488.0, "side": "buy", "timestamp": 1766189313599}, {"id": "547344596", "price": 0.3755, "amount": 4.0, "side": "buy", "timestamp": 1766189314101}, {"id": "547344597", "price": 0.3755, "amount": 24165.0, "side": "buy", "timestamp": 1766189316915}, {"id": "547344598", "price": 0.3756, "amount": 4.0, "side": "buy", "timestamp": 1766189319409}, {"id": "547344599", "price": 0.3755, "amount": 67.0, "side": "sell", "timestamp": 1766189320875}, {"id": "547344600", "price": 0.3756, "amount": 3.0, "side": "buy", "timestamp": 1766189321346}, {"id": "547344601", "price": 0.3756, "amount": 566.0, "side": "buy", "timestamp": 1766189321513}, {"id": "547344602", "price": 0.3756, "amount": 377.0, "side": "buy", "timestamp": 1766189323858}, {"id": "547344603", "price": 0.3755, "amount": 500.0, "side": "sell", "timestamp": 1766189324076}, {"id": "547344604", "price": 0.3756, "amount": 5.0, "side": "buy", "timestamp": 1766189324259}, {"id": "547344605", "price": 0.3756, "amount": 602.0, "side": "buy", "timestamp": 1766189324887}, {"id": "547344606", "price": 0.3756, "amount": 774.0, "side": "buy", "timestamp": 1766189325628}, {"id": "547344607", "price": 0.3756, "amount": 1.0, "side": "buy", "timestamp": 1766189326031}, {"id": "547344608", "price": 0.3756, "amount": 370.0, "side": "buy", "timestamp": 1766189326625}, {"id": "547344609", "price": 0.3756, "amount": 796.0, "side": "buy", "timestamp": 1766189330114}, {"id": "547344610", "price": 0.3755, "amount": 11126.0, "side": "sell", "timestamp": 1766189330418}, {"id": "547344611", "price": 0.3754, "amount": 893.0, "side": "sell", "timestamp": 1766189330486}, {"id": "547344612", "price": 0.3755, "amount": 3.0, "side": "buy", "timestamp": 1766189330886}, {"id": "547344613", "price": 0.3754, "amount": 1220.0, "side": "sell", "timestamp": 1766189332343}, {"id": "547344637", "price": 0.3755, "amount": 44.0, "side": "sell", "timestamp": 1766189350007}, {"id": "547344638", "price": 0.3756, "amount": 4.0, "side": "buy", "timestamp": 1766189350359}, {"id": "547344639", "price": 0.3756, "amount": 4.0, "side": "buy", "timestamp": 1766189351357}, {"id": "547344640", "price": 0.3755, "amount": 460.0, "side": "sell", "timestamp": 1766189351371}, {"id": "547344641", "price": 0.3756, "amount": 17.0, "side": "buy", "timestamp": 1766189351963}, {"id": "547344642", "price": 0.3755, "amount": 21119.0, "side": "sell", "timestamp": 1766189352378}, {"id": "547344643", "price": 0.3755, "amount": 574.0, "side": "buy", "timestamp": 1766189352393}, {"id": "547344644", "price": 0.3754, "amount": 24.0, "side": "sell", "timestamp": 1766189352621}, {"id": "547344645", "price": 0.3755, "amount": 4.0, "side": "buy", "timestamp": 1766189353646}, {"id": "547344646", "price": 0.3755, "amount": 14.0, "side": "buy", "timestamp": 1766189353910}, {"id": "547344647", "price": 0.3755, "amount": 3.0, "side": "buy", "timestamp": 1766189355576}, {"id": "547344648", "price": 0.3755, "amount": 8.0, "side": "buy", "timestamp": 1766189356832}, {"id": "547344649", "price": 0.3755, "amount": 5.0, "side": "buy", "timestamp": 1766189357013}, {"id": "547344650", "price": 0.3754, "amount": 36124.0, "side": "sell", "timestamp": 1766189357754}, {"id": "547344651", "price": 0.3753, "amount": 33044.0, "side": "sell", "timestamp": 1766189359148}, {"id": "547344652", "price": 0.3753, "amount": 2230.0, "side": "sell", "timestamp": 1766189359291}, {"id": "547344653", "price": 0.3754, "amount": 1.0, "side": "buy", "timestamp": 1766189359298}, {"id": "547344654", "price": 0.3754, "amount": 3.0, "side": "buy", "timestamp": 1766189360490}, {"id": "547344655", "price": 0.3753, "amount": 274.0, "side": "sell", "timestamp": 1766189361170}, {"id": "547344656", "price": 0.3754, "amount": 1.0, "side": "buy", "timestamp": 1766189361411}, {"id": "547344657", "price": 0.3754, "amount": 348.0, "side": "buy", "timestamp": 1766189361651}, {"id": "547344658", "price": 0.3753, "amount": 139.0, "side": "sell", "timestamp": 1766189361669}, {"id": "547344659", "price": 0.3754, "amount": 1.0, "side": "buy", "timestamp": 1766189364457}, {"id": "547344660", "price": 0.3753, "amount": 645.0, "side": "sell", "timestamp": 1766189364817}, {"id": "547344661", "price": 0.3754, "amount": 37.0, "side": "buy", "timestamp": 1766189366202}, {"id": "547344662", "price": 0.3754, "amount": 1.0, "side": "buy", "timestamp": 1766189366693}, {"id": "547344663", "price": 0.3754, "amount": 14.0, "side": "buy", "timestamp": 1766189368053}, {"id": "547344664", "price": 0.3754, "amount": 2551.0, "side": "buy", "timestamp": 1766189368312}, {"id": "547344665", "price": 0.3754, "amount": 5.0, "side": "buy", "timestamp": 1766189370337}, {"id": "547344666", "price": 0.3753, "amount": 19.0, "side": "sell", "timestamp": 1766189372808}, {"id": "547344667", "price": 0.3754, "amount": 351.0, "side": "buy", "timestamp": 1766189373576}, {"id": "547344668", "price": 0.3754, "amount": 429.0, "side": "buy", "timestamp": 1766189373749}, {"id": "547344669", "price": 0.3754, "amount": 11.0, "side": "buy", "timestamp": 1766189375287}, {"id": "547344670", "price": 0.3754, "amount": 97.0, "side": "buy", "timestamp": 1766189375498}, {"id": "547344671", "price": 0.3754, "amount": 32.0, "side": "buy", "timestamp": 1766189375666}, {"id": "547344672", "price": 0.3754, "amount": 2986.0, "side": "buy", "timestamp": 1766189375829}, {"id": "547344673", "price": 0.3754, "amount": 155.0, "side": "buy", "timestamp": 1766189376079}, {"id": "547344674", "price": 0.3753, "amount": 52.0, "side": "sell", "timestamp": 1766189377634}, {"id": "547344675", "price": 0.3754, "amount": 573.0, "side": "buy", "timestamp": 1766189377676}, {"id": "547344676", "price": 0.3754, "amount": 5.0, "side": "buy", "timestamp": 1766189380183}, {"id": "547344677", "price": 0.3754, "amount": 9852.0, "side": "buy", "timestamp": 1766189381285}, {"id": "547344678", "price": 0.3754, "amount": 8.0, "side": "buy", "timestamp": 1766189382348}, {"id": "547344679", "price": 0.3753, "amount": 53.0, "side": "sell", "timestamp": 1766189383007}, {"id": "547344680", "price": 0.3754, "amount": 286.0, "side": "buy", "timestamp": 1766189383359}, {"id": "547344681", "price": 0.3754, "amount": 134.0, "side": "buy", "timestamp": 1766189384787}, {"id": "547344682", "price": 0.3754, "amount": 2.0, "side": "buy", "timestamp": 1766189385427}, {"id": "547344683", "price": 0.3754, "amount": 349.0, "side": "buy", "timestamp": 1766189385646}, {"id": "547344684", "price": 0.3754, "amount": 900.0, "side": "buy", "timestamp": 1766189385806}, {"id": "547344685", "price": 0.3754, "amount": 9349.0, "side": "buy", "timestamp": 1766189386217}, {"id": "547344686", "price": 0.3755, "amount": 2.0, "side": "buy", "timestamp": 1766189386821}, {"id": "547344698", "price": 0.3754, "amount": 428.0, "side": "buy", "timestamp": 1766189397976}, {"id": "547344699", "price": 0.3753, "amount": 3196.0, "side": "sell", "timestamp": 1766189400001}, {"id": "547344700", "price": 0.3754, "amount": 16.0, "side": "buy", "timestamp": 1766189400791}, {"id": "547344701", "price": 0.3754, "amount": 2.0, "side": "buy", "timestamp": 1766189401596}, {"id": "547344702", "price": 0.3753, "amount": 2663.0, "side": "sell", "timestamp": 1766189401709}, {"id": "547344703", "price": 0.3754, "amount": 277.0, "side": "buy", "timestamp": 1766189402544}, {"id": "547344704", "price": 0.3754, "amount": 4.0, "side": "buy", "timestamp": 1766189402994}, {"id": "547344705", "price": 0.3754, "amount": 279.0, "side": "buy", "timestamp": 1766189405150}, {"id": "547344706", "price": 0.3754, "amount": 22.0, "side": "buy", "timestamp": 1766189405455}, {"id": "547344707", "price": 0.3754, "amount": 145.0, "side": "buy", "timestamp": 1766189405636}, {"id": "547344708", "price": 0.3754, "amount": 561.0, "side": "buy", "timestamp": 1766189406392}, {"id": "547344709", "price": 0.3754, "amount": 8.0, "side": "buy", "timestamp": 1766189407648}, {"id": "547344710", "price": 0.3754, "amount": 104.0, "side": "buy", "timestamp": 1766189407768}, {"id": "547344711", "price": 0.3754, "amount": 349.0, "side": "buy", "timestamp": 1766189409652}, {"id": "547344712", "price": 0.3753, "amount": 101.0, "side": "sell", "timestamp": 1766189409715}, {"id": "547344713", "price": 0.3753, "amount": 42.0, "side": "sell", "timestamp": 1766189409895}, {"id": "547344714", "price": 0.3754, "amount": 20569.0, "side": "buy", "timestamp": 1766189410809}, {"id": "547344715", "price": 0.3755, "amount": 28.0, "side": "buy", "timestamp": 1766189411174}, {"id": "547344716", "price": 0.3755, "amount": 32.0, "side": "buy", "timestamp": 1766189411661}, {"id": "547344717", "price": 0.3755, "amount": 573.0, "side": "buy", "timestamp": 1766189412489}, {"id": "547344718", "price": 0.3754, "amount": 16.0, "side": "sell", "timestamp": 1766189412853}, {"id": "547344719", "price": 0.3754, "amount": 1592.0, "side": "sell", "timestamp": 1766189414326}, {"id": "547344720", "price": 0.3754, "amount": 264.0, "side": "sell", "timestamp": 1766189414600}, {"id": "547344721", "price": 0.3754, "amount": 115.0, "side": "sell", "timestamp": 1766189415052}, {"id": "547344722", "price": 0.3755, "amount": 15.0, "side": "buy", "timestamp": 1766189417070}, {"id": "547344723", "price": 0.3755, "amount": 1.0, "side": "buy", "timestamp": 1766189418273}, {"id": "547344724", "price": 0.3755, "amount": 132.0, "side": "buy", "timestamp": 1766189419448}, {"id": "547344725", "price": 0.3755, "amount": 286.0, "side": "buy", "timestamp": 1766189419784}, {"id": "547344726", "price": 0.3755, "amount": 4.0, "side": "buy", "timestamp": 1766189421121}, {"id": "547344727", "price": 0.3755, "amount": 62.0, "side": "buy", "timestamp": 1766189421260}, {"id": "547344728", "price": 0.3755, "amount": 830.0, "side": "buy", "timestamp": 1766189422202}, {"id": "547344729", "price": 0.3755, "amount": 134.0, "side": "buy", "timestamp": 1766189422477}, {"id": "547344730", "price": 0.3755, "amount": 177.0, "side": "buy", "timestamp": 1766189422682}, {"id": "547344731", "price": 0.3755, "amount": 349.0, "side": "buy", "timestamp": 1766189422883}, {"id": "547344732", "price": 0.3754, "amount": 40.0, "side": "sell", "timestamp": 1766189423361}, {"id": "547344733", "price": 0.3755, "amount": 34.0, "side": "buy", "timestamp": 1766189424829}, {"id": "547344734", "price": 0.3754, "amount": 264.0, "side": "sell", "timestamp": 1766189425071}, {"id": "547344735", "price": 0.3755, "amount": 4532.0, "side": "buy", "timestamp": 1766189425565}, {"id": "547344736", "price": 0.3755, "amount": 51760.0, "side": "buy", "timestamp": 1766189427062}, {"id": "547344737", "price": 0.3756, "amount": 78.0, "side": "buy", "timestamp": 1766189427476}, {"id": "547344738", "price": 0.3756, "amount": 60.0, "side": "buy", "timestamp": 1766189427763}, {"id": "547344739", "price": 0.3756, "amount": 51.0, "side": "buy", "timestamp": 1766189428396}, {"id": "547344740", "price": 0.3755, "amount": 170.0, "side": "sell", "timestamp": 1766189430477}, {"id": "547344741", "price": 0.3756, "amount": 3.0, "side": "buy", "timestamp": 1766189430660}, {"id": "547344742", "price": 0.3756, "amount": 21.0, "side": "buy", "timestamp": 1766189432020}, {"id": "547344743", "price": 0.3756, "amount": 21.0, "side": "buy", "timestamp": 1766189432698}, {"id": "547344744", "price": 0.3756, "amount": 407.0, "side": "buy", "timestamp": 1766189434013}, {"id": "547344745", "price": 0.3756, "amount": 348.0, "side": "buy", "timestamp": 1766189434884}, {"id": "547344746", "price": 0.3756, "amount": 4260.0, "side": "buy", "timestamp": 1766189437018}, {"id": "547344747", "price": 0.3756, "amount": 573.0, "side": "buy", "timestamp": 1766189437380}, {"id": "547344770", "price": 0.3755, "amount": 286.0, "side": "buy", "timestamp": 1766189456813}, {"id": "547344771", "price": 0.3755, "amount": 253.0, "side": "buy", "timestamp": 1766189457332}, {"id": "547344772", "price": 0.3755, "amount": 2218.0, "side": "buy", "timestamp": 1766189458482}, {"id": "547344773", "price": 0.3754, "amount": 55.0, "side": "sell", "timestamp": 1766189458648}, {"id": "547344774", "price": 0.3755, "amount": 20.0, "side": "buy", "timestamp": 1766189458722}, {"id": "547344775", "price": 0.3755, "amount": 470.0, "side": "buy", "timestamp": 1766189458877}, {"id": "547344776", "price": 0.3755, "amount": 139.0, "side": "buy", "timestamp": 1766189459832}, {"id": "547344777", "price": 0.3755, "amount": 85.0, "side": "buy", "timestamp": 1766189459974}, {"id": "547344778", "price": 0.3755, "amount": 139.0, "side": "buy", "timestamp": 1766189460182}, {"id": "547344779", "price": 0.3755, "amount": 574.0, "side": "buy", "timestamp": 1766189461554}, {"id": "547344780", "price": 0.3755, "amount": 3497.0, "side": "buy", "timestamp": 1766189462211}, {"id": "547344781", "price": 0.3754, "amount": 7723.0, "side": "sell", "timestamp": 1766189462554}, {"id": "547344782", "price": 0.3754, "amount": 14.0, "side": "sell", "timestamp": 1766189463611}, {"id": "547344783", "price": 0.3755, "amount": 14.0, "side": "buy", "timestamp": 1766189464423}, {"id": "547344784", "price": 0.3755, "amount": 20.0, "side": "buy", "timestamp": 1766189465217}, {"id": "547344785", "price": 0.3755, "amount": 27552.0, "side": "buy", "timestamp": 1766189465341}, {"id": "547344786", "price": 0.3755, "amount": 59.0, "side": "sell", "timestamp": 1766189465403}, {"id": "547344787", "price": 0.3756, "amount": 17.0, "side": "buy", "timestamp": 1766189465419}, {"id": "547344788", "price": 0.3756, "amount": 23.0, "side": "buy", "timestamp": 1766189465733}, {"id": "547344789", "price": 0.3756, "amount": 16.0, "side": "buy", "timestamp": 1766189466070}, {"id": "547344790", "price": 0.3756, "amount": 13394.0, "side": "buy", "timestamp": 1766189466614}, {"id": "547344791", "price": 0.3755, "amount": 1435.0, "side": "sell", "timestamp": 1766189467124}, {"id": "547344792", "price": 0.3756, "amount": 428.0, "side": "buy", "timestamp": 1766189469108}, {"id": "547344793", "price": 0.3756, "amount": 117.0, "side": "buy", "timestamp": 1766189469390}, {"id": "547344794", "price": 0.3756, "amount": 11239.0, "side": "buy", "timestamp": 1766189469693}, {"id": "547344795", "price": 0.3756, "amount": 348.0, "side": "buy", "timestamp": 1766189470891}, {"id": "547344796", "price": 0.3755, "amount": 17.0, "side": "sell", "timestamp": 1766189472004}, {"id": "547344797", "price": 0.3755, "amount": 2729.0, "side": "sell", "timestamp": 1766189472644}, {"id": "547344798", "price": 0.3756, "amount": 217.0, "side": "buy", "timestamp": 1766189473753}, {"id": "547344799", "price": 0.3756, "amount": 14.0, "side": "buy", "timestamp": 1766189474744}, {"id": "547344800", "price": 0.3755, "amount": 10075.0, "side": "sell", "timestamp": 1766189477186}, {"id": "547344801", "price": 0.3755, "amount": 1000.0, "side": "sell", "timestamp": 1766189477323}, {"id": "547344802", "price": 0.3756, "amount": 61.0, "side": "buy", "timestamp": 1766189477697}, {"id": "547344803", "price": 0.3755, "amount": 2660.0, "side": "sell", "timestamp": 1766189478104}, {"id": "547344804", "price": 0.3756, "amount": 221.0, "side": "buy", "timestamp": 1766189480687}, {"id": "547344805", "price": 0.3755, "amount": 136.0, "side": "sell", "timestamp": 1766189480966}, {"id": "547344806", "price": 0.3756, "amount": 349.0, "side": "buy", "timestamp": 1766189480969}, {"id": "547344807", "price": 0.3755, "amount": 58295.0, "side": "sell", "timestamp": 1766189481124}, {"id": "547344808", "price": 0.3755, "amount": 84922.0, "side": "buy", "timestamp": 1766189482390}, {"id": "547344809", "price": 0.3756, "amount": 349.0, "side": "buy", "timestamp": 1766189482896}, {"id": "547344810", "price": 0.3756, "amount": 32.0, "side": "buy", "timestamp": 1766189483662}, {"id": "547344811", "price": 0.3756, "amount": 19.0, "side": "buy", "timestamp": 1766189484452}, {"id": "547344812", "price": 0.3756, "amount": 27.0, "side": "buy", "timestamp": 1766189484748}, {"id": "547344813", "price": 0.3756, "amount": 15.0, "side": "buy", "timestamp": 1766189486987}, {"id": "547344814", "price": 0.3756, "amount": 28.0, "side": "buy", "timestamp": 1766189488006}, {"id": "547344815", "price": 0.3755, "amount": 58.0, "side": "sell", "timestamp": 1766189488012}, {"id": "547344816", "price": 0.3755, "amount": 55.0, "side": "sell", "timestamp": 1766189488972}, {"id": "547344817", "price": 0.3755, "amount": 51.0, "side": "sell", "timestamp": 1766189491403}, {"id": "547344818", "price": 0.3756, "amount": 138.0, "side": "buy", "timestamp": 1766189491567}, {"id": "547344819", "price": 0.3755, "amount": 15.0, "side": "sell", "timestamp": 1766189491792}, {"id": "547344853", "price": 0.3758, "amount": 29817.0, "side": "buy", "timestamp": 1766189518041}, {"id": "547344854", "price": 0.3758, "amount": 316.0, "side": "buy", "timestamp": 1766189518254}, {"id": "547344855", "price": 0.3758, "amount": 349.0, "side": "buy", "timestamp": 1766189518898}, {"id": "547344856", "price": 0.3758, "amount": 32.0, "side": "buy", "timestamp": 1766189519660}, {"id": "547344857", "price": 0.3757, "amount": 34.0, "side": "sell", "timestamp": 1766189519728}, {"id": "547344858", "price": 0.3758, "amount": 151.0, "side": "buy", "timestamp": 1766189520724}, {"id": "547344859", "price": 0.3758, "amount": 11479.0, "side": "buy", "timestamp": 1766189520890}, {"id": "547344860", "price": 0.3759, "amount": 26.0, "side": "buy", "timestamp": 1766189520953}, {"id": "547344861", "price": 0.3759, "amount": 6990.0, "side": "buy", "timestamp": 1766189521456}, {"id": "547344862", "price": 0.376, "amount": 190.0, "side": "buy", "timestamp": 1766189521500}, {"id": "547344863", "price": 0.376, "amount": 30.0, "side": "buy", "timestamp": 1766189521649}, {"id": "547344864", "price": 0.3759, "amount": 1302.0, "side": "sell", "timestamp": 1766189521811}, {"id": "547344865", "price": 0.3759, "amount": 14.0, "side": "sell", "timestamp": 1766189522355}, {"id": "547344866", "price": 0.3759, "amount": 45.0, "side": "sell", "timestamp": 1766189522570}, {"id": "547344867", "price": 0.3759, "amount": 2179.0, "side": "sell", "timestamp": 1766189523064}, {"id": "547344868", "price": 0.3759, "amount": 416.0, "side": "sell", "timestamp": 1766189523419}, {"id": "547344869", "price": 0.376, "amount": 85.0, "side": "buy", "timestamp": 1766189523533}, {"id": "547344870", "price": 0.376, "amount": 301.0, "side": "buy", "timestamp": 1766189524276}, {"id": "547344871", "price": 0.3759, "amount": 29.0, "side": "sell", "timestamp": 1766189524414}, {"id": "547344872", "price": 0.376, "amount": 2816.0, "side": "buy", "timestamp": 1766189524453}, {"id": "547344873", "price": 0.3759, "amount": 634.0, "side": "sell", "timestamp": 1766189524630}, {"id": "547344874", "price": 0.376, "amount": 23.0, "side": "buy", "timestamp": 1766189525405}, {"id": "547344875", "price": 0.376, "amount": 14.0, "side": "buy", "timestamp": 1766189527088}, {"id": "547344876", "price": 0.3759, "amount": 79.0, "side": "sell", "timestamp": 1766189528047}, {"id": "547344877", "price": 0.376, "amount": 291953.0, "side": "buy", "timestamp": 1766189528524}, {"id": "547344878", "price": 0.3761, "amount": 16934.0, "side": "buy", "timestamp": 1766189528536}, {"id": "547344879", "price": 0.376, "amount": 89.0, "side": "sell", "timestamp": 1766189528694}, {"id": "547344880", "price": 0.3761, "amount": 1027.0, "side": "buy", "timestamp": 1766189529173}, {"id": "547344881", "price": 0.3762, "amount": 338.0, "side": "buy", "timestamp": 1766189529983}, {"id": "547344882", "price": 0.3761, "amount": 299.0, "side": "sell", "timestamp": 1766189530401}, {"id": "547344883", "price": 0.3762, "amount": 349.0, "side": "buy", "timestamp": 1766189530903}, {"id": "547344884", "price": 0.3761, "amount": 830.0, "side": "sell", "timestamp": 1766189532076}, {"id": "547344885", "price": 0.3762, "amount": 89.0, "side": "buy", "timestamp": 1766189532456}, {"id": "547344886", "price": 0.3762, "amount": 134.0, "side": "buy", "timestamp": 1766189533141}, {"id": "547344887", "price": 0.3762, "amount": 692.0, "side": "buy", "timestamp": 1766189533494}, {"id": "547344888", "price": 0.3761, "amount": 29.0, "side": "sell", "timestamp": 1766189533539}, {"id": "547344889", "price": 0.3762, "amount": 16067.0, "side": "buy", "timestamp": 1766189533841}, {"id": "547344890", "price": 0.3761, "amount": 27.0, "side": "sell", "timestamp": 1766189534573}, {"id": "547344891", "price": 0.3761, "amount": 55.0, "side": "sell", "timestamp": 1766189535043}, {"id": "547344892", "price": 0.3762, "amount": 20.0, "side": "buy", "timestamp": 1766189536120}, {"id": "547344893", "price": 0.3761, "amount": 31.0, "side": "sell", "timestamp": 1766189538959}, {"id": "547344894", "price": 0.3762, "amount": 2867.0, "side": "buy", "timestamp": 1766189540020}, {"id": "547344895", "price": 0.3761, "amount": 23.0, "side": "sell", "timestamp": 1766189541711}, {"id": "547344896", "price": 0.3762, "amount": 301.0, "side": "buy", "timestamp": 1766189542800}, {"id": "547344897", "price": 0.3762, "amount": 348.0, "side": "buy", "timestamp": 1766189542904}, {"id": "547344898", "price": 0.3762, "amount": 19.0, "side": "buy", "timestamp": 1766189543879}, {"id": "547344899", "price": 0.3761, "amount": 60.0, "side": "sell", "timestamp": 1766189545880}, {"id": "547344900", "price": 0.3762, "amount": 35.0, "side": "buy", "timestamp": 1766189545898}, {"id": "547344901", "price": 0.3761, "amount": 25.0, "side": "sell", "timestamp": 1766189547025}, {"id": "547344902", "price": 0.3762, "amount": 26.0, "side": "buy", "timestamp": 1766189548215}, {"id": "547344974", "price": 0.3765, "amount": 17.0, "side": "buy", "timestamp": 1766189582869}, {"id": "547344975", "price": 0.3765, "amount": 1892.0, "side": "buy", "timestamp": 1766189583035}, {"id": "547344976", "price": 0.3765, "amount": 22.0, "side": "buy", "timestamp": 1766189584025}, {"id": "547344977", "price": 0.3764, "amount": 31.0, "side": "sell", "timestamp": 1766189584487}, {"id": "547344978", "price": 0.3765, "amount": 38.0, "side": "buy", "timestamp": 1766189584742}, {"id": "547344979", "price": 0.3765, "amount": 18.0, "side": "buy", "timestamp": 1766189584931}, {"id": "547344980", "price": 0.3764, "amount": 14.0, "side": "sell", "timestamp": 1766189584973}, {"id": "547344981", "price": 0.3765, "amount": 17.0, "side": "buy", "timestamp": 1766189585158}, {"id": "547344982", "price": 0.3765, "amount": 47.0, "side": "buy", "timestamp": 1766189585285}, {"id": "547344983", "price": 0.3764, "amount": 46.0, "side": "sell", "timestamp": 1766189585874}, {"id": "547344984", "price": 0.3765, "amount": 586.0, "side": "buy", "timestamp": 1766189585891}, {"id": "547344985", "price": 0.3765, "amount": 101.0, "side": "buy", "timestamp": 1766189586462}, {"id": "547344986", "price": 0.3764, "amount": 75.0, "side": "sell", "timestamp": 1766189586582}, {"id": "547344987", "price": 0.3765, "amount": 22.0, "side": "buy", "timestamp": 1766189586590}, {"id": "547344988", "price": 0.3765, "amount": 96.0, "side": "buy", "timestamp": 1766189587652}, {"id": "547344989", "price": 0.3765, "amount": 302.0, "side": "buy", "timestamp": 1766189588860}, {"id": "547344990", "price": 0.3764, "amount": 55.0, "side": "sell", "timestamp": 1766189589714}, {"id": "547344991", "price": 0.3765, "amount": 397.0, "side": "buy", "timestamp": 1766189589794}, {"id": "547344992", "price": 0.3764, "amount": 43.0, "side": "sell", "timestamp": 1766189589899}, {"id": "547344993", "price": 0.3764, "amount": 17.0, "side": "sell", "timestamp": 1766189590083}, {"id": "547344994", "price": 0.3765, "amount": 349.0, "side": "buy", "timestamp": 1766189590915}, {"id": "547344995", "price": 0.3765, "amount": 25.0, "side": "buy", "timestamp": 1766189591193}, {"id": "547344996", "price": 0.3765, "amount": 1300.0, "side": "buy", "timestamp": 1766189591564}, {"id": "547344997", "price": 0.3764, "amount": 32.0, "side": "sell", "timestamp": 1766189591674}, {"id": "547344998", "price": 0.3765, "amount": 711.0, "side": "buy", "timestamp": 1766189592268}, {"id": "547344999", "price": 0.3765, "amount": 156.0, "side": "buy", "timestamp": 1766189592520}, {"id": "547345000", "price": 0.3764, "amount": 49.0, "side": "sell", "timestamp": 1766189593437}, {"id": "547345001", "price": 0.3765, "amount": 28.0, "side": "buy", "timestamp": 1766189593465}, {"id": "547345002", "price": 0.3765, "amount": 264.0, "side": "buy", "timestamp": 1766189593628}, {"id": "547345003", "price": 0.3765, "amount": 612.0, "side": "buy", "timestamp": 1766189594147}, {"id": "547345004", "price": 0.3765, "amount": 3001.0, "side": "buy", "timestamp": 1766189594374}, {"id": "547345005", "price": 0.3765, "amount": 41.0, "side": "buy", "timestamp": 1766189594663}, {"id": "547345006", "price": 0.3765, "amount": 807.0, "side": "buy", "timestamp": 1766189594895}, {"id": "547345007", "price": 0.3765, "amount": 14375.0, "side": "buy", "timestamp": 1766189595184}, {"id": "547345008", "price": 0.3766, "amount": 1800.0, "side": "buy", "timestamp": 1766189595248}, {"id": "547345009", "price": 0.3766, "amount": 36.0, "side": "buy", "timestamp": 1766189595556}, {"id": "547345010", "price": 0.3766, "amount": 53.0, "side": "buy", "timestamp": 1766189595694}, {"id": "547345011", "price": 0.3765, "amount": 2.0, "side": "sell", "timestamp": 1766189595915}, {"id": "547345012", "price": 0.3765, "amount": 28008.0, "side": "sell", "timestamp": 1766189596169}, {"id": "547345013", "price": 0.3765, "amount": 29.0, "side": "sell", "timestamp": 1766189596765}, {"id": "547345014", "price": 0.3766, "amount": 40.0, "side": "buy", "timestamp": 1766189596862}, {"id": "547345015", "price": 0.3765, "amount": 28772.0, "side": "sell", "timestamp": 1766189597243}, {"id": "547345016", "price": 0.3765, "amount": 39.0, "side": "buy", "timestamp": 1766189597918}, {"id": "547345017", "price": 0.3764, "amount": 25.0, "side": "sell", "timestamp": 1766189598571}, {"id": "547345018", "price": 0.3765, "amount": 47.0, "side": "buy", "timestamp": 1766189598964}, {"id": "547345019", "price": 0.3765, "amount": 2510.0, "side": "buy", "timestamp": 1766189599352}, {"id": "547345020", "price": 0.3766, "amount": 28.0, "side": "buy", "timestamp": 1766189600175}, {"id": "547345021", "price": 0.3765, "amount": 7793.0, "side": "sell", "timestamp": 1766189600505}, {"id": "547345022", "price": 0.3764, "amount": 29158.0, "side": "sell", "timestamp": 1766189600931}, {"id": "547345023", "price": 0.3764, "amount": 52.0, "side": "buy", "timestamp": 1766189601246}, {"id": "547345082", "price": 0.3765, "amount": 63.0, "side": "sell", "timestamp": 1766189630105}, {"id": "547345083", "price": 0.3765, "amount": 1500.0, "side": "sell", "timestamp": 1766189630691}, {"id": "547345084", "price": 0.3766, "amount": 24.0, "side": "buy", "timestamp": 1766189631100}, {"id": "547345085", "price": 0.3765, "amount": 27.0, "side": "sell", "timestamp": 1766189632079}, {"id": "547345086", "price": 0.3766, "amount": 161.0, "side": "buy", "timestamp": 1766189632338}, {"id": "547345087", "price": 0.3766, "amount": 37.0, "side": "buy", "timestamp": 1766189633854}, {"id": "547345088", "price": 0.3765, "amount": 1576.0, "side": "sell", "timestamp": 1766189634329}, {"id": "547345089", "price": 0.3766, "amount": 5698.0, "side": "buy", "timestamp": 1766189634760}, {"id": "547345090", "price": 0.3766, "amount": 44.0, "side": "buy", "timestamp": 1766189636055}, {"id": "547345091", "price": 0.3766, "amount": 1835.0, "side": "buy", "timestamp": 1766189636619}, {"id": "547345092", "price": 0.3766, "amount": 24740.0, "side": "buy", "timestamp": 1766189636731}, {"id": "547345093", "price": 0.3766, "amount": 2605.0, "side": "sell", "timestamp": 1766189636928}, {"id": "547345094", "price": 0.3767, "amount": 55.0, "side": "buy", "timestamp": 1766189637039}, {"id": "547345095", "price": 0.3766, "amount": 54.0, "side": "sell", "timestamp": 1766189637146}, {"id": "547345096", "price": 0.3766, "amount": 1309.0, "side": "sell", "timestamp": 1766189637870}, {"id": "547345097", "price": 0.3767, "amount": 48.0, "side": "buy", "timestamp": 1766189638122}, {"id": "547345098", "price": 0.3767, "amount": 2218.0, "side": "buy", "timestamp": 1766189638691}, {"id": "547345099", "price": 0.3767, "amount": 349.0, "side": "buy", "timestamp": 1766189638922}, {"id": "547345100", "price": 0.3767, "amount": 25.0, "side": "buy", "timestamp": 1766189639202}, {"id": "547345101", "price": 0.3766, "amount": 25.0, "side": "sell", "timestamp": 1766189639931}, {"id": "547345102", "price": 0.3767, "amount": 36.0, "side": "buy", "timestamp": 1766189640204}, {"id": "547345103", "price": 0.3767, "amount": 48.0, "side": "buy", "timestamp": 1766189641322}, {"id": "547345104", "price": 0.3767, "amount": 36.0, "side": "buy", "timestamp": 1766189642402}, {"id": "547345105", "price": 0.3767, "amount": 462.0, "side": "buy", "timestamp": 1766189642850}, {"id": "547345106", "price": 0.3766, "amount": 1405.0, "side": "sell", "timestamp": 1766189642978}, {"id": "547345107", "price": 0.3766, "amount": 14.0, "side": "sell", "timestamp": 1766189643567}, {"id": "547345108", "price": 0.3767, "amount": 51.0, "side": "buy", "timestamp": 1766189643596}, {"id": "547345109", "price": 0.3766, "amount": 27.0, "side": "sell", "timestamp": 1766189643907}, {"id": "547345110", "price": 0.3767, "amount": 2000.0, "side": "buy", "timestamp": 1766189644039}, {"id": "547345111", "price": 0.3767, "amount": 134.0, "side": "buy", "timestamp": 1766189644153}, {"id": "547345112", "price": 0.3767, "amount": 65.0, "side": "buy", "timestamp": 1766189644910}, {"id": "547345113", "price": 0.3766, "amount": 8658.0, "side": "sell", "timestamp": 1766189645062}, {"id": "547345114", "price": 0.3767, "amount": 26.0, "side": "buy", "timestamp": 1766189645387}, {"id": "547345115", "price": 0.3767, "amount": 135.0, "side": "buy", "timestamp": 1766189645748}, {"id": "547345116", "price": 0.3766, "amount": 29.0, "side": "sell", "timestamp": 1766189645820}, {"id": "547345117", "price": 0.3766, "amount": 13522.0, "side": "sell", "timestamp": 1766189645981}, {"id": "547345118", "price": 0.3766, "amount": 465.0, "side": "buy", "timestamp": 1766189646034}, {"id": "547345119", "price": 0.3766, "amount": 46.0, "side": "buy", "timestamp": 1766189647311}, {"id": "547345120", "price": 0.3766, "amount": 23.0, "side": "buy", "timestamp": 1766189648515}, {"id": "547345121", "price": 0.3766, "amount": 419.0, "side": "buy", "timestamp": 1766189648744}, {"id": "547345122", "price": 0.3766, "amount": 28.0, "side": "buy", "timestamp": 1766189649721}, {"id": "547345123", "price": 0.3765, "amount": 44.0, "side": "sell", "timestamp": 1766189649873}, {"id": "547345124", "price": 0.3765, "amount": 63.0, "side": "sell", "timestamp": 1766189650013}, {"id": "547345125", "price": 0.3766, "amount": 388.0, "side": "buy", "timestamp": 1766189650925}, {"id": "547345126", "price": 0.3765, "amount": 444.0, "side": "sell", "timestamp": 1766189651487}, {"id": "547345127", "price": 0.3766, "amount": 50.0, "side": "buy", "timestamp": 1766189652261}, {"id": "547345128", "price": 0.3766, "amount": 1445.0, "side": "buy", "timestamp": 1766189653151}, {"id": "547345129", "price": 0.3766, "amount": 28.0, "side": "buy", "timestamp": 1766189653320}, {"id": "547345130", "price": 0.3766, "amount": 25.0, "side": "buy", "timestamp": 1766189654225}, {"id": "547345131", "price": 0.3766, "amount": 32.0, "side": "buy", "timestamp": 1766189654479}, {"id": "547345216", "price": 0.3763, "amount": 348.0, "side": "buy", "timestamp": 1766189698935}, {"id": "547345217", "price": 0.3763, "amount": 18.0, "side": "buy", "timestamp": 1766189699663}, {"id": "547345218", "price": 0.3762, "amount": 72.0, "side": "sell", "timestamp": 1766189699672}, {"id": "547345219", "price": 0.3762, "amount": 2028.0, "side": "sell", "timestamp": 1766189700078}, {"id": "547345220", "price": 0.3762, "amount": 33.0, "side": "buy", "timestamp": 1766189700757}, {"id": "547345221", "price": 0.3762, "amount": 2889.0, "side": "buy", "timestamp": 1766189701245}, {"id": "547345222", "price": 0.3763, "amount": 29.0, "side": "buy", "timestamp": 1766189701747}, {"id": "547345223", "price": 0.3763, "amount": 34.0, "side": "buy", "timestamp": 1766189702003}, {"id": "547345224", "price": 0.3762, "amount": 42.0, "side": "sell", "timestamp": 1766189702387}, {"id": "547345225", "price": 0.3763, "amount": 14.0, "side": "buy", "timestamp": 1766189702922}, {"id": "547345226", "price": 0.3763, "amount": 38.0, "side": "buy", "timestamp": 1766189703938}, {"id": "547345227", "price": 0.3763, "amount": 70.0, "side": "buy", "timestamp": 1766189704566}, {"id": "547345228", "price": 0.3763, "amount": 44.0, "side": "buy", "timestamp": 1766189704757}, {"id": "547345229", "price": 0.3763, "amount": 22.0, "side": "buy", "timestamp": 1766189704942}, {"id": "547345230", "price": 0.3763, "amount": 31.0, "side": "buy", "timestamp": 1766189705067}, {"id": "547345231", "price": 0.3763, "amount": 28.0, "side": "buy", "timestamp": 1766189705398}, {"id": "547345232", "price": 0.3763, "amount": 18.0, "side": "buy", "timestamp": 1766189705812}, {"id": "547345233", "price": 0.3763, "amount": 10023.0, "side": "buy", "timestamp": 1766189706000}, {"id": "547345234", "price": 0.3764, "amount": 219.0, "side": "buy", "timestamp": 1766189706720}, {"id": "547345235", "price": 0.3764, "amount": 27.0, "side": "buy", "timestamp": 1766189706959}, {"id": "547345236", "price": 0.3763, "amount": 70.0, "side": "sell", "timestamp": 1766189707398}, {"id": "547345237", "price": 0.3763, "amount": 16.0, "side": "sell", "timestamp": 1766189707667}, {"id": "547345238", "price": 0.3764, "amount": 1.0, "side": "buy", "timestamp": 1766189707928}, {"id": "547345239", "price": 0.3763, "amount": 257.0, "side": "sell", "timestamp": 1766189708286}, {"id": "547345240", "price": 0.3764, "amount": 1.0, "side": "buy", "timestamp": 1766189709053}, {"id": "547345241", "price": 0.3764, "amount": 33.0, "side": "buy", "timestamp": 1766189709989}, {"id": "547345242", "price": 0.3764, "amount": 153.0, "side": "buy", "timestamp": 1766189710205}, {"id": "547345243", "price": 0.3764, "amount": 1052.0, "side": "buy", "timestamp": 1766189710334}, {"id": "547345244", "price": 0.3763, "amount": 284.0, "side": "sell", "timestamp": 1766189710437}, {"id": "547345245", "price": 0.3764, "amount": 537.0, "side": "buy", "timestamp": 1766189710504}, {"id": "547345246", "price": 0.3764, "amount": 8558.0, "side": "buy", "timestamp": 1766189710898}, {"id": "547345247", "price": 0.3765, "amount": 165.0, "side": "buy", "timestamp": 1766189711009}, {"id": "547345248", "price": 0.3765, "amount": 2.0, "side": "buy", "timestamp": 1766189711588}, {"id": "547345249", "price": 0.3765, "amount": 2.0, "side": "buy", "timestamp": 1766189712691}, {"id": "547345250", "price": 0.3765, "amount": 26.0, "side": "buy", "timestamp": 1766189712810}, {"id": "547345251", "price": 0.3765, "amount": 3.0, "side": "buy", "timestamp": 1766189713784}, {"id": "547345252", "price": 0.3765, "amount": 738.0, "side": "buy", "timestamp": 1766189714100}, {"id": "547345253", "price": 0.3764, "amount": 156.0, "side": "sell", "timestamp": 1766189714637}, {"id": "547345254", "price": 0.3765, "amount": 6.0, "side": "buy", "timestamp": 1766189714823}, {"id": "547345255", "price": 0.3765, "amount": 100.0, "side": "buy", "timestamp": 1766189715844}, {"id": "547345256", "price": 0.3765, "amount": 877.0, "side": "buy", "timestamp": 1766189716144}, {"id": "547345257", "price": 0.3765, "amount": 48.0, "side": "buy", "timestamp": 1766189716258}, {"id": "547345258", "price": 0.3764, "amount": 112.0, "side": "sell", "timestamp": 1766189716334}, {"id": "547345259", "price": 0.3765, "amount": 25328.0, "side": "buy", "timestamp": 1766189716348}, {"id": "547345260", "price": 0.3765, "amount": 740.0, "side": "buy", "timestamp": 1766189716802}, {"id": "547345261", "price": 0.3765, "amount": 4.0, "side": "buy", "timestamp": 1766189716910}, {"id": "547345262", "price": 0.3765, "amount": 529.0, "side": "buy", "timestamp": 1766189717513}, {"id": "547345263", "price": 0.3764, "amount": 106.0, "side": "sell", "timestamp": 1766189717534}, {"id": "547345264", "price": 0.3765, "amount": 70.0, "side": "buy", "timestamp": 1766189717878}, {"id": "547345265", "price": 0.3765, "amount": 52.0, "side": "buy", "timestamp": 1766189717988}, {"id": "547345319", "price": 0.3764, "amount": 27.0, "side": "sell", "timestamp": 1766189748428}, {"id": "547345320", "price": 0.3765, "amount": 59.0, "side": "buy", "timestamp": 1766189748620}, {"id": "547345321", "price": 0.3764, "amount": 2782.0, "side": "sell", "timestamp": 1766189749932}, {"id": "547345322", "price": 0.3764, "amount": 259.0, "side": "buy", "timestamp": 1766189750080}, {"id": "547345323", "price": 0.3763, "amount": 19.0, "side": "sell", "timestamp": 1766189750527}, {"id": "547345324", "price": 0.3764, "amount": 181.0, "side": "buy", "timestamp": 1766189751000}, {"id": "547345325", "price": 0.3764, "amount": 430.0, "side": "buy", "timestamp": 1766189751314}, {"id": "547345326", "price": 0.3764, "amount": 25535.0, "side": "buy", "timestamp": 1766189751431}, {"id": "547345327", "price": 0.3764, "amount": 136.0, "side": "buy", "timestamp": 1766189751563}, {"id": "547345328", "price": 0.3764, "amount": 731.0, "side": "buy", "timestamp": 1766189751901}, {"id": "547345329", "price": 0.3763, "amount": 23.0, "side": "sell", "timestamp": 1766189753879}, {"id": "547345330", "price": 0.3764, "amount": 201.0, "side": "buy", "timestamp": 1766189753966}, {"id": "547345331", "price": 0.3763, "amount": 31.0, "side": "sell", "timestamp": 1766189754397}, {"id": "547345332", "price": 0.3764, "amount": 115.0, "side": "buy", "timestamp": 1766189754433}, {"id": "547345333", "price": 0.3764, "amount": 176.0, "side": "buy", "timestamp": 1766189754769}, {"id": "547345334", "price": 0.3763, "amount": 49.0, "side": "sell", "timestamp": 1766189755208}, {"id": "547345335", "price": 0.3763, "amount": 109.0, "side": "sell", "timestamp": 1766189755715}, {"id": "547345336", "price": 0.3764, "amount": 221.0, "side": "buy", "timestamp": 1766189755864}, {"id": "547345337", "price": 0.3764, "amount": 29.0, "side": "buy", "timestamp": 1766189756089}, {"id": "547345338", "price": 0.3764, "amount": 2142.0, "side": "buy", "timestamp": 1766189756432}, {"id": "547345339", "price": 0.3765, "amount": 285.0, "side": "buy", "timestamp": 1766189757045}, {"id": "547345340", "price": 0.3765, "amount": 14.0, "side": "buy", "timestamp": 1766189757253}, {"id": "547345341", "price": 0.3765, "amount": 665.0, "side": "buy", "timestamp": 1766189757738}, {"id": "547345342", "price": 0.3764, "amount": 90.0, "side": "sell", "timestamp": 1766189758196}, {"id": "547345343", "price": 0.3764, "amount": 3126.0, "side": "sell", "timestamp": 1766189759319}, {"id": "547345344", "price": 0.3763, "amount": 227.0, "side": "sell", "timestamp": 1766189759549}, {"id": "547345345", "price": 0.3764, "amount": 462.0, "side": "buy", "timestamp": 1766189760417}, {"id": "547345346", "price": 0.3764, "amount": 24.0, "side": "buy", "timestamp": 1766189760521}, {"id": "547345347", "price": 0.3764, "amount": 49.0, "side": "buy", "timestamp": 1766189761432}, {"id": "547345348", "price": 0.3763, "amount": 54.0, "side": "sell", "timestamp": 1766189761999}, {"id": "547345349", "price": 0.3764, "amount": 14683.0, "side": "buy", "timestamp": 1766189762173}, {"id": "547345350", "price": 0.3764, "amount": 15.0, "side": "buy", "timestamp": 1766189762790}, {"id": "547345351", "price": 0.3763, "amount": 51.0, "side": "sell", "timestamp": 1766189763164}, {"id": "547345352", "price": 0.3764, "amount": 858.0, "side": "buy", "timestamp": 1766189763758}, {"id": "547345353", "price": 0.3763, "amount": 41.0, "side": "sell", "timestamp": 1766189764518}, {"id": "547345354", "price": 0.3764, "amount": 14.0, "side": "buy", "timestamp": 1766189764754}, {"id": "547345355", "price": 0.3764, "amount": 26.0, "side": "buy", "timestamp": 1766189765453}, {"id": "547345356", "price": 0.3763, "amount": 32.0, "side": "sell", "timestamp": 1766189765750}, {"id": "547345357", "price": 0.3764, "amount": 14.0, "side": "buy", "timestamp": 1766189765764}, {"id": "547345358", "price": 0.3763, "amount": 101.0, "side": "sell", "timestamp": 1766189766530}, {"id": "547345359", "price": 0.3763, "amount": 174.0, "side": "sell", "timestamp": 1766189767379}, {"id": "547345360", "price": 0.3763, "amount": 53.0, "side": "sell", "timestamp": 1766189768049}, {"id": "547345361", "price": 0.3764, "amount": 333.0, "side": "buy", "timestamp": 1766189768071}, {"id": "547345362", "price": 0.3764, "amount": 35415.0, "side": "buy", "timestamp": 1766189768539}, {"id": "547345363", "price": 0.3765, "amount": 348.0, "side": "buy", "timestamp": 1766189769761}, {"id": "547345364", "price": 0.3764, "amount": 38019.0, "side": "sell", "timestamp": 1766189769935}, {"id": "547345365", "price": 0.3763, "amount": 30962.0, "side": "sell", "timestamp": 1766189770269}, {"id": "547345366", "price": 0.3762, "amount": 1571.0, "side": "sell", "timestamp": 1766189770337}, {"id": "547345367", "price": 0.3763, "amount": 29.0, "side": "buy", "timestamp": 1766189770703}, {"id": "547345368", "price": 0.3762, "amount": 13689.0, "side": "sell", "timestamp": 1766189770801}]