[{"symbol": "XRPUSDT", "bids": [[1.8612, 18451.4], [1.8611, 18696.4], [1.861, 31856.4], [1.8609, 20967.8], [1.8608, 41325.2], [1.8607, 53113.6], [1.8606, 30991.8], [1.8605, 46775.7], [1.8604, 41068.7], [1.8603, 75302.2], [1.8602, 38503.5], [1.8601, 53484.2], [1.86, 29812.0], [1.8599, 63177.0], [1.8598, 31273.0], [1.8597, 38944.5], [1.8596, 38933.2], [1.8595, 127406.7], [1.8594, 57054.4], [1.8593, 61483.7]], "asks": [[1.8613, 2253.3], [1.8614, 3750.1], [1.8615, 9333.2], [1.8616, 9799.4], [1.8617, 19175.2], [1.8618, 91287.6], [1.8619, 51906.1], [1.862, 42234.2], [1.8621, 40333.3], [1.8622, 73705.8], [1.8623, 32472.8], [1.8624, 66636.6], [1.8625, 43296.7], [1.8626, 65229.9], [1.8627, 22559.0], [1.8628, 19714.0], [1.8629, 41246.1], [1.863, 79434.5], [1.8631, 73725.0], [1.8632, 97911.0]], "timestamp": "2025-12-18T00:00:28.041244+00:00"}, {"symbol": "XRPUSDT", "bids": [[1.8618, 57145.0], [1.8617, 4646.8], [1.8616, 12403.2], [1.8615, 32095.6], [1.8614, 10203.1], [1.8613, 31246.9], [1.8612, 22932.0], [1.8611, 55068.3], [1.861, 39907.5], [1.8609, 32250.3], [1.8608, 59607.8], [1.8607, 61062.7], [1.8606, 34543.8], [1.8605, 117969.7], [1.8604, 38714.8], [1.8603, 57055.4], [1.8602, 40551.0], [1.8601, 70961.4], [1.86, 67933.3], [1.8599, 60062.3]], "asks": [[1.8619, 11717.0], [1.862, 4375.1], [1.8621, 12954.6], [1.8622, 22230.5], [1.8623, 28445.2], [1.8624, 18606.3], [1.8625, 69281.0], [1.8626, 89891.0], [1.8627, 54487.7], [1.8628, 59039.1], [1.8629, 79158.1], [1.863, 75428.1], [1.8631, 37481.6], [1.8632, 43452.6], [1.8633, 59857.4], [1.8634, 65569.3], [1.8635, 17106.2], [1.8636, 49596.5], [1.8637, 46425.5], [1.8638, 157795.6]], "timestamp": "2025-12-18T00:01:25.807969+00:00"}, {"symbol": "XRPUSDT", "bids": [[1.86, 11543.6], [1.8599, 17804.2], [1.8598, 23125.1], [1.8597, 25602.3], [1.8596, 34548.9], [1.8595, 51613.5], [1.8594, 52336.2], [1.8593, 64094.6], [1.8592, 48930.7], [1.8591, 32654.4], [1.859, 57168.0], [1.8589, 67639.7], [1.8588, 41086.1], [1.8587, 118049.4], [1.8586, 44578.1], [1.8585, 94264.2], [1.8584, 34273.3], [1.8583, 38046.5], [1.8582, 31386.1], [1.8581, 34602.0]], "asks": [[1.8601, 7230.5], [1.8602, 5939.6], [1.8603, 3733.0], [1.8604, 3752.9], [1.8605, 11271.9], [1.8606, 22696.8], [1.8607, 72139.6], [1.8608, 49334.6], [1.8609, 25025.6], [1.861, 40349.6], [1.8611, 64349.9], [1.8612, 27825.1], [1.8613, 18910.0], [1.8614, 31622.1], [1.8615, 79344.1], [1.8616, 33719.3], [1.8617, 90228.4], [1.8618, 15214.0], [1.8619, 19262.8], [1.862, 37666.8]], "timestamp": "2025-12-18T00:02:22.026989+00:00"}, {"symbol": "XRPUSDT", "bids": [[1.861, 7571.6], [1.8609, 5956.2], [1.8608, 19822.4], [1.8607, 26801.0], [1.8606, 74563.5], [1.8605, 38989.2], [1.8604, 28436.6], [1.8603, 43177.5], [1.8602, 52226.5], [1.8601, 81302.6], [1.86, 40315.1], [1.8599, 27694.2], [1.8598, 24708.4], [1.8597, 76591.9], [1.8596, 133736.7], [1.8595, 62825.5], [1.8594, 32904.4], [1.8593, 77704.8], [1.8592, 43808.5], [1.8591, 16071.4]], "asks": [[1.8611, 29561.0], [1.8612, 25888.6], [1.8613, 7928.5], [1.8614, 21747.2], [1.8615, 19841.7], [1.8616, 19589.5], [1.8617, 49342.8], [1.8618, 68950.0], [1.8619, 43797.7], [1.862, 48504.5], [1.8621, 36861.9], [1.8622, 85741.1], [1.8623, 28463.3], [1.8624, 30334.4], [1.8625, 47230.1], [1.8626, 141882.1], [1.8627, 24931.7], [1.8628, 26352.9], [1.8629, 56175.7], [1.863, 53722.3]], "timestamp": "2025-12-18T00:03:17.206172+00:00"}, {"symbol": "XRPUSDT", "bids": [[1.8596, 21492.5], [1.8595, 7067.7], [1.8594, 17912.0], [1.8593, 55797.2], [1.8592, 34931.6], [1.8591, 22671.4], [1.859, 38537.3], [1.8589, 94244.5], [1.8588, 31582.3], [1.8587, 23327.2], [1.8586, 53734.3], [1.8585, 182262.1], [1.8584, 33777.4], [1.8583, 23471.9], [1.8582, 19051.0], [1.8581, 37060.7], [1.858, 33066.5], [1.8579, 87109.4], [1.8578, 51337.3], [1.8577, 26494.5]], "asks": [[1.8597, 6492.4], [1.8598, 8304.4], [1.8599, 7548.9], [1.86, 8785.5], [1.8601, 20778.5], [1.8602, 72927.6], [1.8603, 43919.3], [1.8604, 41820.6], [1.8605, 48462.7], [1.8606, 97076.2], [1.8607, 40055.5], [1.8608, 63255.7], [1.8609, 42560.6], [1.861, 70681.2], [1.8611, 26492.0], [1.8612, 31888.9], [1.8613, 23876.9], [1.8614, 95690.1], [1.8615, 129993.8], [1.8616, 30738.3]], "timestamp": "2025-12-18T00:04:14.143710+00:00"}, {"symbol": "XRPUSDT", "bids": [[1.8607, 11888.6], [1.8606, 32046.8], [1.8605, 28712.3], [1.8604, 36729.5], [1.8603, 37994.8], [1.8602, 57675.3], [1.8601, 50045.8], [1.86, 50300.6], [1.8599, 62415.0], [1.8598, 43807.7], [1.8597, 70608.9], [1.8596, 34885.3], [1.8595, 44430.8], [1.8594, 124687.2], [1.8593, 65410.8], [1.8592, 42101.4], [1.8591, 24535.2], [1.859, 49021.5], [1.8589, 117969.0], [1.8588, 15503.4]], "asks": [[1.8608, 12832.1], [1.8609, 7716.0], [1.861, 12084.1], [1.8611, 4446.4], [1.8612, 11050.7], [1.8613, 38138.6], [1.8614, 83716.9], [1.8615, 69174.7], [1.8616, 38191.7], [1.8617, 46393.2], [1.8618, 60480.0], [1.8619, 32357.5], [1.862, 45361.4], [1.8621, 38130.2], [1.8622, 78097.0], [1.8623, 32185.0], [1.8624, 99644.2], [1.8625, 38205.0], [1.8626, 63431.0], [1.8627, 28947.5]], "timestamp": "2025-12-18T00:05:14.160807+00:00"}, {"symbol": "XRPUSDT", "bids": [[1.8595, 8547.5], [1.8594, 11078.0], [1.8593, 6417.0], [1.8592, 16611.8], [1.8591, 11805.7], [1.859, 37697.1], [1.8589, 79611.2], [1.8588, 40700.2], [1.8587, 22269.8], [1.8586, 49912.9], [1.8585, 94510.7], [1.8584, 29026.2], [1.8583, 21472.8], [1.8582, 20898.8], [1.8581, 25772.3], [1.858, 27668.5], [1.8579, 161008.7], [1.8578, 70041.0], [1.8577, 60759.6], [1.8576, 25313.7]], "asks": [[1.8596, 24245.5], [1.8597, 11499.2], [1.8598, 8653.5], [1.8599, 12087.6], [1.86, 34973.9], [1.8601, 83752.2], [1.8602, 48766.1], [1.8603, 63997.9], [1.8604, 68547.5], [1.8605, 88443.3], [1.8606, 41082.8], [1.8607, 36356.2], [1.8608, 81103.6], [1.8609, 44629.1], [1.861, 156868.6], [1.8611, 23053.9], [1.8612, 31267.3], [1.8613, 20444.8], [1.8614, 69298.5], [1.8615, 58308.0]], "timestamp": "2025-12-18T00:06:11.084855+00:00"}, {"symbol": "XRPUSDT", "bids": [[1.8603, 20416.2], [1.8602, 30774.8], [1.8601, 32904.8], [1.86, 31540.7], [1.8599, 33272.8], [1.8598, 30711.5], [1.8597, 35029.3], [1.8596, 69673.9], [1.8595, 29443.0], [1.8594, 29232.2], [1.8593, 41376.4], [1.8592, 82198.3], [1.8591, 16945.5], [1.859, 37080.1], [1.8589, 48622.8], [1.8588, 148002.7], [1.8587, 18240.7], [1.8586, 28134.3], [1.8585, 49596.3], [1.8584, 98525.8]], "asks": [[1.8604, 8947.9], [1.8605, 8896.5], [1.8606, 30967.9], [1.8607, 42845.6], [1.8608, 42553.4], [1.8609, 54212.7], [1.861, 53572.6], [1.8611, 30354.0], [1.8612, 55715.5], [1.8613, 46504.3], [1.8614, 73642.8], [1.8615, 54996.6], [1.8616, 34073.4], [1.8617, 50265.0], [1.8618, 61472.1], [1.8619, 20856.1], [1.862, 55136.6], [1.8621, 135647.6], [1.8622, 76986.8], [1.8623, 19865.7]], "timestamp": "2025-12-18T00:07:07.818280+00:00"}, {"symbol": "XRPUSDT", "bids": [[1.8599, 26279.3], [1.8598, 27715.0], [1.8597, 29440.5], [1.8596, 39315.1], [1.8595, 51467.2], [1.8594, 58735.3], [1.8593, 46744.6], [1.8592, 81288.7], [1.8591, 51074.7], [1.859, 52897.8], [1.8589, 44015.7], [1.8588, 63103.9], [1.8587, 29245.3], [1.8586, 27919.5], [1.8585, 65863.7], [1.8584, 157883.7], [1.8583, 26221.3], [1.8582, 31710.0], [1.8581, 27803.4], [1.858, 79763.4]], "asks": [[1.86, 17434.7], [1.8601, 5797.0], [1.8602, 10740.7], [1.8603, 14083.8], [1.8604, 19911.0], [1.8605, 67872.5], [1.8606, 35846.5], [1.8607, 90073.3], [1.8608, 45033.1], [1.8609, 62145.2], [1.861, 18897.9], [1.8611, 18931.2], [1.8612, 27802.0], [1.8613, 23772.2], [1.8614, 72988.3], [1.8615, 66244.0], [1.8616, 104523.5], [1.8617, 37853.0], [1.8618, 66134.9], [1.8619, 29470.7]], "timestamp": "2025-12-18T00:08:05.874415+00:00"}, {"symbol": "XRPUSDT", "bids": [[1.8594, 5063.5], [1.8593, 19196.1], [1.8592, 24675.9], [1.8591, 33422.5], [1.859, 35845.3], [1.8589, 33305.6], [1.8588, 58207.3], [1.8587, 68509.6], [1.8586, 34355.6], [1.8585, 40777.3], [1.8584, 61648.7], [1.8583, 72909.4], [1.8582, 21097.0], [1.8581, 35681.4], [1.858, 122078.6], [1.8579, 80349.8], [1.8578, 57738.0], [1.8577, 57431.5], [1.8576, 51502.1], [1.8575, 71976.5]], "asks": [[1.8595, 12002.1], [1.8596, 12792.9], [1.8597, 41045.3], [1.8598, 14028.8], [1.8599, 17852.6], [1.86, 54961.5], [1.8601, 72181.8], [1.8602, 43599.9], [1.8603, 49612.3], [1.8604, 41990.2], [1.8605, 75989.7], [1.8606, 53241.4], [1.8607, 56865.5], [1.8608, 39687.7], [1.8609, 81194.6], [1.861, 116187.4], [1.8611, 15182.5], [1.8612, 30799.0], [1.8613, 35619.8], [1.8614, 79659.6]], "timestamp": "2025-12-18T00:09:03.553727+00:00"}, {"symbol": "XRPUSDT", "bids": [[1.8599, 1920.3], [1.8598, 9079.7], [1.8597, 12303.3], [1.8596, 40459.2], [1.8595, 55439.1], [1.8594, 37396.5], [1.8593, 55516.0], [1.8592, 53323.7], [1.8591, 70121.8], [1.859, 60007.2], [1.8589, 26445.6], [1.8588, 24997.8], [1.8587, 60489.0], [1.8586, 36654.4], [1.8585, 132221.8], [1.8584, 54745.9], [1.8583, 69310.3], [1.8582, 23291.6], [1.8581, 58062.1], [1.858, 46126.2]], "asks": [[1.86, 58365.5], [1.8601, 22034.2], [1.8602, 12866.9], [1.8603, 10474.5], [1.8604, 17064.2], [1.8605, 58939.9], [1.8606, 49490.1], [1.8607, 57112.6], [1.8608, 63002.0], [1.8609, 71056.2], [1.861, 35327.5], [1.8611, 24617.6], [1.8612, 42743.7], [1.8613, 34609.9], [1.8614, 84033.3], [1.8615, 71311.7], [1.8616, 38657.4], [1.8617, 117870.0], [1.8618, 56245.0], [1.8619, 26495.6]], "timestamp": "2025-12-18T00:10:02.374987+00:00"}, {"symbol": "XRPUSDT", "bids": [[1.8586, 15606.1], [1.8585, 18078.4], [1.8584, 46937.2], [1.8583, 46345.5], [1.8582, 33845.7], [1.8581, 20116.6], [1.858, 54571.5], [1.8579, 83395.0], [1.8578, 56603.0], [1.8577, 26265.9], [1.8576, 29825.9], [1.8575, 32454.0], [1.8574, 53564.8], [1.8573, 116899.4], [1.8572, 57526.9], [1.8571, 94526.4], [1.857, 39644.3], [1.8569, 41271.5], [1.8568, 27025.3], [1.8567, 64264.8]], "asks": [[1.8587, 12021.1], [1.8588, 8994.1], [1.8589, 22310.0], [1.859, 33678.1], [1.8591, 45859.4], [1.8592, 80428.5], [1.8593, 118693.3], [1.8594, 66474.5], [1.8595, 47377.9], [1.8596, 58276.7], [1.8597, 66454.5], [1.8598, 32423.1], [1.8599, 46577.2], [1.86, 37772.9], [1.8601, 86659.5], [1.8602, 37652.6], [1.8603, 46043.6], [1.8604, 137855.2], [1.8605, 74036.4], [1.8606, 28295.8]], "timestamp": "2025-12-18T00:10:58.980690+00:00"}, {"symbol": "XRPUSDT", "bids": [[1.8594, 13090.7], [1.8593, 15362.7], [1.8592, 22523.8], [1.8591, 18051.0], [1.859, 34881.2], [1.8589, 44077.4], [1.8588, 59273.6], [1.8587, 32188.5], [1.8586, 25505.3], [1.8585, 28814.2], [1.8584, 98572.2], [1.8583, 27507.8], [1.8582, 30671.8], [1.8581, 113578.1], [1.858, 36106.5], [1.8579, 94997.4], [1.8578, 51627.5], [1.8577, 19113.4], [1.8576, 50752.5], [1.8575, 72745.2]], "asks": [[1.8595, 9164.7], [1.8596, 18089.5], [1.8597, 13305.5], [1.8598, 26243.1], [1.8599, 52489.4], [1.86, 31410.7], [1.8601, 106635.6], [1.8602, 51453.9], [1.8603, 65382.8], [1.8604, 29298.4], [1.8605, 71662.6], [1.8606, 31008.0], [1.8607, 36086.2], [1.8608, 62862.8], [1.8609, 92882.7], [1.861, 130888.3], [1.8611, 25684.2], [1.8612, 58144.3], [1.8613, 24690.5], [1.8614, 77102.4]], "timestamp": "2025-12-18T00:11:55.571269+00:00"}, {"symbol": "XRPUSDT", "bids": [[1.8587, 6500.6], [1.8586, 4543.4], [1.8585, 10857.2], [1.8584, 4846.4], [1.8583, 14503.4], [1.8582, 34634.4], [1.8581, 40210.8], [1.858, 34959.5], [1.8579, 95205.5], [1.8578, 53358.8], [1.8577, 30639.5], [1.8576, 21744.1], [1.8575, 40631.7], [1.8574, 93871.9], [1.8573, 23412.1], [1.8572, 50024.2], [1.8571, 186937.6], [1.857, 57405.6], [1.8569, 28041.0], [1.8568, 24577.4]], "asks": [[1.8588, 36891.8], [1.8589, 36018.6], [1.859, 16196.8], [1.8591, 29290.8], [1.8592, 64003.4], [1.8593, 45614.2], [1.8594, 46139.6], [1.8595, 45454.3], [1.8596, 102217.5], [1.8597, 53192.8], [1.8598, 42666.7], [1.8599, 51054.7], [1.86, 70482.7], [1.8601, 57609.5], [1.8602, 45576.2], [1.8603, 15947.7], [1.8604, 28416.8], [1.8605, 89610.2], [1.8606, 125408.8], [1.8607, 38157.4]], "timestamp": "2025-12-18T00:12:51.887544+00:00"}, {"symbol": "XRPUSDT", "bids": [[1.8596, 25597.5], [1.8595, 22592.6], [1.8594, 34984.6], [1.8593, 20744.0], [1.8592, 51768.5], [1.8591, 74209.3], [1.859, 42418.8], [1.8589, 47148.2], [1.8588, 43121.6], [1.8587, 90892.6], [1.8586, 23893.8], [1.8585, 22706.5], [1.8584, 149558.4], [1.8583, 65109.0], [1.8582, 27183.9], [1.8581, 30837.4], [1.858, 56741.8], [1.8579, 93514.8], [1.8578, 49283.2], [1.8577, 17383.4]], "asks": [[1.8597, 4040.1], [1.8598, 9858.7], [1.8599, 28950.3], [1.86, 46156.7], [1.8601, 16358.8], [1.8602, 45406.2], [1.8603, 42574.7], [1.8604, 59504.3], [1.8605, 71264.9], [1.8606, 40399.3], [1.8607, 43237.8], [1.8608, 74109.6], [1.8609, 77880.5], [1.861, 27047.7], [1.8611, 19215.2], [1.8612, 60680.4], [1.8613, 45240.1], [1.8614, 173285.1], [1.8615, 56179.0], [1.8616, 21442.6]], "timestamp": "2025-12-18T00:13:45.842927+00:00"}, {"symbol": "XRPUSDT", "bids": [[1.8601, 4971.9], [1.86, 5604.9], [1.8599, 34147.5], [1.8598, 19812.0], [1.8597, 28723.7], [1.8596, 78006.9], [1.8595, 55743.3], [1.8594, 26783.8], [1.8593, 33292.8], [1.8592, 57281.1], [1.8591, 70438.9], [1.859, 32241.5], [1.8589, 16186.8], [1.8588, 52360.5], [1.8587, 159959.7], [1.8586, 57117.2], [1.8585, 25105.5], [1.8584, 73414.8], [1.8583, 59728.1], [1.8582, 17352.0]], "asks": [[1.8602, 46204.0], [1.8603, 28836.7], [1.8604, 33860.9], [1.8605, 34104.8], [1.8606, 48336.7], [1.8607, 38675.4], [1.8608, 77270.3], [1.8609, 43412.1], [1.861, 76394.5], [1.8611, 51224.4], [1.8612, 63705.8], [1.8613, 60180.8], [1.8614, 80814.3], [1.8615, 60069.4], [1.8616, 28848.8], [1.8617, 47561.5], [1.8618, 159981.2], [1.8619, 27641.0], [1.862, 41228.0], [1.8621, 27425.1]], "timestamp": "2025-12-18T00:14:39.701467+00:00"}, {"symbol": "XRPUSDT", "bids": [[1.8602, 12945.1], [1.8601, 11848.9], [1.86, 22601.8], [1.8599, 29967.1], [1.8598, 36235.8], [1.8597, 80667.0], [1.8596, 86994.6], [1.8595, 67609.2], [1.8594, 39527.1], [1.8593, 24212.8], [1.8592, 26842.1], [1.8591, 82308.3], [1.859, 150156.6], [1.8589, 20216.0], [1.8588, 31782.5], [1.8587, 67153.2], [1.8586, 21332.0], [1.8585, 38255.6], [1.8584, 70013.2], [1.8583, 100581.1]], "asks": [[1.8603, 20235.0], [1.8604, 14611.6], [1.8605, 20424.4], [1.8606, 12854.3], [1.8607, 11965.1], [1.8608, 36367.2], [1.8609, 64693.7], [1.861, 107803.6], [1.8611, 40922.1], [1.8612, 74132.2], [1.8613, 33335.8], [1.8614, 76701.7], [1.8615, 53692.7], [1.8616, 27686.4], [1.8617, 35134.3], [1.8618, 59096.2], [1.8619, 34888.5], [1.862, 54729.4], [1.8621, 128325.3], [1.8622, 84674.2]], "timestamp": "2025-12-18T00:15:33.875875+00:00"}, {"symbol": "XRPUSDT", "bids": [[1.8607, 29249.7], [1.8606, 20049.4], [1.8605, 27610.5], [1.8604, 29807.9], [1.8603, 25120.2], [1.8602, 46177.1], [1.8601, 69855.0], [1.86, 77635.2], [1.8599, 40747.5], [1.8598, 30304.6], [1.8597, 38235.3], [1.8596, 60487.2], [1.8595, 82550.6], [1.8594, 116057.3], [1.8593, 18625.5], [1.8592, 35271.9], [1.8591, 72126.6], [1.859, 90857.0], [1.8589, 23049.2], [1.8588, 62137.7]], "asks": [[1.8608, 2231.0], [1.8609, 3528.2], [1.861, 10112.3], [1.8611, 14804.7], [1.8612, 35470.3], [1.8613, 32058.0], [1.8614, 109486.2], [1.8615, 57789.4], [1.8616, 53074.4], [1.8617, 43898.3], [1.8618, 59243.1], [1.8619, 38382.8], [1.862, 38504.4], [1.8621, 28188.4], [1.8622, 76912.6], [1.8623, 16255.3], [1.8624, 21381.6], [1.8625, 60800.7], [1.8626, 172160.3], [1.8627, 60912.4]], "timestamp": "2025-12-18T00:16:27.428015+00:00"}, {"symbol": "XRPUSDT", "bids": [[1.8626, 17465.4], [1.8625, 31547.9], [1.8624, 20141.1], [1.8623, 19041.3], [1.8622, 16614.1], [1.8621, 69021.0], [1.862, 37661.9], [1.8619, 24190.8], [1.8618, 40873.6], [1.8617, 110445.5], [1.8616, 17190.4], [1.8615, 40727.0], [1.8614, 110630.5], [1.8613, 25508.8], [1.8612, 58362.0], [1.8611, 27856.3], [1.861, 41174.1], [1.8609, 46343.6], [1.8608, 66344.0], [1.8607, 28934.1]], "asks": [[1.8627, 12830.4], [1.8628, 10899.0], [1.8629, 13801.5], [1.863, 11359.2], [1.8631, 36216.6], [1.8632, 65944.2], [1.8633, 49276.3], [1.8634, 65412.3], [1.8635, 73452.1], [1.8636, 47479.4], [1.8637, 53772.4], [1.8638, 78752.6], [1.8639, 27391.1], [1.864, 34365.4], [1.8641, 36259.3], [1.8642, 64922.6], [1.8643, 24632.6], [1.8644, 70437.5], [1.8645, 118038.4], [1.8646, 62554.6]], "timestamp": "2025-12-18T00:17:23.442652+00:00"}, {"symbol": "XRPUSDT", "bids": [[1.8613, 14809.2], [1.8612, 7003.2], [1.8611, 6665.3], [1.861, 11384.1], [1.8609, 49592.8], [1.8608, 85203.4], [1.8607, 24022.7], [1.8606, 22304.9], [1.8605, 37949.2], [1.8604, 63937.7], [1.8603, 27538.9], [1.8602, 62774.3], [1.8601, 101501.6], [1.86, 67839.6], [1.8599, 37579.3], [1.8598, 19499.2], [1.8597, 38560.5], [1.8596, 89440.7], [1.8595, 65209.8], [1.8594, 19109.8]], "asks": [[1.8614, 14627.9], [1.8615, 10276.3], [1.8616, 31090.3], [1.8617, 19737.5], [1.8618, 14013.1], [1.8619, 23819.3], [1.862, 83757.0], [1.8621, 89299.9], [1.8622, 54227.2], [1.8623, 64311.8], [1.8624, 58921.3], [1.8625, 81004.6], [1.8626, 41984.8], [1.8627, 34303.7], [1.8628, 39657.7], [1.8629, 28025.7], [1.863, 185545.7], [1.8631, 35601.7], [1.8632, 28812.0], [1.8633, 24025.9]], "timestamp": "2025-12-18T00:18:17.612873+00:00"}, {"symbol": "XRPUSDT", "bids": [[1.8613, 8314.8], [1.8612, 11790.3], [1.8611, 9417.5], [1.861, 8587.0], [1.8609, 21978.4], [1.8608, 87471.6], [1.8607, 38390.5], [1.8606, 22837.6], [1.8605, 39629.7], [1.8604, 79571.6], [1.8603, 34853.8], [1.8602, 48718.3], [1.8601, 20062.3], [1.86, 62999.0], [1.8599, 47774.6], [1.8598, 97936.4], [1.8597, 27188.3], [1.8596, 101906.4], [1.8595, 75419.9], [1.8594, 24225.1]], "asks": [[1.8614, 35814.2], [1.8615, 22308.4], [1.8616, 16415.7], [1.8617, 11537.2], [1.8618, 33573.8], [1.8619, 45273.0], [1.862, 127961.8], [1.8621, 70047.2], [1.8622, 54357.1], [1.8623, 48110.3], [1.8624, 27709.2], [1.8625, 34259.9], [1.8626, 61986.3], [1.8627, 25643.5], [1.8628, 46078.5], [1.8629, 122838.6], [1.863, 89021.1], [1.8631, 38884.3], [1.8632, 27049.4], [1.8633, 25375.5]], "timestamp": "2025-12-18T00:19:11.476920+00:00"}, {"symbol": "XRPUSDT", "bids": [[1.8599, 33806.6], [1.8598, 12480.0], [1.8597, 18934.7], [1.8596, 9679.3], [1.8595, 13558.0], [1.8594, 18153.7], [1.8593, 29193.1], [1.8592, 32595.3], [1.8591, 88189.8], [1.859, 59542.5], [1.8589, 21089.0], [1.8588, 33176.2], [1.8587, 71127.4], [1.8586, 37277.0], [1.8585, 103374.4], [1.8584, 54558.1], [1.8583, 63805.5], [1.8582, 19455.2], [1.8581, 42743.6], [1.858, 64976.7]], "asks": [[1.86, 7673.6], [1.8601, 4834.2], [1.8602, 13085.4], [1.8603, 34858.5], [1.8604, 48000.2], [1.8605, 78785.8], [1.8606, 35780.5], [1.8607, 84452.8], [1.8608, 47546.7], [1.8609, 80230.4], [1.861, 34535.4], [1.8611, 28826.4], [1.8612, 35851.7], [1.8613, 74482.3], [1.8614, 53594.9], [1.8615, 33246.4], [1.8616, 122780.0], [1.8617, 22546.1], [1.8618, 63363.2], [1.8619, 38711.0]], "timestamp": "2025-12-18T00:20:05.340168+00:00"}, {"symbol": "XRPUSDT", "bids": [[1.8584, 18353.9], [1.8583, 18513.6], [1.8582, 7729.0], [1.8581, 12384.7], [1.858, 21885.6], [1.8579, 36873.5], [1.8578, 78052.4], [1.8577, 42911.1], [1.8576, 20022.8], [1.8575, 49362.1], [1.8574, 61501.8], [1.8573, 25225.6], [1.8572, 35748.3], [1.8571, 112173.2], [1.857, 139955.7], [1.8569, 17237.6], [1.8568, 21917.9], [1.8567, 69437.8], [1.8566, 46159.0], [1.8565, 45402.4]], "asks": [[1.8585, 12288.0], [1.8586, 11376.8], [1.8587, 16061.6], [1.8588, 13100.5], [1.8589, 59258.5], [1.859, 22079.5], [1.8591, 43984.7], [1.8592, 54411.9], [1.8593, 97659.4], [1.8594, 50145.2], [1.8595, 25825.4], [1.8596, 24494.5], [1.8597, 70791.6], [1.8598, 31704.0], [1.8599, 30750.2], [1.86, 67010.9], [1.8601, 151071.7], [1.8602, 19722.8], [1.8603, 14213.7], [1.8604, 29145.2]], "timestamp": "2025-12-18T00:21:00.227946+00:00"}, {"symbol": "XRPUSDT", "bids": [[1.8593, 9978.4], [1.8592, 4784.1], [1.8591, 15370.4], [1.859, 41735.9], [1.8589, 66617.6], [1.8588, 45127.9], [1.8587, 34659.5], [1.8586, 43489.0], [1.8585, 108111.9], [1.8584, 77457.3], [1.8583, 40307.9], [1.8582, 25206.0], [1.8581, 21800.6], [1.858, 42761.4], [1.8579, 153894.8], [1.8578, 67998.1], [1.8577, 42084.2], [1.8576, 32182.7], [1.8575, 77656.2], [1.8574, 57922.7]], "asks": [[1.8594, 47339.6], [1.8595, 21421.0], [1.8596, 7137.6], [1.8597, 10486.1], [1.8598, 12762.0], [1.8599, 22000.0], [1.86, 56355.5], [1.8601, 77015.2], [1.8602, 43689.9], [1.8603, 19727.6], [1.8604, 32306.7], [1.8605, 73271.5], [1.8606, 29956.0], [1.8607, 50411.1], [1.8608, 30356.7], [1.8609, 73792.5], [1.861, 33781.6], [1.8611, 100399.6], [1.8612, 26364.6], [1.8613, 90538.2]], "timestamp": "2025-12-18T00:21:53.814119+00:00"}, {"symbol": "XRPUSDT", "bids": [[1.8599, 14186.8], [1.8598, 12438.9], [1.8597, 36145.9], [1.8596, 34998.8], [1.8595, 15707.2], [1.8594, 66838.2], [1.8593, 33814.9], [1.8592, 30139.6], [1.8591, 50879.1], [1.859, 59024.6], [1.8589, 55826.7], [1.8588, 26713.9], [1.8587, 29110.0], [1.8586, 117753.6], [1.8585, 59012.6], [1.8584, 73867.5], [1.8583, 17187.5], [1.8582, 47166.9], [1.8581, 61408.0], [1.858, 46837.3]], "asks": [[1.86, 7737.2], [1.8601, 3571.7], [1.8602, 14444.6], [1.8603, 15744.8], [1.8604, 38396.9], [1.8605, 52432.7], [1.8606, 89328.8], [1.8607, 64284.5], [1.8608, 45666.2], [1.8609, 63550.6], [1.861, 68048.3], [1.8611, 27429.5], [1.8612, 30408.8], [1.8613, 34118.1], [1.8614, 54305.0], [1.8615, 24773.3], [1.8616, 66100.8], [1.8617, 110454.9], [1.8618, 58479.8], [1.8619, 40377.4]], "timestamp": "2025-12-18T00:22:48.291949+00:00"}, {"symbol": "XRPUSDT", "bids": [[1.8609, 26249.2], [1.8608, 24983.5], [1.8607, 17408.0], [1.8606, 65429.9], [1.8605, 33204.7], [1.8604, 19570.2], [1.8603, 47616.9], [1.8602, 99948.6], [1.8601, 56802.8], [1.86, 66707.5], [1.8599, 31214.3], [1.8598, 60935.3], [1.8597, 32052.5], [1.8596, 77549.7], [1.8595, 124534.0], [1.8594, 58705.3], [1.8593, 29436.4], [1.8592, 42078.5], [1.8591, 36915.3], [1.859, 71803.5]], "asks": [[1.861, 10802.6], [1.8611, 4038.8], [1.8612, 6833.5], [1.8613, 16281.6], [1.8614, 57718.5], [1.8615, 56026.7], [1.8616, 63039.0], [1.8617, 39646.1], [1.8618, 74956.6], [1.8619, 48359.0], [1.862, 41550.3], [1.8621, 28061.5], [1.8622, 74273.1], [1.8623, 55283.4], [1.8624, 23465.1], [1.8625, 32550.2], [1.8626, 99457.3], [1.8627, 30280.1], [1.8628, 120776.0], [1.8629, 28924.6]], "timestamp": "2025-12-18T00:23:41.818704+00:00"}, {"symbol": "XRPUSDT", "bids": [[1.8605, 20451.9], [1.8604, 11997.1], [1.8603, 9426.6], [1.8602, 16217.0], [1.8601, 18852.6], [1.86, 51032.5], [1.8599, 26965.2], [1.8598, 62889.4], [1.8597, 45564.8], [1.8596, 56060.4], [1.8595, 27436.3], [1.8594, 54310.5], [1.8593, 24548.9], [1.8592, 107569.3], [1.8591, 32961.2], [1.859, 75224.7], [1.8589, 53994.0], [1.8588, 39946.0], [1.8587, 14973.0], [1.8586, 26979.7]], "asks": [[1.8606, 3977.8], [1.8607, 6081.8], [1.8608, 22180.2], [1.8609, 45506.7], [1.861, 60771.1], [1.8611, 58239.3], [1.8612, 56223.6], [1.8613, 78740.2], [1.8614, 85465.7], [1.8615, 98544.5], [1.8616, 41854.8], [1.8617, 35051.9], [1.8618, 68105.7], [1.8619, 32730.2], [1.862, 51415.0], [1.8621, 28118.0], [1.8622, 73916.8], [1.8623, 151144.6], [1.8624, 31286.0], [1.8625, 43839.7]], "timestamp": "2025-12-18T00:24:35.477377+00:00"}, {"symbol": "XRPUSDT", "bids": [[1.8622, 15488.6], [1.8621, 6004.2], [1.862, 17645.8], [1.8619, 30835.0], [1.8618, 23407.9], [1.8617, 36045.8], [1.8616, 107498.7], [1.8615, 62730.2], [1.8614, 47875.3], [1.8613, 37956.5], [1.8612, 66186.0], [1.8611, 28871.5], [1.861, 40991.6], [1.8609, 118057.2], [1.8608, 91307.2], [1.8607, 33644.9], [1.8606, 20834.0], [1.8605, 47930.8], [1.8604, 57020.0], [1.8603, 31808.8]], "asks": [[1.8623, 13622.6], [1.8624, 12741.1], [1.8625, 12796.2], [1.8626, 6917.2], [1.8627, 21022.5], [1.8628, 18770.4], [1.8629, 51185.7], [1.863, 91074.6], [1.8631, 35558.0], [1.8632, 26452.0], [1.8633, 40747.1], [1.8634, 74680.4], [1.8635, 28258.3], [1.8636, 37359.5], [1.8637, 53709.1], [1.8638, 55589.7], [1.8639, 32573.5], [1.864, 115697.3], [1.8641, 36375.9], [1.8642, 59569.0]], "timestamp": "2025-12-18T00:25:29.238440+00:00"}, {"symbol": "XRPUSDT", "bids": [[1.8627, 7677.5], [1.8626, 10877.3], [1.8625, 9888.0], [1.8624, 13544.3], [1.8623, 23455.0], [1.8622, 32886.0], [1.8621, 69185.6], [1.862, 91263.3], [1.8619, 40805.8], [1.8618, 36663.0], [1.8617, 33208.1], [1.8616, 71506.4], [1.8615, 29993.8], [1.8614, 54970.2], [1.8613, 130463.3], [1.8612, 67269.5], [1.8611, 20079.3], [1.861, 37301.0], [1.8609, 44077.4], [1.8608, 101186.4]], "asks": [[1.8628, 16940.2], [1.8629, 26956.7], [1.863, 21274.8], [1.8631, 16187.7], [1.8632, 18695.0], [1.8633, 19559.7], [1.8634, 91088.0], [1.8635, 36727.4], [1.8636, 49433.7], [1.8637, 53327.8], [1.8638, 62789.0], [1.8639, 23348.9], [1.864, 29834.1], [1.8641, 29939.0], [1.8642, 62831.1], [1.8643, 45634.9], [1.8644, 146396.6], [1.8645, 52131.1], [1.8646, 62620.7], [1.8647, 17894.3]], "timestamp": "2025-12-18T00:26:23.204207+00:00"}, {"symbol": "XRPUSDT", "bids": [[1.8627, 3244.9], [1.8626, 21322.1], [1.8625, 7910.8], [1.8624, 10570.4], [1.8623, 20608.1], [1.8622, 37566.5], [1.8621, 59299.1], [1.862, 86756.4], [1.8619, 25481.1], [1.8618, 37459.2], [1.8617, 23052.3], [1.8616, 61779.4], [1.8615, 28496.9], [1.8614, 53466.1], [1.8613, 39784.1], [1.8612, 70572.5], [1.8611, 109578.7], [1.861, 50491.4], [1.8609, 48780.3], [1.8608, 112694.3]], "asks": [[1.8628, 48849.9], [1.8629, 32350.0], [1.863, 19057.1], [1.8631, 14513.3], [1.8632, 17251.4], [1.8633, 64480.0], [1.8634, 73608.1], [1.8635, 48723.7], [1.8636, 39681.7], [1.8637, 68788.5], [1.8638, 84237.3], [1.8639, 38916.6], [1.864, 31794.9], [1.8641, 41809.2], [1.8642, 93215.0], [1.8643, 119622.2], [1.8644, 57874.0], [1.8645, 32875.4], [1.8646, 62195.2], [1.8647, 33198.6]], "timestamp": "2025-12-18T00:27:17.579934+00:00"}, {"symbol": "XRPUSDT", "bids": [[1.8639, 42419.5], [1.8638, 25309.1], [1.8637, 32328.5], [1.8636, 49921.8], [1.8635, 29441.6], [1.8634, 28101.0], [1.8633, 90536.4], [1.8632, 46580.0], [1.8631, 43344.5], [1.863, 44401.2], [1.8629, 67527.7], [1.8628, 34588.3], [1.8627, 75817.5], [1.8626, 145011.7], [1.8625, 77935.8], [1.8624, 26913.3], [1.8623, 32002.9], [1.8622, 24487.3], [1.8621, 88848.5], [1.862, 92682.6]], "asks": [[1.864, 1305.3], [1.8641, 2614.7], [1.8642, 22709.4], [1.8643, 7971.5], [1.8644, 21099.9], [1.8645, 67018.0], [1.8646, 89687.6], [1.8647, 38019.7], [1.8648, 39598.9], [1.8649, 48497.4], [1.865, 98299.6], [1.8651, 81362.6], [1.8652, 38007.8], [1.8653, 24845.3], [1.8654, 28719.0], [1.8655, 61203.5], [1.8656, 32921.8], [1.8657, 68504.0], [1.8658, 126717.2], [1.8659, 31376.6]], "timestamp": "2025-12-18T00:28:11.136186+00:00"}, {"symbol": "XRPUSDT", "bids": [[1.8678, 12297.3], [1.8677, 14003.8], [1.8676, 101335.1], [1.8675, 153031.2], [1.8674, 24743.1], [1.8673, 15712.2], [1.8672, 94352.0], [1.8671, 68875.4], [1.867, 42828.0], [1.8669, 31299.1], [1.8668, 57384.5], [1.8667, 64308.3], [1.8666, 57650.5], [1.8665, 43867.8], [1.8664, 40967.5], [1.8663, 90525.5], [1.8662, 167747.5], [1.8661, 34478.6], [1.866, 62650.6], [1.8659, 52646.7]], "asks": [[1.8679, 30677.2], [1.868, 19418.8], [1.8681, 17670.4], [1.8682, 24623.6], [1.8683, 19019.9], [1.8684, 41778.4], [1.8685, 65842.7], [1.8686, 71164.2], [1.8687, 41393.0], [1.8688, 82328.2], [1.8689, 74118.3], [1.869, 79854.5], [1.8691, 31087.3], [1.8692, 39452.1], [1.8693, 55147.5], [1.8694, 35808.2], [1.8695, 28424.3], [1.8696, 50215.5], [1.8697, 60053.7], [1.8698, 122287.4]], "timestamp": "2025-12-18T00:29:04.939909+00:00"}, {"symbol": "XRPUSDT", "bids": [[1.867, 16017.5], [1.8669, 25872.4], [1.8668, 37752.7], [1.8667, 80424.2], [1.8666, 83884.8], [1.8665, 20123.4], [1.8664, 85023.2], [1.8663, 70429.8], [1.8662, 83515.4], [1.8661, 65688.8], [1.866, 51520.0], [1.8659, 32439.0], [1.8658, 49942.0], [1.8657, 37057.4], [1.8656, 143588.8], [1.8655, 56340.2], [1.8654, 91128.6], [1.8653, 23742.1], [1.8652, 58044.2], [1.8651, 25372.5]], "asks": [[1.8671, 3945.1], [1.8672, 4111.0], [1.8673, 13280.0], [1.8674, 5083.8], [1.8675, 10231.3], [1.8676, 12032.8], [1.8677, 41276.4], [1.8678, 96266.0], [1.8679, 38090.9], [1.868, 49738.2], [1.8681, 51830.6], [1.8682, 105971.0], [1.8683, 27092.1], [1.8684, 30552.3], [1.8685, 54635.7], [1.8686, 27424.4], [1.8687, 35947.7], [1.8688, 115136.6], [1.8689, 61440.4], [1.869, 54330.4]], "timestamp": "2025-12-18T00:29:59.272106+00:00"}, {"symbol": "XRPUSDT", "bids": [[1.8657, 11083.3], [1.8656, 23563.0], [1.8655, 95925.5], [1.8654, 36987.6], [1.8653, 49912.3], [1.8652, 56932.9], [1.8651, 96242.8], [1.865, 59329.0], [1.8649, 32331.3], [1.8648, 31789.1], [1.8647, 52568.9], [1.8646, 24748.0], [1.8645, 50592.1], [1.8644, 60104.5], [1.8643, 188389.6], [1.8642, 50277.7], [1.8641, 22859.3], [1.864, 39190.0], [1.8639, 80727.8], [1.8638, 27462.9]], "asks": [[1.8658, 18981.7], [1.8659, 8201.0], [1.866, 13353.6], [1.8661, 32798.6], [1.8662, 36297.1], [1.8663, 20068.5], [1.8664, 43302.4], [1.8665, 45247.9], [1.8666, 70501.5], [1.8667, 34941.3], [1.8668, 52576.6], [1.8669, 47835.3], [1.867, 74423.0], [1.8671, 30370.9], [1.8672, 36736.5], [1.8673, 34584.6], [1.8674, 105052.5], [1.8675, 107900.6], [1.8676, 25007.5], [1.8677, 24020.3]], "timestamp": "2025-12-18T00:30:53.443238+00:00"}, {"symbol": "XRPUSDT", "bids": [[1.8666, 15188.8], [1.8665, 19226.1], [1.8664, 53746.5], [1.8663, 78864.3], [1.8662, 35259.3], [1.8661, 38270.3], [1.866, 74555.4], [1.8659, 80438.1], [1.8658, 28799.7], [1.8657, 60488.1], [1.8656, 44551.0], [1.8655, 66852.7], [1.8654, 44304.1], [1.8653, 64032.0], [1.8652, 51876.7], [1.8651, 180467.3], [1.865, 20066.1], [1.8649, 32004.1], [1.8648, 36775.5], [1.8647, 52992.1]], "asks": [[1.8667, 10774.7], [1.8668, 29134.9], [1.8669, 33913.0], [1.867, 12481.1], [1.8671, 31253.8], [1.8672, 13105.5], [1.8673, 41400.1], [1.8674, 73521.9], [1.8675, 34003.5], [1.8676, 31483.8], [1.8677, 66810.7], [1.8678, 71479.1], [1.8679, 31127.1], [1.868, 48682.1], [1.8681, 31929.1], [1.8682, 79828.6], [1.8683, 29146.6], [1.8684, 104368.4], [1.8685, 59744.2], [1.8686, 29217.9]], "timestamp": "2025-12-18T00:31:47.615659+00:00"}, {"symbol": "XRPUSDT", "bids": [[1.8665, 27786.3], [1.8664, 50688.7], [1.8663, 49253.3], [1.8662, 23450.2], [1.8661, 22138.0], [1.866, 28443.2], [1.8659, 100737.2], [1.8658, 75206.9], [1.8657, 44481.1], [1.8656, 47153.6], [1.8655, 62465.0], [1.8654, 19301.2], [1.8653, 28668.1], [1.8652, 46755.1], [1.8651, 181499.7], [1.865, 51425.8], [1.8649, 38264.0], [1.8648, 36233.1], [1.8647, 53715.6], [1.8646, 57953.5]], "asks": [[1.8666, 5112.9], [1.8667, 6536.4], [1.8668, 17399.2], [1.8669, 12541.2], [1.867, 21803.9], [1.8671, 16021.7], [1.8672, 47758.9], [1.8673, 46551.7], [1.8674, 101444.5], [1.8675, 49024.8], [1.8676, 47569.4], [1.8677, 46009.3], [1.8678, 68204.5], [1.8679, 27655.7], [1.868, 60282.9], [1.8681, 26655.2], [1.8682, 84920.3], [1.8683, 41891.7], [1.8684, 117687.1], [1.8685, 51709.5]], "timestamp": "2025-12-18T00:32:41.783731+00:00"}, {"symbol": "XRPUSDT", "bids": [[1.867, 1262.0], [1.8669, 250.9], [1.8668, 41305.4], [1.8667, 61476.0], [1.8666, 42937.8], [1.8665, 108533.1], [1.8664, 98560.8], [1.8663, 63686.0], [1.8662, 48904.0], [1.8661, 26312.0], [1.866, 37388.6], [1.8659, 61992.2], [1.8658, 82497.5], [1.8657, 44998.2], [1.8656, 49311.1], [1.8655, 62422.7], [1.8654, 130023.8], [1.8653, 21406.7], [1.8652, 33280.9], [1.8651, 87971.3]], "asks": [[1.8671, 36195.1], [1.8672, 19500.1], [1.8673, 19783.8], [1.8674, 31290.4], [1.8675, 34630.3], [1.8676, 48285.8], [1.8677, 49822.8], [1.8678, 46681.3], [1.8679, 54897.0], [1.868, 91751.5], [1.8681, 49129.3], [1.8682, 41053.3], [1.8683, 56216.8], [1.8684, 57405.5], [1.8685, 96483.5], [1.8686, 28201.6], [1.8687, 33082.2], [1.8688, 121731.2], [1.8689, 57537.8], [1.869, 72999.0]], "timestamp": "2025-12-18T00:33:35.649865+00:00"}, {"symbol": "XRPUSDT", "bids": [[1.8678, 16473.4], [1.8677, 10190.6], [1.8676, 36518.7], [1.8675, 71933.9], [1.8674, 29977.7], [1.8673, 42308.9], [1.8672, 70379.5], [1.8671, 93630.1], [1.867, 88149.8], [1.8669, 62376.5], [1.8668, 52990.8], [1.8667, 81432.6], [1.8666, 67456.0], [1.8665, 117656.0], [1.8664, 196847.7], [1.8663, 66245.4], [1.8662, 65218.0], [1.8661, 21072.5], [1.866, 54462.5], [1.8659, 54481.3]], "asks": [[1.8679, 18747.6], [1.868, 14898.6], [1.8681, 10131.2], [1.8682, 8620.0], [1.8683, 11877.7], [1.8684, 26965.0], [1.8685, 71314.9], [1.8686, 44508.1], [1.8687, 27475.8], [1.8688, 51203.5], [1.8689, 90084.6], [1.869, 64483.6], [1.8691, 51115.7], [1.8692, 38843.8], [1.8693, 61390.3], [1.8694, 37734.6], [1.8695, 47810.2], [1.8696, 131395.9], [1.8697, 76672.4], [1.8698, 76783.0]], "timestamp": "2025-12-18T00:34:29.203255+00:00"}, {"symbol": "XRPUSDT", "bids": [[1.8668, 6178.8], [1.8667, 22884.6], [1.8666, 44268.5], [1.8665, 87137.2], [1.8664, 21333.0], [1.8663, 82573.7], [1.8662, 36184.8], [1.8661, 28889.0], [1.866, 41598.8], [1.8659, 55390.9], [1.8658, 42725.7], [1.8657, 39853.4], [1.8656, 42052.9], [1.8655, 60298.6], [1.8654, 40292.1], [1.8653, 20519.0], [1.8652, 39419.8], [1.8651, 93627.9], [1.865, 196583.5], [1.8649, 30861.2]], "asks": [[1.8669, 37415.3], [1.867, 47600.3], [1.8671, 56787.8], [1.8672, 36366.8], [1.8673, 50988.1], [1.8674, 18874.1], [1.8675, 10850.4], [1.8676, 41521.8], [1.8677, 41850.1], [1.8678, 37124.0], [1.8679, 43114.4], [1.868, 61040.6], [1.8681, 77443.7], [1.8682, 32107.0], [1.8683, 36693.1], [1.8684, 70622.0], [1.8685, 99958.2], [1.8686, 41214.6], [1.8687, 117495.2], [1.8688, 32658.5]], "timestamp": "2025-12-18T00:35:23.476034+00:00"}, {"symbol": "XRPUSDT", "bids": [[1.8666, 26697.6], [1.8665, 20009.3], [1.8664, 49468.9], [1.8663, 70373.2], [1.8662, 32715.4], [1.8661, 60935.1], [1.866, 84696.2], [1.8659, 70088.2], [1.8658, 37650.8], [1.8657, 52887.1], [1.8656, 31665.3], [1.8655, 64996.0], [1.8654, 31099.0], [1.8653, 56390.4], [1.8652, 138599.3], [1.8651, 97042.7], [1.865, 55512.1], [1.8649, 40587.0], [1.8648, 28888.9], [1.8647, 51697.4]], "asks": [[1.8667, 13011.2], [1.8668, 8561.4], [1.8669, 17723.1], [1.867, 33645.6], [1.8671, 39542.0], [1.8672, 32305.6], [1.8673, 90314.4], [1.8674, 45612.3], [1.8675, 48960.0], [1.8676, 47270.3], [1.8677, 97839.0], [1.8678, 27185.8], [1.8679, 32899.4], [1.868, 74396.8], [1.8681, 68656.4], [1.8682, 22198.3], [1.8683, 23585.6], [1.8684, 80230.5], [1.8685, 175855.6], [1.8686, 29691.5]], "timestamp": "2025-12-18T00:36:17.032748+00:00"}, {"symbol": "XRPUSDT", "bids": [[1.8657, 24248.3], [1.8656, 21892.7], [1.8655, 50246.6], [1.8654, 19727.7], [1.8653, 16648.9], [1.8652, 32522.7], [1.8651, 107313.7], [1.865, 59722.6], [1.8649, 36411.4], [1.8648, 34063.7], [1.8647, 51285.7], [1.8646, 22116.2], [1.8645, 76430.4], [1.8644, 153731.7], [1.8643, 62368.6], [1.8642, 18770.1], [1.8641, 29374.4], [1.864, 75569.3], [1.8639, 73784.9], [1.8638, 21082.8]], "asks": [[1.8658, 12100.1], [1.8659, 17510.0], [1.866, 30609.7], [1.8661, 20259.2], [1.8662, 31057.4], [1.8663, 22643.9], [1.8664, 42801.9], [1.8665, 79211.0], [1.8666, 51844.5], [1.8667, 53400.0], [1.8668, 73369.8], [1.8669, 123842.4], [1.867, 48209.6], [1.8671, 28646.1], [1.8672, 46176.2], [1.8673, 74343.6], [1.8674, 27239.2], [1.8675, 33610.2], [1.8676, 127476.8], [1.8677, 75802.3]], "timestamp": "2025-12-18T00:37:11.366058+00:00"}, {"symbol": "XRPUSDT", "bids": [[1.8667, 24881.4], [1.8666, 20509.1], [1.8665, 35417.1], [1.8664, 57430.3], [1.8663, 97658.1], [1.8662, 46747.1], [1.8661, 59517.1], [1.866, 49045.2], [1.8659, 62362.1], [1.8658, 49279.8], [1.8657, 32846.0], [1.8656, 46039.9], [1.8655, 103473.8], [1.8654, 161531.9], [1.8653, 30308.9], [1.8652, 39216.8], [1.8651, 94008.2], [1.865, 50836.6], [1.8649, 34943.5], [1.8648, 33816.1]], "asks": [[1.8668, 11364.2], [1.8669, 9503.8], [1.867, 17255.9], [1.8671, 27242.6], [1.8672, 14139.3], [1.8673, 15984.9], [1.8674, 38403.9], [1.8675, 30605.4], [1.8676, 42769.7], [1.8677, 96578.9], [1.8678, 40052.2], [1.8679, 30960.9], [1.868, 76689.6], [1.8681, 76694.4], [1.8682, 33342.5], [1.8683, 21104.4], [1.8684, 56445.3], [1.8685, 100528.4], [1.8686, 119602.4], [1.8687, 13529.5]], "timestamp": "2025-12-18T00:38:05.065279+00:00"}, {"symbol": "XRPUSDT", "bids": [[1.868, 33601.5], [1.8679, 19769.2], [1.8678, 30543.1], [1.8677, 64184.0], [1.8676, 43674.4], [1.8675, 44075.3], [1.8674, 63023.1], [1.8673, 68208.2], [1.8672, 48674.2], [1.8671, 36097.7], [1.867, 42195.5], [1.8669, 27756.8], [1.8668, 53756.4], [1.8667, 83867.2], [1.8666, 115919.4], [1.8665, 82700.0], [1.8664, 53956.5], [1.8663, 52466.0], [1.8662, 22087.8], [1.8661, 36726.1]], "asks": [[1.8681, 7874.2], [1.8682, 10171.5], [1.8683, 10375.7], [1.8684, 19918.7], [1.8685, 36433.8], [1.8686, 26412.0], [1.8687, 29908.4], [1.8688, 39110.1], [1.8689, 75742.2], [1.869, 97960.2], [1.8691, 67864.2], [1.8692, 45237.7], [1.8693, 58415.0], [1.8694, 50274.2], [1.8695, 34502.3], [1.8696, 53706.4], [1.8697, 73374.4], [1.8698, 75235.0], [1.8699, 148818.1], [1.87, 61926.3]], "timestamp": "2025-12-18T00:38:59.953351+00:00"}, {"symbol": "XRPUSDT", "bids": [[1.8678, 6146.8], [1.8677, 11247.3], [1.8676, 27467.0], [1.8675, 28073.1], [1.8674, 23814.0], [1.8673, 56628.3], [1.8672, 58831.7], [1.8671, 34445.7], [1.867, 57228.2], [1.8669, 26086.1], [1.8668, 53548.8], [1.8667, 82082.8], [1.8666, 27670.6], [1.8665, 83260.5], [1.8664, 157884.4], [1.8663, 56923.2], [1.8662, 21514.7], [1.8661, 36934.3], [1.866, 35129.0], [1.8659, 58835.3]], "asks": [[1.8679, 25739.5], [1.868, 9799.2], [1.8681, 17308.8], [1.8682, 22688.3], [1.8683, 30439.0], [1.8684, 54575.2], [1.8685, 98594.3], [1.8686, 54561.1], [1.8687, 49638.2], [1.8688, 34877.0], [1.8689, 97085.4], [1.869, 92217.8], [1.8691, 48844.7], [1.8692, 38811.4], [1.8693, 66148.6], [1.8694, 54961.6], [1.8695, 42278.6], [1.8696, 164329.5], [1.8697, 65230.0], [1.8698, 33682.5]], "timestamp": "2025-12-18T00:39:53.962065+00:00"}, {"symbol": "XRPUSDT", "bids": [[1.8676, 3450.6], [1.8675, 7184.8], [1.8674, 23721.4], [1.8673, 43581.7], [1.8672, 76817.1], [1.8671, 45532.4], [1.867, 55331.5], [1.8669, 39855.7], [1.8668, 54301.9], [1.8667, 92957.3], [1.8666, 23162.6], [1.8665, 35109.2], [1.8664, 52917.4], [1.8663, 62241.5], [1.8662, 150191.3], [1.8661, 38842.2], [1.866, 42029.0], [1.8659, 92352.6], [1.8658, 37568.8], [1.8657, 24650.5]], "asks": [[1.8677, 27332.1], [1.8678, 15174.9], [1.8679, 17569.3], [1.868, 13729.3], [1.8681, 13602.7], [1.8682, 19940.4], [1.8683, 35266.0], [1.8684, 68309.8], [1.8685, 104302.2], [1.8686, 57382.8], [1.8687, 51035.6], [1.8688, 42017.0], [1.8689, 66099.2], [1.869, 88287.4], [1.8691, 48502.5], [1.8692, 50405.8], [1.8693, 68802.8], [1.8694, 146276.8], [1.8695, 24627.8], [1.8696, 60076.1]], "timestamp": "2025-12-18T00:40:48.191469+00:00"}, {"symbol": "XRPUSDT", "bids": [[1.8639, 18271.6], [1.8638, 15545.9], [1.8637, 20702.4], [1.8636, 27713.8], [1.8635, 42130.5], [1.8634, 63709.7], [1.8633, 82133.0], [1.8632, 44640.6], [1.8631, 35998.5], [1.863, 26298.9], [1.8629, 26306.0], [1.8628, 67272.4], [1.8627, 86436.9], [1.8626, 56113.6], [1.8625, 128889.5], [1.8624, 35785.8], [1.8623, 18430.8], [1.8622, 25504.9], [1.8621, 98224.2], [1.862, 61091.1]], "asks": [[1.864, 10321.3], [1.8641, 5823.5], [1.8642, 18635.9], [1.8643, 13050.9], [1.8644, 25601.7], [1.8645, 32180.9], [1.8646, 89724.7], [1.8647, 114504.9], [1.8648, 107330.6], [1.8649, 41466.7], [1.865, 57821.9], [1.8651, 82938.9], [1.8652, 36557.2], [1.8653, 47361.3], [1.8654, 40888.1], [1.8655, 64243.9], [1.8656, 43182.4], [1.8657, 126034.8], [1.8658, 25091.3], [1.8659, 68293.7]], "timestamp": "2025-12-18T00:41:42.156889+00:00"}, {"symbol": "XRPUSDT", "bids": [[1.8636, 33147.8], [1.8635, 12677.3], [1.8634, 16612.8], [1.8633, 26620.5], [1.8632, 26644.4], [1.8631, 24845.6], [1.863, 48601.1], [1.8629, 66904.6], [1.8628, 91847.1], [1.8627, 69254.5], [1.8626, 38342.3], [1.8625, 32162.9], [1.8624, 30733.1], [1.8623, 37731.3], [1.8622, 127798.4], [1.8621, 83278.4], [1.862, 58519.8], [1.8619, 48741.7], [1.8618, 54262.2], [1.8617, 24701.8]], "asks": [[1.8637, 5538.1], [1.8638, 11048.9], [1.8639, 8510.5], [1.864, 26723.5], [1.8641, 27195.0], [1.8642, 50158.5], [1.8643, 97284.4], [1.8644, 54787.4], [1.8645, 40317.1], [1.8646, 77437.2], [1.8647, 73681.5], [1.8648, 41219.7], [1.8649, 28366.7], [1.865, 48396.5], [1.8651, 58076.7], [1.8652, 19762.6], [1.8653, 58295.4], [1.8654, 129149.3], [1.8655, 65659.3], [1.8656, 28932.0]], "timestamp": "2025-12-18T00:42:36.327911+00:00"}, {"symbol": "XRPUSDT", "bids": [[1.8636, 17970.4], [1.8635, 25354.5], [1.8634, 25886.4], [1.8633, 26976.8], [1.8632, 36866.1], [1.8631, 56711.6], [1.863, 41310.4], [1.8629, 60766.5], [1.8628, 61080.9], [1.8627, 81832.8], [1.8626, 29965.7], [1.8625, 29628.2], [1.8624, 28812.4], [1.8623, 61934.5], [1.8622, 54051.3], [1.8621, 178504.0], [1.862, 51944.4], [1.8619, 60897.4], [1.8618, 51954.2], [1.8617, 18324.8]], "asks": [[1.8637, 9587.1], [1.8638, 9638.1], [1.8639, 44415.0], [1.864, 8091.5], [1.8641, 18070.8], [1.8642, 41091.5], [1.8643, 77078.3], [1.8644, 48768.5], [1.8645, 51573.3], [1.8646, 66394.9], [1.8647, 86300.3], [1.8648, 39175.8], [1.8649, 30427.4], [1.865, 49099.6], [1.8651, 55098.4], [1.8652, 20568.6], [1.8653, 52509.5], [1.8654, 138473.8], [1.8655, 64275.7], [1.8656, 34905.2]], "timestamp": "2025-12-18T00:43:30.190433+00:00"}, {"symbol": "XRPUSDT", "bids": [[1.8637, 26475.6], [1.8636, 26395.8], [1.8635, 30250.1], [1.8634, 26838.1], [1.8633, 46573.0], [1.8632, 31904.7], [1.8631, 82374.4], [1.863, 72603.6], [1.8629, 23952.2], [1.8628, 51837.5], [1.8627, 85149.7], [1.8626, 27596.9], [1.8625, 51372.7], [1.8624, 139557.9], [1.8623, 61430.9], [1.8622, 32297.2], [1.8621, 79172.9], [1.862, 56673.4], [1.8619, 49824.8], [1.8618, 21234.7]], "asks": [[1.8638, 6113.6], [1.8639, 6637.9], [1.864, 13553.9], [1.8641, 51262.6], [1.8642, 15074.7], [1.8643, 32027.8], [1.8644, 51260.0], [1.8645, 54299.1], [1.8646, 67082.3], [1.8647, 80367.2], [1.8648, 58905.5], [1.8649, 31412.0], [1.865, 51600.9], [1.8651, 63276.9], [1.8652, 25792.4], [1.8653, 38794.1], [1.8654, 51245.0], [1.8655, 161862.1], [1.8656, 26571.3], [1.8657, 30864.5]], "timestamp": "2025-12-18T00:44:24.191731+00:00"}, {"symbol": "XRPUSDT", "bids": [[1.8642, 17047.0], [1.8641, 14515.4], [1.864, 37442.1], [1.8639, 56622.5], [1.8638, 50532.4], [1.8637, 72403.0], [1.8636, 81269.9], [1.8635, 83310.0], [1.8634, 35588.2], [1.8633, 58188.8], [1.8632, 29001.2], [1.8631, 69629.4], [1.863, 36812.6], [1.8629, 31502.7], [1.8628, 98978.1], [1.8627, 177810.6], [1.8626, 30591.0], [1.8625, 38385.8], [1.8624, 39155.3], [1.8623, 28059.6]], "asks": [[1.8643, 6704.3], [1.8644, 4814.4], [1.8645, 8049.8], [1.8646, 18424.1], [1.8647, 52963.8], [1.8648, 21361.0], [1.8649, 38625.6], [1.865, 60348.1], [1.8651, 78598.6], [1.8652, 49259.0], [1.8653, 61416.1], [1.8654, 46439.4], [1.8655, 71467.7], [1.8656, 33176.7], [1.8657, 16663.9], [1.8658, 27867.0], [1.8659, 82463.0], [1.866, 145852.8], [1.8661, 18460.9], [1.8662, 39205.8]], "timestamp": "2025-12-18T00:45:18.429515+00:00"}, {"symbol": "XRPUSDT", "bids": [[1.8638, 15148.6], [1.8637, 19207.5], [1.8636, 27587.3], [1.8635, 16821.8], [1.8634, 22839.9], [1.8633, 49650.6], [1.8632, 72642.8], [1.8631, 73846.5], [1.863, 42461.7], [1.8629, 32575.2], [1.8628, 51017.2], [1.8627, 88885.3], [1.8626, 22855.7], [1.8625, 58962.8], [1.8624, 140838.8], [1.8623, 60449.0], [1.8622, 36445.5], [1.8621, 98598.0], [1.862, 98795.8], [1.8619, 39057.4]], "asks": [[1.8639, 4273.7], [1.864, 2918.4], [1.8641, 12789.2], [1.8642, 9747.5], [1.8643, 18532.3], [1.8644, 42106.5], [1.8645, 41601.9], [1.8646, 64921.7], [1.8647, 88798.5], [1.8648, 39051.2], [1.8649, 59113.4], [1.865, 54583.4], [1.8651, 63006.3], [1.8652, 35235.6], [1.8653, 41148.3], [1.8654, 41096.0], [1.8655, 77985.9], [1.8656, 126137.4], [1.8657, 29985.9], [1.8658, 26551.6]], "timestamp": "2025-12-18T00:46:12.087261+00:00"}, {"symbol": "XRPUSDT", "bids": [[1.864, 26626.8], [1.8639, 25286.9], [1.8638, 27284.5], [1.8637, 17715.1], [1.8636, 32096.5], [1.8635, 51761.1], [1.8634, 63796.7], [1.8633, 64856.0], [1.8632, 55521.9], [1.8631, 64852.1], [1.863, 44182.2], [1.8629, 24898.2], [1.8628, 66979.2], [1.8627, 198526.5], [1.8626, 25922.5], [1.8625, 35288.0], [1.8624, 38199.0], [1.8623, 63463.6], [1.8622, 77933.0], [1.8621, 84635.5]], "asks": [[1.8641, 5438.0], [1.8642, 7535.0], [1.8643, 49705.9], [1.8644, 13953.8], [1.8645, 13632.9], [1.8646, 36602.5], [1.8647, 43577.7], [1.8648, 39978.4], [1.8649, 55253.3], [1.865, 49845.5], [1.8651, 82652.6], [1.8652, 41418.3], [1.8653, 49760.9], [1.8654, 40566.1], [1.8655, 65883.9], [1.8656, 25978.9], [1.8657, 36143.8], [1.8658, 128282.1], [1.8659, 69803.9], [1.866, 52393.9]], "timestamp": "2025-12-18T00:47:07.692195+00:00"}, {"symbol": "XRPUSDT", "bids": [[1.8646, 21461.1], [1.8645, 30369.3], [1.8644, 30502.1], [1.8643, 49933.3], [1.8642, 31181.9], [1.8641, 41948.4], [1.864, 76873.3], [1.8639, 86418.5], [1.8638, 32035.5], [1.8637, 32985.6], [1.8636, 37317.1], [1.8635, 57763.9], [1.8634, 56222.1], [1.8633, 155473.7], [1.8632, 42656.1], [1.8631, 61461.7], [1.863, 63460.7], [1.8629, 19792.7], [1.8628, 39726.4], [1.8627, 127345.2]], "asks": [[1.8647, 3116.4], [1.8648, 2928.3], [1.8649, 10992.3], [1.865, 48059.1], [1.8651, 11990.6], [1.8652, 29608.4], [1.8653, 37170.0], [1.8654, 42530.9], [1.8655, 82122.0], [1.8656, 52800.3], [1.8657, 53069.6], [1.8658, 36178.8], [1.8659, 74443.7], [1.866, 56748.8], [1.8661, 17320.4], [1.8662, 36089.1], [1.8663, 69429.1], [1.8664, 23445.2], [1.8665, 113958.3], [1.8666, 21767.7]], "timestamp": "2025-12-18T00:48:01.349941+00:00"}, {"symbol": "XRPUSDT", "bids": [[1.866, 19096.6], [1.8659, 14038.4], [1.8658, 21020.6], [1.8657, 20002.3], [1.8656, 61909.0], [1.8655, 102320.6], [1.8654, 84660.9], [1.8653, 62492.4], [1.8652, 70224.4], [1.8651, 59098.9], [1.865, 16497.9], [1.8649, 16299.9], [1.8648, 52672.9], [1.8647, 150597.0], [1.8646, 42273.4], [1.8645, 65977.5], [1.8644, 78088.2], [1.8643, 50919.4], [1.8642, 43568.2], [1.8641, 37800.5]], "asks": [[1.8661, 8400.8], [1.8662, 10787.7], [1.8663, 7603.8], [1.8664, 22166.9], [1.8665, 48955.8], [1.8666, 15405.3], [1.8667, 34170.8], [1.8668, 48973.6], [1.8669, 80800.4], [1.867, 51768.5], [1.8671, 39446.5], [1.8672, 44010.5], [1.8673, 69368.4], [1.8674, 40297.4], [1.8675, 34893.8], [1.8676, 23746.0], [1.8677, 74659.3], [1.8678, 37054.1], [1.8679, 112765.5], [1.868, 53950.1]], "timestamp": "2025-12-18T00:48:55.316252+00:00"}, {"symbol": "XRPUSDT", "bids": [[1.8663, 27832.3], [1.8662, 16133.4], [1.8661, 18635.2], [1.866, 48914.7], [1.8659, 59765.0], [1.8658, 27434.8], [1.8657, 61489.8], [1.8656, 52909.3], [1.8655, 59637.3], [1.8654, 44835.2], [1.8653, 23290.7], [1.8652, 46812.8], [1.8651, 84592.0], [1.865, 148846.6], [1.8649, 22846.5], [1.8648, 30758.8], [1.8647, 65257.9], [1.8646, 68681.1], [1.8645, 61386.5], [1.8644, 35285.2]], "asks": [[1.8664, 2239.0], [1.8665, 6580.3], [1.8666, 10616.3], [1.8667, 29263.9], [1.8668, 24819.7], [1.8669, 27844.8], [1.867, 80136.9], [1.8671, 32636.2], [1.8672, 32342.2], [1.8673, 76271.8], [1.8674, 51830.3], [1.8675, 41706.8], [1.8676, 31356.2], [1.8677, 83562.9], [1.8678, 27515.5], [1.8679, 27476.0], [1.868, 45956.8], [1.8681, 138345.0], [1.8682, 32493.7], [1.8683, 34170.4]], "timestamp": "2025-12-18T00:49:49.383378+00:00"}, {"symbol": "XRPUSDT", "bids": [[1.8679, 22827.4], [1.8678, 14537.2], [1.8677, 24537.9], [1.8676, 34723.8], [1.8675, 51005.3], [1.8674, 32421.8], [1.8673, 69459.0], [1.8672, 84205.3], [1.8671, 82925.5], [1.867, 62217.4], [1.8669, 37520.0], [1.8668, 23254.9], [1.8667, 29379.5], [1.8666, 62298.6], [1.8665, 158918.6], [1.8664, 40642.1], [1.8663, 27225.8], [1.8662, 38250.0], [1.8661, 65842.4], [1.866, 72635.8]], "asks": [[1.868, 8123.5], [1.8681, 4941.8], [1.8682, 9593.1], [1.8683, 11043.2], [1.8684, 17696.6], [1.8685, 62326.8], [1.8686, 43238.1], [1.8687, 35172.9], [1.8688, 38847.4], [1.8689, 68525.6], [1.869, 75882.6], [1.8691, 63193.0], [1.8692, 35824.5], [1.8693, 57154.7], [1.8694, 36433.3], [1.8695, 28642.8], [1.8696, 48943.1], [1.8697, 148238.7], [1.8698, 47101.7], [1.8699, 53068.5]], "timestamp": "2025-12-18T00:50:44.085910+00:00"}, {"symbol": "XRPUSDT", "bids": [[1.8657, 5179.6], [1.8656, 9220.9], [1.8655, 10556.0], [1.8654, 10625.1], [1.8653, 17169.6], [1.8652, 66668.5], [1.8651, 65005.6], [1.865, 58807.9], [1.8649, 24178.5], [1.8648, 32807.1], [1.8647, 50628.7], [1.8646, 30113.1], [1.8645, 46019.9], [1.8644, 55030.4], [1.8643, 110899.8], [1.8642, 126396.9], [1.8641, 26374.5], [1.864, 70703.8], [1.8639, 74225.5], [1.8638, 22394.5]], "asks": [[1.8658, 26068.4], [1.8659, 20056.4], [1.866, 13931.7], [1.8661, 25016.0], [1.8662, 18888.6], [1.8663, 30241.4], [1.8664, 55107.3], [1.8665, 84002.5], [1.8666, 57366.7], [1.8667, 35555.0], [1.8668, 56310.0], [1.8669, 71515.3], [1.867, 76372.2], [1.8671, 31455.6], [1.8672, 31718.6], [1.8673, 53176.4], [1.8674, 56783.5], [1.8675, 129094.2], [1.8676, 40669.3], [1.8677, 83189.3]], "timestamp": "2025-12-18T00:51:38.236092+00:00"}, {"symbol": "XRPUSDT", "bids": [[1.8665, 12471.6], [1.8664, 29565.0], [1.8663, 62095.1], [1.8662, 49007.0], [1.8661, 30284.8], [1.866, 39784.3], [1.8659, 81544.8], [1.8658, 69150.0], [1.8657, 28368.9], [1.8656, 35639.5], [1.8655, 68053.9], [1.8654, 24330.2], [1.8653, 22509.9], [1.8652, 90028.1], [1.8651, 157761.1], [1.865, 26340.9], [1.8649, 23030.0], [1.8648, 67298.0], [1.8647, 61707.3], [1.8646, 32457.0]], "asks": [[1.8666, 8037.1], [1.8667, 5415.5], [1.8668, 17016.2], [1.8669, 25993.6], [1.867, 12724.4], [1.8671, 35240.6], [1.8672, 41009.3], [1.8673, 62803.9], [1.8674, 55563.9], [1.8675, 61469.5], [1.8676, 51436.7], [1.8677, 102923.1], [1.8678, 37186.1], [1.8679, 35389.7], [1.868, 65953.5], [1.8681, 55960.8], [1.8682, 37439.9], [1.8683, 124877.0], [1.8684, 54264.3], [1.8685, 81338.4]], "timestamp": "2025-12-18T00:52:32.304353+00:00"}, {"symbol": "XRPUSDT", "bids": [[1.8675, 6030.5], [1.8674, 6808.0], [1.8673, 11954.2], [1.8672, 27208.1], [1.8671, 45421.4], [1.867, 44144.8], [1.8669, 64447.5], [1.8668, 61961.8], [1.8667, 91982.5], [1.8666, 51795.4], [1.8665, 45956.4], [1.8664, 59699.2], [1.8663, 48348.8], [1.8662, 31719.3], [1.8661, 29971.1], [1.866, 53345.9], [1.8659, 148917.5], [1.8658, 41320.9], [1.8657, 34796.0], [1.8656, 40112.4]], "asks": [[1.8676, 16060.6], [1.8677, 12607.6], [1.8678, 15216.1], [1.8679, 63197.0], [1.868, 40654.9], [1.8681, 79922.4], [1.8682, 35837.2], [1.8683, 32727.4], [1.8684, 71098.1], [1.8685, 97454.9], [1.8686, 51990.0], [1.8687, 36666.6], [1.8688, 33477.1], [1.8689, 73576.8], [1.869, 77463.5], [1.8691, 38755.7], [1.8692, 46307.7], [1.8693, 141840.2], [1.8694, 42913.3], [1.8695, 33618.9]], "timestamp": "2025-12-18T00:53:26.270247+00:00"}, {"symbol": "XRPUSDT", "bids": [[1.8671, 24181.0], [1.867, 17276.8], [1.8669, 10577.2], [1.8668, 19772.2], [1.8667, 18357.7], [1.8666, 19447.7], [1.8665, 71011.2], [1.8664, 72427.1], [1.8663, 61239.6], [1.8662, 30191.4], [1.8661, 20986.9], [1.866, 35933.5], [1.8659, 60845.0], [1.8658, 62999.5], [1.8657, 116747.0], [1.8656, 46944.7], [1.8655, 63454.9], [1.8654, 53658.7], [1.8653, 23231.5], [1.8652, 67662.0]], "asks": [[1.8672, 3444.2], [1.8673, 5597.7], [1.8674, 17430.9], [1.8675, 42537.4], [1.8676, 11884.6], [1.8677, 38792.7], [1.8678, 35515.9], [1.8679, 37523.6], [1.868, 53731.4], [1.8681, 71456.2], [1.8682, 42370.4], [1.8683, 30887.0], [1.8684, 60217.8], [1.8685, 99978.9], [1.8686, 32748.1], [1.8687, 23977.1], [1.8688, 44189.3], [1.8689, 156977.4], [1.869, 79628.1], [1.8691, 38640.7]], "timestamp": "2025-12-18T00:54:20.337884+00:00"}, {"symbol": "XRPUSDT", "bids": [[1.8674, 7296.9], [1.8673, 8925.4], [1.8672, 26072.8], [1.8671, 52221.5], [1.867, 46137.4], [1.8669, 20896.4], [1.8668, 70828.2], [1.8667, 63474.0], [1.8666, 34624.4], [1.8665, 52850.6], [1.8664, 56122.9], [1.8663, 51535.6], [1.8662, 27485.9], [1.8661, 28990.0], [1.866, 111247.3], [1.8659, 172182.6], [1.8658, 40884.4], [1.8657, 34703.5], [1.8656, 36708.6], [1.8655, 57441.0]], "asks": [[1.8675, 12440.9], [1.8676, 9557.4], [1.8677, 36754.5], [1.8678, 10598.1], [1.8679, 15345.3], [1.868, 46181.1], [1.8681, 68047.2], [1.8682, 36117.7], [1.8683, 54687.8], [1.8684, 62948.4], [1.8685, 93247.2], [1.8686, 43047.3], [1.8687, 35060.9], [1.8688, 38369.0], [1.8689, 60784.1], [1.869, 77477.0], [1.8691, 59188.3], [1.8692, 116447.0], [1.8693, 54156.3], [1.8694, 43397.8]], "timestamp": "2025-12-18T00:55:14.304053+00:00"}, {"symbol": "XRPUSDT", "bids": [[1.8678, 26399.3], [1.8677, 7283.0], [1.8676, 15511.1], [1.8675, 70391.9], [1.8674, 32407.9], [1.8673, 53849.5], [1.8672, 39466.1], [1.8671, 74402.1], [1.867, 55664.4], [1.8669, 29792.2], [1.8668, 30663.5], [1.8667, 54282.3], [1.8666, 47549.7], [1.8665, 44974.8], [1.8664, 98153.9], [1.8663, 148042.4], [1.8662, 42721.9], [1.8661, 27817.3], [1.866, 49035.1], [1.8659, 71106.4]], "asks": [[1.8679, 41715.7], [1.868, 19475.7], [1.8681, 38973.5], [1.8682, 14027.0], [1.8683, 18655.7], [1.8684, 29688.2], [1.8685, 96278.4], [1.8686, 48254.3], [1.8687, 47237.7], [1.8688, 43126.9], [1.8689, 69902.0], [1.869, 80835.4], [1.8691, 51351.0], [1.8692, 44854.1], [1.8693, 56364.4], [1.8694, 36446.4], [1.8695, 41322.6], [1.8696, 139382.0], [1.8697, 66814.8], [1.8698, 36991.3]], "timestamp": "2025-12-18T00:56:09.395388+00:00"}, {"symbol": "XRPUSDT", "bids": [[1.8672, 2222.2], [1.8671, 9644.0], [1.867, 11163.0], [1.8669, 10242.9], [1.8668, 18954.0], [1.8667, 67073.4], [1.8666, 57059.3], [1.8665, 42933.6], [1.8664, 84310.3], [1.8663, 56485.5], [1.8662, 24060.5], [1.8661, 19576.8], [1.866, 46644.6], [1.8659, 70764.0], [1.8658, 52489.5], [1.8657, 51107.7], [1.8656, 119350.7], [1.8655, 56879.3], [1.8654, 17689.8], [1.8653, 23456.5]], "asks": [[1.8673, 48531.8], [1.8674, 31998.9], [1.8675, 31354.7], [1.8676, 26901.9], [1.8677, 16778.9], [1.8678, 34223.8], [1.8679, 48443.2], [1.868, 48325.0], [1.8681, 74762.4], [1.8682, 44659.8], [1.8683, 52182.3], [1.8684, 92748.2], [1.8685, 98249.7], [1.8686, 35914.9], [1.8687, 40249.4], [1.8688, 32189.1], [1.8689, 72034.2], [1.869, 181523.1], [1.8691, 44483.7], [1.8692, 34648.7]], "timestamp": "2025-12-18T00:57:03.668148+00:00"}, {"symbol": "XRPUSDT", "bids": [[1.8678, 6891.6], [1.8677, 18707.7], [1.8676, 41740.4], [1.8675, 45172.0], [1.8674, 27479.6], [1.8673, 52433.7], [1.8672, 75379.9], [1.8671, 70446.6], [1.867, 64286.5], [1.8669, 35335.2], [1.8668, 36514.2], [1.8667, 50408.7], [1.8666, 27943.0], [1.8665, 74475.0], [1.8664, 181140.1], [1.8663, 49361.4], [1.8662, 29691.3], [1.8661, 32936.7], [1.866, 75969.5], [1.8659, 80507.1]], "asks": [[1.8679, 19431.9], [1.868, 10364.6], [1.8681, 19174.2], [1.8682, 32547.6], [1.8683, 34183.8], [1.8684, 90422.2], [1.8685, 56828.6], [1.8686, 36603.4], [1.8687, 28651.5], [1.8688, 47611.2], [1.8689, 63045.6], [1.869, 83802.4], [1.8691, 55093.2], [1.8692, 40611.4], [1.8693, 68098.9], [1.8694, 35784.7], [1.8695, 39571.4], [1.8696, 159238.5], [1.8697, 65464.7], [1.8698, 33811.8]], "timestamp": "2025-12-18T00:57:56.827614+00:00"}, {"symbol": "XRPUSDT", "bids": [[1.8683, 16057.5], [1.8682, 21768.2], [1.8681, 31318.6], [1.868, 33895.1], [1.8679, 18931.6], [1.8678, 30358.5], [1.8677, 60313.6], [1.8676, 67206.6], [1.8675, 75316.9], [1.8674, 37843.9], [1.8673, 27997.4], [1.8672, 36563.1], [1.8671, 70475.1], [1.867, 47663.9], [1.8669, 52996.4], [1.8668, 135844.2], [1.8667, 59676.3], [1.8666, 19991.2], [1.8665, 42606.0], [1.8664, 88038.6]], "asks": [[1.8684, 21789.0], [1.8685, 35007.3], [1.8686, 48785.6], [1.8687, 7285.2], [1.8688, 8038.3], [1.8689, 24252.7], [1.869, 66373.9], [1.8691, 56704.1], [1.8692, 42331.8], [1.8693, 72434.8], [1.8694, 41469.8], [1.8695, 24013.6], [1.8696, 50778.4], [1.8697, 66268.0], [1.8698, 35417.3], [1.8699, 53253.9], [1.87, 82822.9], [1.8701, 151588.5], [1.8702, 67760.0], [1.8703, 35756.9]], "timestamp": "2025-12-18T00:58:51.731307+00:00"}, {"symbol": "XRPUSDT", "bids": [[1.8689, 57576.2], [1.8688, 5307.9], [1.8687, 15395.9], [1.8686, 21954.9], [1.8685, 28250.1], [1.8684, 43219.8], [1.8683, 96186.9], [1.8682, 64953.3], [1.8681, 45590.1], [1.868, 58096.3], [1.8679, 58909.5], [1.8678, 27959.8], [1.8677, 34348.4], [1.8676, 52234.0], [1.8675, 94642.8], [1.8674, 118400.2], [1.8673, 22703.8], [1.8672, 53787.5], [1.8671, 68380.4], [1.867, 101433.6]], "asks": [[1.869, 17937.3], [1.8691, 18694.7], [1.8692, 9515.2], [1.8693, 15328.4], [1.8694, 17060.8], [1.8695, 25319.6], [1.8696, 48809.7], [1.8697, 62885.4], [1.8698, 59765.5], [1.8699, 62392.0], [1.87, 52212.0], [1.8701, 46989.7], [1.8702, 54127.0], [1.8703, 30664.5], [1.8704, 37318.0], [1.8705, 52579.5], [1.8706, 94148.6], [1.8707, 130996.5], [1.8708, 39890.4], [1.8709, 33201.3]], "timestamp": "2025-12-18T00:59:46.588937+00:00"}, {"symbol": "XRPUSDT", "bids": [[1.8667, 5471.6], [1.8666, 2548.1], [1.8665, 21355.8], [1.8664, 40127.5], [1.8663, 43657.1], [1.8662, 36732.5], [1.8661, 58622.9], [1.866, 56348.6], [1.8659, 82720.9], [1.8658, 70712.1], [1.8657, 38255.4], [1.8656, 44557.9], [1.8655, 80945.0], [1.8654, 51481.2], [1.8653, 139904.0], [1.8652, 70831.5], [1.8651, 71068.0], [1.865, 38671.6], [1.8649, 47236.8], [1.8648, 32508.1]], "asks": [[1.8668, 23181.2], [1.8669, 14305.3], [1.867, 14606.9], [1.8671, 11269.9], [1.8672, 18640.5], [1.8673, 26527.0], [1.8674, 31552.8], [1.8675, 68170.8], [1.8676, 58660.9], [1.8677, 24068.5], [1.8678, 45721.8], [1.8679, 40691.5], [1.868, 55763.1], [1.8681, 34856.8], [1.8682, 16333.1], [1.8683, 23743.3], [1.8684, 36120.5], [1.8685, 166183.8], [1.8686, 18711.5], [1.8687, 31429.6]], "timestamp": "2025-12-18T01:00:40.352615+00:00"}, {"symbol": "XRPUSDT", "bids": [[1.8658, 1892.0], [1.8657, 11510.7], [1.8656, 49296.1], [1.8655, 34622.3], [1.8654, 19414.1], [1.8653, 64709.2], [1.8652, 94229.1], [1.8651, 108227.6], [1.865, 66764.8], [1.8649, 26974.5], [1.8648, 39472.6], [1.8647, 64017.0], [1.8646, 78377.2], [1.8645, 62266.1], [1.8644, 70108.5], [1.8643, 174704.0], [1.8642, 21678.2], [1.8641, 37521.5], [1.864, 65083.7], [1.8639, 75303.1]], "asks": [[1.8659, 35475.2], [1.866, 37376.9], [1.8661, 38871.6], [1.8662, 28774.4], [1.8663, 9365.3], [1.8664, 21091.0], [1.8665, 36043.1], [1.8666, 28832.0], [1.8667, 33268.3], [1.8668, 54771.9], [1.8669, 39632.8], [1.867, 34830.7], [1.8671, 52054.3], [1.8672, 51387.8], [1.8673, 29024.5], [1.8674, 16003.0], [1.8675, 52283.9], [1.8676, 128977.1], [1.8677, 31309.3], [1.8678, 44549.2]], "timestamp": "2025-12-18T01:01:33.966810+00:00"}, {"symbol": "XRPUSDT", "bids": [[1.8655, 17771.4], [1.8654, 7893.1], [1.8653, 23070.1], [1.8652, 38192.9], [1.8651, 80578.9], [1.865, 87609.5], [1.8649, 42487.5], [1.8648, 42606.2], [1.8647, 60195.8], [1.8646, 40998.9], [1.8645, 57393.9], [1.8644, 51476.0], [1.8643, 82835.9], [1.8642, 60914.9], [1.8641, 146765.2], [1.864, 82094.2], [1.8639, 76614.5], [1.8638, 36579.1], [1.8637, 29913.1], [1.8636, 30505.7]], "asks": [[1.8656, 21469.2], [1.8657, 5529.2], [1.8658, 17759.2], [1.8659, 27020.3], [1.866, 26309.7], [1.8661, 33718.5], [1.8662, 55801.6], [1.8663, 95452.7], [1.8664, 35339.5], [1.8665, 36011.1], [1.8666, 39436.1], [1.8667, 35565.0], [1.8668, 54037.2], [1.8669, 27824.6], [1.867, 35338.9], [1.8671, 50667.6], [1.8672, 66582.7], [1.8673, 116410.1], [1.8674, 20526.4], [1.8675, 42847.2]], "timestamp": "2025-12-18T01:02:28.075974+00:00"}, {"symbol": "XRPUSDT", "bids": [[1.8644, 28314.0], [1.8643, 32459.1], [1.8642, 54658.5], [1.8641, 27748.8], [1.864, 34200.9], [1.8639, 81024.1], [1.8638, 64903.8], [1.8637, 41938.3], [1.8636, 42611.0], [1.8635, 85075.3], [1.8634, 36020.1], [1.8633, 53722.2], [1.8632, 48707.9], [1.8631, 85280.7], [1.863, 77164.5], [1.8629, 155582.5], [1.8628, 34200.6], [1.8627, 77483.1], [1.8626, 27302.9], [1.8625, 46240.5]], "asks": [[1.8645, 1643.5], [1.8646, 7506.2], [1.8647, 8680.4], [1.8648, 16139.7], [1.8649, 15726.8], [1.865, 37994.0], [1.8651, 98775.2], [1.8652, 36467.2], [1.8653, 29672.6], [1.8654, 32911.9], [1.8655, 79667.6], [1.8656, 40862.0], [1.8657, 27211.2], [1.8658, 31843.9], [1.8659, 57951.8], [1.866, 31606.5], [1.8661, 39469.9], [1.8662, 116890.4], [1.8663, 86247.9], [1.8664, 18356.8]], "timestamp": "2025-12-18T01:03:22.128380+00:00"}, {"symbol": "XRPUSDT", "bids": [[1.8628, 8762.8], [1.8627, 17420.6], [1.8626, 11207.4], [1.8625, 21097.4], [1.8624, 44319.2], [1.8623, 25657.1], [1.8622, 54122.9], [1.8621, 76308.3], [1.862, 76187.6], [1.8619, 45549.7], [1.8618, 66395.0], [1.8617, 66036.4], [1.8616, 45304.2], [1.8615, 55011.4], [1.8614, 42583.5], [1.8613, 89847.2], [1.8612, 130164.1], [1.8611, 48259.1], [1.861, 71056.8], [1.8609, 55018.7]], "asks": [[1.8629, 21197.0], [1.863, 12684.9], [1.8631, 11031.5], [1.8632, 18156.1], [1.8633, 37087.2], [1.8634, 89026.3], [1.8635, 89475.8], [1.8636, 26929.0], [1.8637, 23892.2], [1.8638, 41155.7], [1.8639, 66178.2], [1.864, 17923.6], [1.8641, 34856.7], [1.8642, 49263.7], [1.8643, 57942.6], [1.8644, 19146.0], [1.8645, 50553.2], [1.8646, 127745.4], [1.8647, 58135.8], [1.8648, 40896.4]], "timestamp": "2025-12-18T01:04:16.416708+00:00"}, {"symbol": "XRPUSDT", "bids": [[1.8589, 18477.6], [1.8588, 7500.3], [1.8587, 20091.7], [1.8586, 8940.3], [1.8585, 33093.8], [1.8584, 34879.1], [1.8583, 67228.6], [1.8582, 90586.1], [1.8581, 73264.9], [1.858, 48684.6], [1.8579, 47865.9], [1.8578, 65133.3], [1.8577, 32758.8], [1.8576, 27124.0], [1.8575, 59613.3], [1.8574, 140023.0], [1.8573, 59871.7], [1.8572, 43148.0], [1.8571, 58323.1], [1.857, 57001.9]], "asks": [[1.859, 2873.5], [1.8591, 972.8], [1.8592, 27711.7], [1.8593, 76405.8], [1.8594, 10551.2], [1.8595, 29491.4], [1.8596, 52476.7], [1.8597, 69408.6], [1.8598, 47761.9], [1.8599, 87325.8], [1.86, 68238.6], [1.8601, 74373.8], [1.8602, 17230.6], [1.8603, 16887.2], [1.8604, 38098.0], [1.8605, 74694.2], [1.8606, 26822.0], [1.8607, 41811.2], [1.8608, 138270.9], [1.8609, 55315.5]], "timestamp": "2025-12-18T01:05:10.485076+00:00"}, {"symbol": "XRPUSDT", "bids": [[1.8579, 3079.3], [1.8578, 378.3], [1.8577, 13584.4], [1.8576, 59237.9], [1.8575, 18272.2], [1.8574, 29103.4], [1.8573, 43660.9], [1.8572, 63062.9], [1.8571, 35526.1], [1.857, 44950.2], [1.8569, 27692.5], [1.8568, 61639.7], [1.8567, 22558.4], [1.8566, 63021.8], [1.8565, 67771.3], [1.8564, 142936.9], [1.8563, 50096.2], [1.8562, 48363.8], [1.8561, 56912.5], [1.856, 83538.2]], "asks": [[1.858, 36103.7], [1.8581, 41375.6], [1.8582, 38275.2], [1.8583, 28005.0], [1.8584, 33885.0], [1.8585, 95057.2], [1.8586, 165032.8], [1.8587, 28964.1], [1.8588, 52563.6], [1.8589, 88577.2], [1.859, 30988.2], [1.8591, 40403.7], [1.8592, 54567.2], [1.8593, 70149.4], [1.8594, 31715.0], [1.8595, 21379.9], [1.8596, 28709.7], [1.8597, 77354.7], [1.8598, 116108.1], [1.8599, 45363.3]], "timestamp": "2025-12-18T01:06:04.347634+00:00"}, {"symbol": "XRPUSDT", "bids": [[1.8584, 5934.0], [1.8583, 9377.4], [1.8582, 25689.2], [1.8581, 24374.9], [1.858, 54104.3], [1.8579, 38106.7], [1.8578, 37011.7], [1.8577, 30281.0], [1.8576, 67283.9], [1.8575, 32100.6], [1.8574, 28062.2], [1.8573, 31933.8], [1.8572, 78105.9], [1.8571, 68891.4], [1.857, 146297.8], [1.8569, 24503.2], [1.8568, 50764.7], [1.8567, 38571.0], [1.8566, 25898.6], [1.8565, 24986.1]], "asks": [[1.8585, 20283.3], [1.8586, 19838.8], [1.8587, 31814.1], [1.8588, 34581.7], [1.8589, 45707.2], [1.859, 102835.3], [1.8591, 19099.8], [1.8592, 72074.6], [1.8593, 104825.2], [1.8594, 47514.2], [1.8595, 56579.2], [1.8596, 43711.8], [1.8597, 74876.0], [1.8598, 41613.5], [1.8599, 54733.8], [1.86, 64241.6], [1.8601, 68710.6], [1.8602, 48879.4], [1.8603, 111821.5], [1.8604, 26087.1]], "timestamp": "2025-12-18T01:06:58.109228+00:00"}, {"symbol": "XRPUSDT", "bids": [[1.8596, 10730.4], [1.8595, 7942.5], [1.8594, 17812.5], [1.8593, 50553.5], [1.8592, 30318.0], [1.8591, 31840.2], [1.859, 31512.6], [1.8589, 61396.9], [1.8588, 104179.8], [1.8587, 40402.2], [1.8586, 43638.1], [1.8585, 31961.5], [1.8584, 63485.1], [1.8583, 45781.5], [1.8582, 126382.2], [1.8581, 32209.8], [1.858, 86443.2], [1.8579, 56930.1], [1.8578, 58358.3], [1.8577, 36186.3]], "asks": [[1.8597, 14371.8], [1.8598, 18141.1], [1.8599, 20253.1], [1.86, 25412.4], [1.8601, 24229.2], [1.8602, 45348.0], [1.8603, 70278.4], [1.8604, 40420.3], [1.8605, 99014.0], [1.8606, 42365.8], [1.8607, 25477.8], [1.8608, 42686.2], [1.8609, 58528.8], [1.861, 41104.1], [1.8611, 40748.9], [1.8612, 27243.7], [1.8613, 77686.9], [1.8614, 135063.5], [1.8615, 27361.4], [1.8616, 32551.5]], "timestamp": "2025-12-18T01:07:52.176552+00:00"}, {"symbol": "XRPUSDT", "bids": [[1.8561, 5189.4], [1.856, 4982.9], [1.8559, 7600.2], [1.8558, 9244.4], [1.8557, 14312.5], [1.8556, 38283.1], [1.8555, 91394.9], [1.8554, 58662.8], [1.8553, 51504.0], [1.8552, 45362.4], [1.8551, 93064.2], [1.855, 72987.2], [1.8549, 60785.7], [1.8548, 60729.1], [1.8547, 70572.1], [1.8546, 60516.1], [1.8545, 152563.0], [1.8544, 42720.8], [1.8543, 122278.1], [1.8542, 30495.1]], "asks": [[1.8562, 29135.6], [1.8563, 12605.0], [1.8564, 25164.9], [1.8565, 20934.0], [1.8566, 19317.6], [1.8567, 20353.0], [1.8568, 71258.1], [1.8569, 99252.4], [1.857, 51629.0], [1.8571, 47712.7], [1.8572, 25693.4], [1.8573, 63337.8], [1.8574, 40637.9], [1.8575, 43548.9], [1.8576, 30364.4], [1.8577, 61033.1], [1.8578, 42042.7], [1.8579, 104309.8], [1.858, 48122.1], [1.8581, 79016.1]], "timestamp": "2025-12-18T01:08:45.834963+00:00"}, {"symbol": "XRPUSDT", "bids": [[1.8551, 18916.5], [1.855, 10748.9], [1.8549, 23709.5], [1.8548, 37665.2], [1.8547, 27793.0], [1.8546, 18942.5], [1.8545, 24324.6], [1.8544, 47430.5], [1.8543, 83965.6], [1.8542, 30437.2], [1.8541, 39509.5], [1.854, 50478.7], [1.8539, 71817.0], [1.8538, 83764.9], [1.8537, 59629.0], [1.8536, 153345.2], [1.8535, 92419.7], [1.8534, 21983.5], [1.8533, 25588.4], [1.8532, 57673.1]], "asks": [[1.8552, 4149.7], [1.8553, 23545.2], [1.8554, 19876.8], [1.8555, 32687.4], [1.8556, 81359.0], [1.8557, 59130.4], [1.8558, 58397.4], [1.8559, 50895.4], [1.856, 71156.3], [1.8561, 37120.0], [1.8562, 38977.6], [1.8563, 53635.4], [1.8564, 64872.5], [1.8565, 42896.3], [1.8566, 28050.1], [1.8567, 17829.9], [1.8568, 57661.8], [1.8569, 177817.2], [1.857, 58235.6], [1.8571, 48196.4]], "timestamp": "2025-12-18T01:09:39.287971+00:00"}, {"symbol": "XRPUSDT", "bids": [[1.8546, 8455.8], [1.8545, 8673.6], [1.8544, 15532.9], [1.8543, 59086.7], [1.8542, 25475.3], [1.8541, 10208.7], [1.854, 40234.2], [1.8539, 67233.9], [1.8538, 60857.3], [1.8537, 43923.8], [1.8536, 46600.6], [1.8535, 91456.2], [1.8534, 25933.2], [1.8533, 31948.8], [1.8532, 79429.4], [1.8531, 155327.0], [1.853, 58760.9], [1.8529, 48833.5], [1.8528, 54359.8], [1.8527, 68162.5]], "asks": [[1.8547, 13081.8], [1.8548, 16521.4], [1.8549, 47066.7], [1.855, 67988.1], [1.8551, 47297.1], [1.8552, 61492.2], [1.8553, 74245.6], [1.8554, 43641.7], [1.8555, 44977.9], [1.8556, 102322.6], [1.8557, 47550.3], [1.8558, 42735.6], [1.8559, 46669.3], [1.856, 67745.4], [1.8561, 34280.3], [1.8562, 38390.7], [1.8563, 63485.3], [1.8564, 168208.2], [1.8565, 36537.6], [1.8566, 25002.9]], "timestamp": "2025-12-18T01:10:33.253644+00:00"}, {"symbol": "XRPUSDT", "bids": [[1.8531, 1850.9], [1.853, 3811.8], [1.8529, 1922.6], [1.8528, 11731.2], [1.8527, 44823.7], [1.8526, 20251.5], [1.8525, 27744.5], [1.8524, 34424.5], [1.8523, 88941.5], [1.8522, 72118.3], [1.8521, 54737.0], [1.852, 30035.4], [1.8519, 16819.0], [1.8518, 42874.1], [1.8517, 62764.8], [1.8516, 112324.1], [1.8515, 59505.1], [1.8514, 29482.6], [1.8513, 68688.0], [1.8512, 30666.5]], "asks": [[1.8532, 62506.6], [1.8533, 11914.1], [1.8534, 29678.1], [1.8535, 19648.7], [1.8536, 31478.8], [1.8537, 45158.7], [1.8538, 81991.8], [1.8539, 81367.2], [1.854, 104878.2], [1.8541, 48603.9], [1.8542, 26753.3], [1.8543, 26763.3], [1.8544, 61832.8], [1.8545, 53985.4], [1.8546, 46624.7], [1.8547, 21724.0], [1.8548, 75516.1], [1.8549, 124351.9], [1.855, 49178.4], [1.8551, 51255.3]], "timestamp": "2025-12-18T01:11:26.913099+00:00"}, {"symbol": "XRPUSDT", "bids": [[1.8534, 8612.5], [1.8533, 14488.4], [1.8532, 19747.0], [1.8531, 14628.1], [1.853, 31916.0], [1.8529, 68770.2], [1.8528, 41427.4], [1.8527, 45337.2], [1.8526, 57619.8], [1.8525, 83715.9], [1.8524, 35199.7], [1.8523, 46652.5], [1.8522, 56413.2], [1.8521, 95214.2], [1.852, 144982.9], [1.8519, 41887.6], [1.8518, 76405.8], [1.8517, 113948.5], [1.8516, 25431.0], [1.8515, 59135.7]], "asks": [[1.8535, 14357.4], [1.8536, 17530.9], [1.8537, 19979.1], [1.8538, 21251.5], [1.8539, 48834.7], [1.854, 66639.1], [1.8541, 47220.7], [1.8542, 29705.7], [1.8543, 71228.4], [1.8544, 69257.4], [1.8545, 72932.3], [1.8546, 36237.7], [1.8547, 29351.3], [1.8548, 59642.0], [1.8549, 19683.1], [1.855, 52838.4], [1.8551, 70429.9], [1.8552, 165718.8], [1.8553, 15940.6], [1.8554, 18657.1]], "timestamp": "2025-12-18T01:12:20.959963+00:00"}, {"symbol": "XRPUSDT", "bids": [[1.8556, 12833.1], [1.8555, 15148.9], [1.8554, 29250.9], [1.8553, 66719.8], [1.8552, 33648.7], [1.8551, 26281.8], [1.855, 29351.9], [1.8549, 23513.9], [1.8548, 28884.4], [1.8547, 67333.8], [1.8546, 28573.0], [1.8545, 21606.1], [1.8544, 40113.3], [1.8543, 69107.1], [1.8542, 136996.7], [1.8541, 24128.6], [1.854, 36356.2], [1.8539, 62444.9], [1.8538, 39161.9], [1.8537, 66889.3]], "asks": [[1.8557, 14918.9], [1.8558, 16434.4], [1.8559, 23916.9], [1.856, 13446.8], [1.8561, 27504.7], [1.8562, 58838.8], [1.8563, 72813.1], [1.8564, 54463.5], [1.8565, 79204.9], [1.8566, 50789.1], [1.8567, 29566.1], [1.8568, 29794.4], [1.8569, 84667.1], [1.857, 51423.6], [1.8571, 25356.7], [1.8572, 27843.3], [1.8573, 57268.4], [1.8574, 51973.7], [1.8575, 147862.3], [1.8576, 24189.2]], "timestamp": "2025-12-18T01:13:14.638646+00:00"}, {"symbol": "XRPUSDT", "bids": [[1.8555, 10177.5], [1.8554, 11139.1], [1.8553, 7064.4], [1.8552, 13155.6], [1.8551, 55620.5], [1.855, 38737.4], [1.8549, 24866.1], [1.8548, 34339.9], [1.8547, 58725.1], [1.8546, 40712.5], [1.8545, 25515.5], [1.8544, 48659.8], [1.8543, 60821.8], [1.8542, 70586.2], [1.8541, 35683.4], [1.854, 105969.2], [1.8539, 64563.6], [1.8538, 47057.1], [1.8537, 125308.7], [1.8536, 27435.4]], "asks": [[1.8556, 22869.2], [1.8557, 8127.0], [1.8558, 25193.8], [1.8559, 20475.9], [1.856, 18732.9], [1.8561, 66719.6], [1.8562, 81377.0], [1.8563, 77881.6], [1.8564, 54963.7], [1.8565, 87071.9], [1.8566, 39864.5], [1.8567, 24342.5], [1.8568, 29257.2], [1.8569, 82337.1], [1.857, 53448.4], [1.8571, 23488.5], [1.8572, 27644.2], [1.8573, 73118.5], [1.8574, 133351.0], [1.8575, 55460.1]], "timestamp": "2025-12-18T01:14:08.457015+00:00"}, {"symbol": "XRPUSDT", "bids": [[1.8561, 7906.8], [1.856, 6483.9], [1.8559, 10166.9], [1.8558, 22697.7], [1.8557, 52876.4], [1.8556, 32675.4], [1.8555, 30199.6], [1.8554, 60250.9], [1.8553, 75830.1], [1.8552, 67604.0], [1.8551, 42209.7], [1.855, 30666.3], [1.8549, 22286.8], [1.8548, 35318.4], [1.8547, 77824.5], [1.8546, 116645.8], [1.8545, 35822.7], [1.8544, 78886.9], [1.8543, 60553.9], [1.8542, 50769.6]], "asks": [[1.8562, 21247.2], [1.8563, 15921.7], [1.8564, 18434.3], [1.8565, 20882.0], [1.8566, 27014.4], [1.8567, 45218.8], [1.8568, 40920.9], [1.8569, 93633.8], [1.857, 42889.5], [1.8571, 30481.6], [1.8572, 24202.2], [1.8573, 57158.7], [1.8574, 32901.5], [1.8575, 65016.6], [1.8576, 27926.0], [1.8577, 63341.9], [1.8578, 56104.5], [1.8579, 121536.7], [1.858, 49025.0], [1.8581, 77074.6]], "timestamp": "2025-12-18T01:15:02.467518+00:00"}, {"symbol": "XRPUSDT", "bids": [[1.8579, 20708.5], [1.8578, 12618.4], [1.8577, 9259.5], [1.8576, 11534.4], [1.8575, 13514.2], [1.8574, 23139.6], [1.8573, 23739.4], [1.8572, 33618.9], [1.8571, 88653.4], [1.857, 28361.6], [1.8569, 24585.8], [1.8568, 32715.0], [1.8567, 35528.0], [1.8566, 63930.7], [1.8565, 34579.1], [1.8564, 118856.0], [1.8563, 21312.5], [1.8562, 36909.7], [1.8561, 63147.9], [1.856, 53080.6]], "asks": [[1.858, 10264.1], [1.8581, 9767.3], [1.8582, 27339.7], [1.8583, 51617.3], [1.8584, 36905.6], [1.8585, 123854.7], [1.8586, 68590.1], [1.8587, 42317.8], [1.8588, 34027.0], [1.8589, 59517.3], [1.859, 45043.9], [1.8591, 23691.2], [1.8592, 26876.6], [1.8593, 82754.8], [1.8594, 26200.0], [1.8595, 23305.9], [1.8596, 27720.4], [1.8597, 163015.0], [1.8598, 32100.9], [1.8599, 42114.4]], "timestamp": "2025-12-18T01:15:56.029944+00:00"}, {"symbol": "XRPUSDT", "bids": [[1.8559, 653.0], [1.8558, 709.6], [1.8557, 3861.7], [1.8556, 5543.6], [1.8555, 18054.1], [1.8554, 31559.2], [1.8553, 37714.4], [1.8552, 54624.0], [1.8551, 30012.5], [1.855, 38868.2], [1.8549, 49559.3], [1.8548, 35256.9], [1.8547, 49172.8], [1.8546, 35287.8], [1.8545, 36897.7], [1.8544, 119785.4], [1.8543, 53517.9], [1.8542, 51382.5], [1.8541, 30790.2], [1.854, 103312.0]], "asks": [[1.856, 34471.8], [1.8561, 31492.2], [1.8562, 22143.1], [1.8563, 20806.1], [1.8564, 32505.9], [1.8565, 67679.9], [1.8566, 76141.5], [1.8567, 79808.7], [1.8568, 41064.0], [1.8569, 60073.7], [1.857, 37007.2], [1.8571, 21322.0], [1.8572, 38104.8], [1.8573, 74622.7], [1.8574, 36399.8], [1.8575, 17650.2], [1.8576, 33394.9], [1.8577, 67472.5], [1.8578, 130632.2], [1.8579, 44698.5]], "timestamp": "2025-12-18T01:16:49.476709+00:00"}, {"symbol": "XRPUSDT", "bids": [[1.8564, 7185.0], [1.8563, 9924.8], [1.8562, 9529.4], [1.8561, 12703.6], [1.856, 19425.2], [1.8559, 53618.3], [1.8558, 40619.7], [1.8557, 33019.3], [1.8556, 57435.0], [1.8555, 70359.3], [1.8554, 19934.7], [1.8553, 23891.9], [1.8552, 31649.3], [1.8551, 57732.4], [1.855, 66128.3], [1.8549, 55908.7], [1.8548, 106367.6], [1.8547, 55724.7], [1.8546, 38176.9], [1.8545, 65655.3]], "asks": [[1.8565, 14395.2], [1.8566, 11241.1], [1.8567, 15697.8], [1.8568, 27558.7], [1.8569, 42412.0], [1.857, 44290.1], [1.8571, 17951.1], [1.8572, 70394.3], [1.8573, 43282.7], [1.8574, 46960.6], [1.8575, 52956.1], [1.8576, 62269.2], [1.8577, 23750.8], [1.8578, 31036.4], [1.8579, 26059.2], [1.858, 76490.3], [1.8581, 67395.0], [1.8582, 123724.2], [1.8583, 49638.9], [1.8584, 67507.5]], "timestamp": "2025-12-18T01:17:43.032635+00:00"}, {"symbol": "XRPUSDT", "bids": [[1.8529, 14793.9], [1.8528, 11111.1], [1.8527, 17784.9], [1.8526, 21588.7], [1.8525, 20978.7], [1.8524, 34618.0], [1.8523, 98829.3], [1.8522, 49965.1], [1.8521, 61778.7], [1.852, 49585.2], [1.8519, 37896.0], [1.8518, 81897.8], [1.8517, 85636.6], [1.8516, 44709.6], [1.8515, 68917.6], [1.8514, 38289.6], [1.8513, 145742.3], [1.8512, 31040.2], [1.8511, 51712.8], [1.851, 111957.5]], "asks": [[1.853, 1911.3], [1.8531, 2185.5], [1.8532, 7350.9], [1.8533, 9531.6], [1.8534, 9279.8], [1.8535, 25695.3], [1.8536, 89653.1], [1.8537, 38559.1], [1.8538, 26180.1], [1.8539, 43883.2], [1.854, 38746.6], [1.8541, 25504.7], [1.8542, 69228.6], [1.8543, 40506.1], [1.8544, 26857.2], [1.8545, 23842.4], [1.8546, 79060.9], [1.8547, 106595.2], [1.8548, 39284.0], [1.8549, 48835.6]], "timestamp": "2025-12-18T01:18:36.282182+00:00"}, {"symbol": "XRPUSDT", "bids": [[1.8535, 24731.1], [1.8534, 12949.2], [1.8533, 11489.0], [1.8532, 10586.9], [1.8531, 15720.3], [1.853, 28949.9], [1.8529, 89785.5], [1.8528, 33164.8], [1.8527, 47416.2], [1.8526, 48682.2], [1.8525, 86241.7], [1.8524, 90850.6], [1.8523, 44501.0], [1.8522, 58471.0], [1.8521, 216198.9], [1.852, 43594.5], [1.8519, 31266.7], [1.8518, 34011.8], [1.8517, 79065.2], [1.8516, 90234.5]], "asks": [[1.8536, 4698.3], [1.8537, 1438.0], [1.8538, 11919.0], [1.8539, 14556.4], [1.854, 41264.7], [1.8541, 28898.9], [1.8542, 70767.0], [1.8543, 52371.6], [1.8544, 42395.2], [1.8545, 43111.3], [1.8546, 26737.7], [1.8547, 30788.8], [1.8548, 73514.9], [1.8549, 43479.7], [1.855, 25696.2], [1.8551, 37444.8], [1.8552, 71132.1], [1.8553, 93954.4], [1.8554, 42194.3], [1.8555, 50139.4]], "timestamp": "2025-12-18T01:19:30.656405+00:00"}, {"symbol": "XRPUSDT", "bids": [[1.8546, 4060.2], [1.8545, 9195.8], [1.8544, 6829.9], [1.8543, 12191.1], [1.8542, 28252.9], [1.8541, 43083.0], [1.854, 33563.5], [1.8539, 31349.3], [1.8538, 52671.7], [1.8537, 70972.7], [1.8536, 42628.5], [1.8535, 51556.4], [1.8534, 51341.4], [1.8533, 81976.8], [1.8532, 24660.0], [1.8531, 108844.1], [1.853, 63766.5], [1.8529, 61961.1], [1.8528, 67727.2], [1.8527, 21578.1]], "asks": [[1.8547, 20275.4], [1.8548, 18091.8], [1.8549, 23624.0], [1.855, 18966.8], [1.8551, 51221.5], [1.8552, 32216.0], [1.8553, 31082.6], [1.8554, 36787.2], [1.8555, 68506.1], [1.8556, 71993.2], [1.8557, 23930.5], [1.8558, 33471.3], [1.8559, 69254.6], [1.856, 75662.3], [1.8561, 42449.3], [1.8562, 25609.9], [1.8563, 30403.8], [1.8564, 59158.2], [1.8565, 112515.5], [1.8566, 28287.8]], "timestamp": "2025-12-18T01:20:25.031990+00:00"}, {"symbol": "XRPUSDT", "bids": [[1.8572, 7265.6], [1.8571, 4108.3], [1.857, 7869.4], [1.8569, 11649.2], [1.8568, 17037.6], [1.8567, 25861.7], [1.8566, 81322.4], [1.8565, 37498.1], [1.8564, 25621.4], [1.8563, 35564.3], [1.8562, 72553.3], [1.8561, 28941.0], [1.856, 32572.9], [1.8559, 44374.0], [1.8558, 107770.0], [1.8557, 73821.4], [1.8556, 113389.5], [1.8555, 27773.6], [1.8554, 76626.2], [1.8553, 18751.3]], "asks": [[1.8573, 16521.6], [1.8574, 67670.1], [1.8575, 29769.4], [1.8576, 18086.1], [1.8577, 14842.4], [1.8578, 23945.1], [1.8579, 42583.5], [1.858, 76869.3], [1.8581, 52112.3], [1.8582, 26702.7], [1.8583, 34511.3], [1.8584, 65649.4], [1.8585, 33204.5], [1.8586, 27398.7], [1.8587, 49095.7], [1.8588, 67025.3], [1.8589, 43854.0], [1.859, 134163.8], [1.8591, 21823.8], [1.8592, 52843.2]], "timestamp": "2025-12-18T01:21:19.148363+00:00"}, {"symbol": "XRPUSDT", "bids": [[1.8585, 7022.4], [1.8584, 6741.4], [1.8583, 18804.2], [1.8582, 16132.9], [1.8581, 15706.5], [1.858, 9736.1], [1.8579, 35274.9], [1.8578, 71446.5], [1.8577, 28164.7], [1.8576, 25717.1], [1.8575, 66739.6], [1.8574, 55005.4], [1.8573, 24693.9], [1.8572, 38660.7], [1.8571, 125187.2], [1.857, 121442.5], [1.8569, 19712.3], [1.8568, 37615.7], [1.8567, 57389.7], [1.8566, 57738.2]], "asks": [[1.8586, 32625.0], [1.8587, 19604.5], [1.8588, 39707.7], [1.8589, 14840.6], [1.859, 34530.4], [1.8591, 57774.3], [1.8592, 32170.0], [1.8593, 56105.9], [1.8594, 43722.1], [1.8595, 46722.1], [1.8596, 62666.3], [1.8597, 33321.6], [1.8598, 33132.8], [1.8599, 54699.8], [1.86, 57434.0], [1.8601, 22105.0], [1.8602, 34963.8], [1.8603, 20633.8], [1.8604, 119793.3], [1.8605, 88481.3]], "timestamp": "2025-12-18T01:22:13.167568+00:00"}, {"symbol": "XRPUSDT", "bids": [[1.858, 4496.5], [1.8579, 5103.0], [1.8578, 8327.5], [1.8577, 12094.8], [1.8576, 15022.3], [1.8575, 24793.7], [1.8574, 59084.5], [1.8573, 27493.7], [1.8572, 30162.5], [1.8571, 37669.9], [1.857, 59816.6], [1.8569, 29961.7], [1.8568, 28570.1], [1.8567, 63138.5], [1.8566, 64777.1], [1.8565, 47792.4], [1.8564, 131318.3], [1.8563, 48517.9], [1.8562, 65855.4], [1.8561, 80520.1]], "asks": [[1.8581, 24287.2], [1.8582, 20257.0], [1.8583, 19790.3], [1.8584, 45700.0], [1.8585, 14429.3], [1.8586, 37685.3], [1.8587, 66248.9], [1.8588, 72399.2], [1.8589, 40608.4], [1.859, 45981.2], [1.8591, 33603.9], [1.8592, 51868.0], [1.8593, 47165.3], [1.8594, 29757.3], [1.8595, 36339.6], [1.8596, 65269.4], [1.8597, 30345.5], [1.8598, 124669.4], [1.8599, 48030.5], [1.86, 74245.7]], "timestamp": "2025-12-18T01:23:06.620755+00:00"}, {"symbol": "XRPUSDT", "bids": [[1.8585, 7716.3], [1.8584, 10456.6], [1.8583, 10011.3], [1.8582, 16736.5], [1.8581, 10024.6], [1.858, 36878.7], [1.8579, 61519.9], [1.8578, 43370.8], [1.8577, 29969.1], [1.8576, 23755.8], [1.8575, 63783.3], [1.8574, 55834.0], [1.8573, 19209.3], [1.8572, 26165.4], [1.8571, 55249.7], [1.857, 154751.9], [1.8569, 76321.9], [1.8568, 38001.7], [1.8567, 60156.0], [1.8566, 68251.7]], "asks": [[1.8586, 8564.7], [1.8587, 19248.8], [1.8588, 65724.0], [1.8589, 24746.0], [1.859, 27489.9], [1.8591, 46052.3], [1.8592, 78483.9], [1.8593, 20319.0], [1.8594, 36112.8], [1.8595, 29510.3], [1.8596, 64823.6], [1.8597, 20301.9], [1.8598, 34870.7], [1.8599, 51817.6], [1.86, 60628.2], [1.8601, 22019.7], [1.8602, 55342.9], [1.8603, 109935.0], [1.8604, 22804.4], [1.8605, 76386.3]], "timestamp": "2025-12-18T01:24:01.199967+00:00"}, {"symbol": "XRPUSDT", "bids": [[1.858, 13406.6], [1.8579, 12563.7], [1.8578, 15375.3], [1.8577, 17061.9], [1.8576, 14814.5], [1.8575, 12867.6], [1.8574, 62024.8], [1.8573, 30213.0], [1.8572, 28677.3], [1.8571, 36327.5], [1.857, 67833.1], [1.8569, 27513.5], [1.8568, 23502.1], [1.8567, 66713.0], [1.8566, 57060.1], [1.8565, 103512.0], [1.8564, 33552.4], [1.8563, 35250.7], [1.8562, 51140.0], [1.8561, 45612.4]], "asks": [[1.8581, 5628.1], [1.8582, 12563.4], [1.8583, 22013.4], [1.8584, 66897.0], [1.8585, 42839.4], [1.8586, 63131.5], [1.8587, 34614.6], [1.8588, 74820.7], [1.8589, 30638.3], [1.859, 44149.8], [1.8591, 47489.6], [1.8592, 64175.6], [1.8593, 27214.9], [1.8594, 30389.4], [1.8595, 31399.8], [1.8596, 66859.5], [1.8597, 34907.2], [1.8598, 118465.2], [1.8599, 46142.6], [1.86, 77326.2]], "timestamp": "2025-12-18T01:24:55.164353+00:00"}, {"symbol": "XRPUSDT", "bids": [[1.8576, 20077.9], [1.8575, 10676.5], [1.8574, 11502.1], [1.8573, 11883.0], [1.8572, 15422.2], [1.8571, 43294.8], [1.857, 61994.9], [1.8569, 18119.7], [1.8568, 21296.2], [1.8567, 56640.6], [1.8566, 73091.1], [1.8565, 29115.1], [1.8564, 34876.6], [1.8563, 41282.4], [1.8562, 64544.5], [1.8561, 107832.0], [1.856, 64872.2], [1.8559, 77578.7], [1.8558, 84525.3], [1.8557, 26914.1]], "asks": [[1.8577, 3666.5], [1.8578, 9599.4], [1.8579, 56638.6], [1.858, 17087.0], [1.8581, 19126.3], [1.8582, 63611.8], [1.8583, 55206.7], [1.8584, 74966.6], [1.8585, 66911.0], [1.8586, 49497.0], [1.8587, 17194.8], [1.8588, 29438.0], [1.8589, 18461.9], [1.859, 38359.4], [1.8591, 47811.1], [1.8592, 65435.3], [1.8593, 37583.0], [1.8594, 117376.1], [1.8595, 33837.8], [1.8596, 68255.4]], "timestamp": "2025-12-18T01:25:48.837847+00:00"}, {"symbol": "XRPUSDT", "bids": [[1.8566, 6010.7], [1.8565, 6163.0], [1.8564, 15995.9], [1.8563, 12200.9], [1.8562, 22579.0], [1.8561, 34690.1], [1.856, 36405.1], [1.8559, 52892.2], [1.8558, 62715.2], [1.8557, 26915.0], [1.8556, 36468.1], [1.8555, 29824.7], [1.8554, 83358.8], [1.8553, 21289.7], [1.8552, 37661.9], [1.8551, 111589.2], [1.855, 108098.8], [1.8549, 37130.1], [1.8548, 35925.7], [1.8547, 31891.5]], "asks": [[1.8567, 14668.8], [1.8568, 9662.8], [1.8569, 14943.8], [1.857, 19616.1], [1.8571, 28091.1], [1.8572, 72627.3], [1.8573, 62030.7], [1.8574, 29569.5], [1.8575, 35638.2], [1.8576, 68138.2], [1.8577, 22790.2], [1.8578, 42980.7], [1.8579, 45364.0], [1.858, 76363.5], [1.8581, 25885.5], [1.8582, 15824.4], [1.8583, 44020.5], [1.8584, 171498.7], [1.8585, 40402.8], [1.8586, 19897.9]], "timestamp": "2025-12-18T01:26:42.990357+00:00"}, {"symbol": "XRPUSDT", "bids": [[1.8573, 42041.6], [1.8572, 25030.5], [1.8571, 19800.2], [1.857, 27763.2], [1.8569, 12862.4], [1.8568, 21726.3], [1.8567, 40080.6], [1.8566, 53541.8], [1.8565, 29555.1], [1.8564, 28682.7], [1.8563, 48960.4], [1.8562, 59194.3], [1.8561, 27081.3], [1.856, 45826.0], [1.8559, 58238.9], [1.8558, 128302.5], [1.8557, 25171.6], [1.8556, 29304.6], [1.8555, 59601.2], [1.8554, 78656.2]], "asks": [[1.8574, 931.0], [1.8575, 346.6], [1.8576, 3784.8], [1.8577, 7393.8], [1.8578, 28195.5], [1.8579, 51012.3], [1.858, 98863.2], [1.8581, 27338.8], [1.8582, 36496.3], [1.8583, 33317.5], [1.8584, 79877.2], [1.8585, 50367.4], [1.8586, 33059.4], [1.8587, 32946.9], [1.8588, 65106.0], [1.8589, 22137.7], [1.859, 45829.2], [1.8591, 135007.0], [1.8592, 62238.0], [1.8593, 37221.1]], "timestamp": "2025-12-18T01:27:36.545535+00:00"}, {"symbol": "XRPUSDT", "bids": [[1.8578, 8643.8], [1.8577, 6538.4], [1.8576, 7013.3], [1.8575, 16951.0], [1.8574, 20598.7], [1.8573, 30860.0], [1.8572, 41605.7], [1.8571, 41949.5], [1.857, 62779.9], [1.8569, 26296.6], [1.8568, 29580.6], [1.8567, 72006.5], [1.8566, 59267.6], [1.8565, 27348.9], [1.8564, 101274.2], [1.8563, 40004.9], [1.8562, 48587.8], [1.8561, 37016.9], [1.856, 80575.7], [1.8559, 67628.1]], "asks": [[1.8579, 9572.8], [1.858, 8074.8], [1.8581, 24485.3], [1.8582, 38368.9], [1.8583, 23785.5], [1.8584, 94420.5], [1.8585, 81874.3], [1.8586, 31269.4], [1.8587, 36485.4], [1.8588, 66960.3], [1.8589, 34335.9], [1.859, 47134.9], [1.8591, 53884.6], [1.8592, 75562.7], [1.8593, 17066.9], [1.8594, 31952.7], [1.8595, 73583.5], [1.8596, 159268.1], [1.8597, 62609.8], [1.8598, 48483.9]], "timestamp": "2025-12-18T01:28:30.510039+00:00"}, {"symbol": "XRPUSDT", "bids": [[1.8571, 38758.1], [1.857, 25959.1], [1.8569, 38832.2], [1.8568, 23554.5], [1.8567, 11492.2], [1.8566, 9099.3], [1.8565, 26433.5], [1.8564, 22071.8], [1.8563, 38321.3], [1.8562, 61020.4], [1.8561, 28132.5], [1.856, 54654.8], [1.8559, 57449.8], [1.8558, 63739.9], [1.8557, 102606.5], [1.8556, 29785.6], [1.8555, 26845.8], [1.8554, 80803.0], [1.8553, 50407.0], [1.8552, 36852.3]], "asks": [[1.8572, 7448.4], [1.8573, 6093.7], [1.8574, 10347.6], [1.8575, 63378.4], [1.8576, 57467.4], [1.8577, 43258.7], [1.8578, 63767.1], [1.8579, 70226.7], [1.858, 71128.1], [1.8581, 21475.7], [1.8582, 15069.5], [1.8583, 22640.1], [1.8584, 70717.4], [1.8585, 47963.7], [1.8586, 16627.1], [1.8587, 23377.4], [1.8588, 74867.2], [1.8589, 111867.9], [1.859, 53594.6], [1.8591, 60316.7]], "timestamp": "2025-12-18T01:29:25.211957+00:00"}, {"symbol": "XRPUSDT", "bids": [[1.8557, 24739.4], [1.8556, 23493.9], [1.8555, 37533.8], [1.8554, 31032.9], [1.8553, 39338.2], [1.8552, 31141.9], [1.8551, 67077.9], [1.855, 57088.3], [1.8549, 29830.7], [1.8548, 29720.1], [1.8547, 54164.0], [1.8546, 54371.3], [1.8545, 29320.0], [1.8544, 33081.1], [1.8543, 111018.6], [1.8542, 97688.9], [1.8541, 43193.4], [1.854, 54248.0], [1.8539, 21303.4], [1.8538, 32888.6]], "asks": [[1.8558, 868.3], [1.8559, 74.0], [1.856, 6508.7], [1.8561, 18293.8], [1.8562, 19338.1], [1.8563, 20086.8], [1.8564, 70068.3], [1.8565, 41275.9], [1.8566, 38422.0], [1.8567, 57597.0], [1.8568, 49221.2], [1.8569, 17638.8], [1.857, 26304.0], [1.8571, 38877.4], [1.8572, 70978.5], [1.8573, 48162.3], [1.8574, 16443.3], [1.8575, 136811.8], [1.8576, 75147.5], [1.8577, 26421.7]], "timestamp": "2025-12-18T01:30:19.084938+00:00"}, {"symbol": "XRPUSDT", "bids": [[1.8561, 6010.4], [1.856, 13351.6], [1.8559, 21396.5], [1.8558, 77228.0], [1.8557, 37981.4], [1.8556, 24877.8], [1.8555, 42376.6], [1.8554, 65800.8], [1.8553, 21825.9], [1.8552, 20443.1], [1.8551, 44869.6], [1.855, 95832.4], [1.8549, 24465.1], [1.8548, 64634.3], [1.8547, 36039.7], [1.8546, 147770.5], [1.8545, 26573.7], [1.8544, 44399.5], [1.8543, 61009.7], [1.8542, 102102.7]], "asks": [[1.8562, 19529.5], [1.8563, 10976.3], [1.8564, 28017.5], [1.8565, 31107.9], [1.8566, 42897.8], [1.8567, 71176.2], [1.8568, 102777.3], [1.8569, 41590.6], [1.857, 45223.9], [1.8571, 56381.1], [1.8572, 85947.0], [1.8573, 59208.5], [1.8574, 32929.6], [1.8575, 42719.8], [1.8576, 64539.4], [1.8577, 30514.8], [1.8578, 39006.7], [1.8579, 167782.7], [1.858, 78843.2], [1.8581, 17420.2]], "timestamp": "2025-12-18T01:31:13.503488+00:00"}, {"symbol": "XRPUSDT", "bids": [[1.8564, 47634.2], [1.8563, 26303.4], [1.8562, 13254.7], [1.8561, 17480.4], [1.856, 28635.5], [1.8559, 62631.4], [1.8558, 55666.8], [1.8557, 48670.1], [1.8556, 73470.4], [1.8555, 102053.0], [1.8554, 51559.1], [1.8553, 36228.2], [1.8552, 39258.1], [1.8551, 78433.4], [1.855, 161312.3], [1.8549, 17794.9], [1.8548, 37477.7], [1.8547, 35950.2], [1.8546, 84408.0], [1.8545, 72581.2]], "asks": [[1.8565, 1687.2], [1.8566, 4707.3], [1.8567, 5172.0], [1.8568, 11184.3], [1.8569, 15364.8], [1.857, 52224.1], [1.8571, 47277.9], [1.8572, 66559.3], [1.8573, 53165.1], [1.8574, 21911.8], [1.8575, 44493.8], [1.8576, 59250.1], [1.8577, 17712.4], [1.8578, 41039.6], [1.8579, 56818.0], [1.858, 66335.8], [1.8581, 39809.8], [1.8582, 129251.9], [1.8583, 40092.9], [1.8584, 71661.1]], "timestamp": "2025-12-18T01:32:07.291920+00:00"}, {"symbol": "XRPUSDT", "bids": [[1.8563, 31033.6], [1.8562, 14654.3], [1.8561, 9954.8], [1.856, 24090.3], [1.8559, 22622.0], [1.8558, 61220.1], [1.8557, 31602.1], [1.8556, 44815.4], [1.8555, 49406.0], [1.8554, 75144.1], [1.8553, 35026.8], [1.8552, 25879.7], [1.8551, 68233.8], [1.855, 75865.3], [1.8549, 111059.6], [1.8548, 41498.1], [1.8547, 57195.3], [1.8546, 110968.2], [1.8545, 40958.9], [1.8544, 25618.4]], "asks": [[1.8564, 634.9], [1.8565, 3828.2], [1.8566, 9013.5], [1.8567, 24785.8], [1.8568, 65711.4], [1.8569, 24740.1], [1.857, 55095.5], [1.8571, 51090.8], [1.8572, 70966.5], [1.8573, 58455.3], [1.8574, 20209.2], [1.8575, 41843.2], [1.8576, 69462.6], [1.8577, 20417.2], [1.8578, 38282.2], [1.8579, 51114.9], [1.858, 77124.2], [1.8581, 116555.4], [1.8582, 45522.2], [1.8583, 31864.6]], "timestamp": "2025-12-18T01:33:01.051455+00:00"}, {"symbol": "XRPUSDT", "bids": [[1.857, 9976.9], [1.8569, 12487.7], [1.8568, 24259.4], [1.8567, 23748.8], [1.8566, 69436.5], [1.8565, 38736.1], [1.8564, 40710.4], [1.8563, 39152.7], [1.8562, 63988.8], [1.8561, 79857.8], [1.856, 47783.1], [1.8559, 67599.1], [1.8558, 60620.6], [1.8557, 25788.0], [1.8556, 22446.4], [1.8555, 113586.7], [1.8554, 63052.5], [1.8553, 33560.3], [1.8552, 57777.0], [1.8551, 51779.4]], "asks": [[1.8571, 8873.3], [1.8572, 26812.7], [1.8573, 16123.0], [1.8574, 28228.3], [1.8575, 58291.9], [1.8576, 49605.8], [1.8577, 53401.3], [1.8578, 41760.3], [1.8579, 74380.9], [1.858, 82949.3], [1.8581, 32949.0], [1.8582, 46880.8], [1.8583, 35546.4], [1.8584, 77116.1], [1.8585, 52635.4], [1.8586, 19768.1], [1.8587, 31765.8], [1.8588, 200602.0], [1.8589, 22471.3], [1.859, 43084.7]], "timestamp": "2025-12-18T01:33:54.595692+00:00"}, {"symbol": "XRPUSDT", "bids": [[1.8575, 13640.3], [1.8574, 12873.0], [1.8573, 14198.1], [1.8572, 37311.5], [1.8571, 56207.6], [1.857, 39546.2], [1.8569, 39570.4], [1.8568, 63560.2], [1.8567, 78016.3], [1.8566, 67419.9], [1.8565, 15707.6], [1.8564, 25793.2], [1.8563, 31964.2], [1.8562, 60008.7], [1.8561, 114428.9], [1.856, 57869.7], [1.8559, 55922.7], [1.8558, 58534.8], [1.8557, 29685.4], [1.8556, 19089.7]], "asks": [[1.8576, 4274.7], [1.8577, 7915.1], [1.8578, 13504.1], [1.8579, 55592.3], [1.858, 21749.7], [1.8581, 15471.3], [1.8582, 64652.1], [1.8583, 57894.8], [1.8584, 85106.5], [1.8585, 61305.3], [1.8586, 31444.4], [1.8587, 31406.1], [1.8588, 65613.5], [1.8589, 31161.0], [1.859, 48018.5], [1.8591, 54558.8], [1.8592, 71208.5], [1.8593, 121907.3], [1.8594, 27082.7], [1.8595, 43229.8]], "timestamp": "2025-12-18T01:34:48.400441+00:00"}, {"symbol": "XRPUSDT", "bids": [[1.8549, 24619.8], [1.8548, 13139.6], [1.8547, 19143.5], [1.8546, 23549.9], [1.8545, 57875.0], [1.8544, 32706.8], [1.8543, 34854.3], [1.8542, 59410.8], [1.8541, 69093.0], [1.854, 31622.0], [1.8539, 36165.6], [1.8538, 38126.1], [1.8537, 52752.8], [1.8536, 42863.7], [1.8535, 119354.6], [1.8534, 47481.0], [1.8533, 84950.6], [1.8532, 62891.1], [1.8531, 40674.1], [1.853, 90646.5]], "asks": [[1.855, 5106.5], [1.8551, 6112.5], [1.8552, 15296.9], [1.8553, 13355.7], [1.8554, 41669.4], [1.8555, 117607.1], [1.8556, 59005.2], [1.8557, 33293.0], [1.8558, 36647.5], [1.8559, 32245.5], [1.856, 61922.9], [1.8561, 38740.3], [1.8562, 32852.5], [1.8563, 22628.5], [1.8564, 48675.6], [1.8565, 21890.1], [1.8566, 56098.7], [1.8567, 137985.9], [1.8568, 49155.6], [1.8569, 20657.4]], "timestamp": "2025-12-18T01:35:42.127143+00:00"}, {"symbol": "XRPUSDT", "bids": [[1.8587, 17410.4], [1.8586, 20386.8], [1.8585, 38756.9], [1.8584, 11688.5], [1.8583, 7854.6], [1.8582, 23668.4], [1.8581, 37004.1], [1.858, 39948.7], [1.8579, 83264.2], [1.8578, 39848.8], [1.8577, 24877.5], [1.8576, 36816.3], [1.8575, 94588.3], [1.8574, 24019.6], [1.8573, 30163.9], [1.8572, 40384.9], [1.8571, 116490.4], [1.857, 52475.7], [1.8569, 23106.3], [1.8568, 33028.8]], "asks": [[1.8588, 2512.9], [1.8589, 4741.8], [1.859, 9258.8], [1.8591, 15691.2], [1.8592, 49258.1], [1.8593, 43676.7], [1.8594, 64108.7], [1.8595, 46838.2], [1.8596, 64168.2], [1.8597, 17490.8], [1.8598, 33478.5], [1.8599, 48620.8], [1.86, 66000.0], [1.8601, 17527.6], [1.8602, 35718.9], [1.8603, 19587.3], [1.8604, 45632.6], [1.8605, 163699.9], [1.8606, 27019.8], [1.8607, 32490.4]], "timestamp": "2025-12-18T01:36:35.913149+00:00"}, {"symbol": "XRPUSDT", "bids": [[1.858, 9782.0], [1.8579, 10961.7], [1.8578, 16063.6], [1.8577, 13707.4], [1.8576, 22276.5], [1.8575, 53407.0], [1.8574, 82757.8], [1.8573, 46870.5], [1.8572, 39689.8], [1.8571, 44346.7], [1.857, 57370.5], [1.8569, 34394.0], [1.8568, 21604.4], [1.8567, 69521.2], [1.8566, 130323.1], [1.8565, 23858.2], [1.8564, 21779.9], [1.8563, 50946.2], [1.8562, 35253.5], [1.8561, 54696.2]], "asks": [[1.8581, 22531.8], [1.8582, 11843.3], [1.8583, 18860.8], [1.8584, 47395.6], [1.8585, 18498.9], [1.8586, 36759.2], [1.8587, 103302.8], [1.8588, 29695.9], [1.8589, 44225.6], [1.859, 55217.0], [1.8591, 68710.5], [1.8592, 29477.9], [1.8593, 46614.0], [1.8594, 33052.8], [1.8595, 44881.2], [1.8596, 57828.3], [1.8597, 42411.8], [1.8598, 143966.2], [1.8599, 56268.0], [1.86, 131862.8]], "timestamp": "2025-12-18T01:37:30.364993+00:00"}, {"symbol": "XRPUSDT", "bids": [[1.8572, 4098.1], [1.8571, 8138.0], [1.857, 7982.9], [1.8569, 9087.5], [1.8568, 11289.6], [1.8567, 28481.5], [1.8566, 71728.3], [1.8565, 35177.2], [1.8564, 26565.4], [1.8563, 40020.9], [1.8562, 39791.1], [1.8561, 60158.7], [1.856, 28642.9], [1.8559, 28147.4], [1.8558, 80887.7], [1.8557, 142032.8], [1.8556, 21241.0], [1.8555, 24430.3], [1.8554, 43194.3], [1.8553, 59105.9]], "asks": [[1.8573, 27613.4], [1.8574, 23505.5], [1.8575, 33915.6], [1.8576, 27641.5], [1.8577, 26885.3], [1.8578, 36094.1], [1.8579, 93950.7], [1.858, 41131.9], [1.8581, 71158.6], [1.8582, 63438.3], [1.8583, 75734.9], [1.8584, 32265.0], [1.8585, 29822.2], [1.8586, 47184.2], [1.8587, 84581.6], [1.8588, 19077.4], [1.8589, 34895.4], [1.859, 138461.2], [1.8591, 49580.1], [1.8592, 30358.2]], "timestamp": "2025-12-18T01:38:24.125267+00:00"}, {"symbol": "XRPUSDT", "bids": [[1.8554, 8283.7], [1.8553, 25004.9], [1.8552, 17409.8], [1.8551, 27098.4], [1.855, 11205.5], [1.8549, 49007.1], [1.8548, 31948.2], [1.8547, 27509.1], [1.8546, 36383.5], [1.8545, 67061.1], [1.8544, 23064.1], [1.8543, 31673.6], [1.8542, 51043.8], [1.8541, 95213.7], [1.854, 36145.6], [1.8539, 98311.1], [1.8538, 27139.7], [1.8537, 56655.6], [1.8536, 31047.9], [1.8535, 69262.9]], "asks": [[1.8555, 11597.9], [1.8556, 7311.7], [1.8557, 9536.5], [1.8558, 30120.1], [1.8559, 34192.0], [1.856, 46673.0], [1.8561, 63417.2], [1.8562, 71871.6], [1.8563, 59351.2], [1.8564, 32456.3], [1.8565, 27796.1], [1.8566, 59481.0], [1.8567, 18619.9], [1.8568, 34329.5], [1.8569, 74986.6], [1.857, 194130.6], [1.8571, 24143.7], [1.8572, 15220.6], [1.8573, 20204.8], [1.8574, 40282.7]], "timestamp": "2025-12-18T01:39:18.090207+00:00"}, {"symbol": "XRPUSDT", "bids": [[1.8534, 29049.5], [1.8533, 15282.4], [1.8532, 9382.7], [1.8531, 18949.0], [1.853, 24605.8], [1.8529, 52864.8], [1.8528, 31237.6], [1.8527, 26480.9], [1.8526, 39993.8], [1.8525, 94108.2], [1.8524, 51736.6], [1.8523, 31588.8], [1.8522, 39484.9], [1.8521, 103477.4], [1.852, 50674.8], [1.8519, 115226.9], [1.8518, 38391.6], [1.8517, 68751.5], [1.8516, 61601.4], [1.8515, 84515.3]], "asks": [[1.8535, 9355.5], [1.8536, 6786.7], [1.8537, 15621.3], [1.8538, 60682.4], [1.8539, 52493.7], [1.854, 79392.6], [1.8541, 67432.3], [1.8542, 97546.4], [1.8543, 27946.8], [1.8544, 31234.2], [1.8545, 58288.6], [1.8546, 65641.3], [1.8547, 18138.2], [1.8548, 19042.8], [1.8549, 38982.6], [1.855, 59293.6], [1.8551, 41381.8], [1.8552, 122377.3], [1.8553, 25996.4], [1.8554, 58341.8]], "timestamp": "2025-12-18T01:40:12.362860+00:00"}, {"symbol": "XRPUSDT", "bids": [[1.8566, 6109.1], [1.8565, 12768.2], [1.8564, 29800.7], [1.8563, 13112.4], [1.8562, 12947.9], [1.8561, 27593.7], [1.856, 57100.9], [1.8559, 83233.0], [1.8558, 90492.6], [1.8557, 48537.9], [1.8556, 30723.2], [1.8555, 22386.1], [1.8554, 37058.9], [1.8553, 50320.0], [1.8552, 37978.8], [1.8551, 124452.9], [1.855, 71890.3], [1.8549, 53577.9], [1.8548, 24404.8], [1.8547, 28927.1]], "asks": [[1.8567, 13485.1], [1.8568, 6211.3], [1.8569, 20018.1], [1.857, 25219.9], [1.8571, 59863.7], [1.8572, 38310.6], [1.8573, 60338.3], [1.8574, 50258.3], [1.8575, 91414.9], [1.8576, 31564.3], [1.8577, 41231.9], [1.8578, 37008.8], [1.8579, 60656.1], [1.858, 47862.2], [1.8581, 42955.2], [1.8582, 31025.4], [1.8583, 86794.1], [1.8584, 95260.9], [1.8585, 20810.9], [1.8586, 35587.0]], "timestamp": "2025-12-18T01:41:06.425734+00:00"}, {"symbol": "XRPUSDT", "bids": [[1.8553, 10503.8], [1.8552, 6762.4], [1.8551, 15525.7], [1.855, 12712.1], [1.8549, 41855.4], [1.8548, 10517.5], [1.8547, 28974.7], [1.8546, 46172.6], [1.8545, 66507.7], [1.8544, 30792.9], [1.8543, 29024.4], [1.8542, 72112.7], [1.8541, 55926.1], [1.854, 21987.9], [1.8539, 40766.1], [1.8538, 107613.2], [1.8537, 56883.1], [1.8536, 23747.8], [1.8535, 41538.3], [1.8534, 99713.8]], "asks": [[1.8554, 6393.7], [1.8555, 21194.2], [1.8556, 27589.8], [1.8557, 49465.1], [1.8558, 53539.3], [1.8559, 59081.5], [1.856, 61352.7], [1.8561, 48158.1], [1.8562, 50353.8], [1.8563, 88721.3], [1.8564, 30612.5], [1.8565, 22424.6], [1.8566, 34716.5], [1.8567, 49194.7], [1.8568, 36878.1], [1.8569, 133812.9], [1.857, 75149.2], [1.8571, 65028.6], [1.8572, 18920.7], [1.8573, 27747.7]], "timestamp": "2025-12-18T01:42:00.293027+00:00"}, {"symbol": "XRPUSDT", "bids": [[1.8568, 19704.9], [1.8567, 18024.6], [1.8566, 13142.2], [1.8565, 11011.0], [1.8564, 29235.8], [1.8563, 39800.3], [1.8562, 63227.0], [1.8561, 23536.7], [1.856, 48712.6], [1.8559, 51435.8], [1.8558, 92173.9], [1.8557, 21893.8], [1.8556, 25167.5], [1.8555, 45039.1], [1.8554, 77794.7], [1.8553, 37097.4], [1.8552, 112888.3], [1.8551, 28478.2], [1.855, 109026.8], [1.8549, 60505.4]], "asks": [[1.8569, 2908.6], [1.857, 10534.7], [1.8571, 38641.2], [1.8572, 6293.7], [1.8573, 11641.0], [1.8574, 38373.4], [1.8575, 123450.0], [1.8576, 22529.6], [1.8577, 31511.3], [1.8578, 36865.4], [1.8579, 57973.3], [1.858, 46699.6], [1.8581, 40901.1], [1.8582, 30675.9], [1.8583, 79831.9], [1.8584, 102527.7], [1.8585, 27796.5], [1.8586, 36186.1], [1.8587, 84229.4], [1.8588, 72007.0]], "timestamp": "2025-12-18T01:42:54.593952+00:00"}, {"symbol": "XRPUSDT", "bids": [[1.8562, 38843.5], [1.8561, 45446.5], [1.856, 26630.6], [1.8559, 15258.1], [1.8558, 13042.0], [1.8557, 18654.0], [1.8556, 30179.6], [1.8555, 48242.4], [1.8554, 77428.6], [1.8553, 30996.1], [1.8552, 29540.7], [1.8551, 35835.3], [1.855, 86085.3], [1.8549, 37203.5], [1.8548, 108762.9], [1.8547, 14581.0], [1.8546, 41752.8], [1.8545, 58617.6], [1.8544, 29068.8], [1.8543, 43142.2]], "asks": [[1.8563, 400.1], [1.8564, 2782.2], [1.8565, 5019.4], [1.8566, 12764.3], [1.8567, 28664.6], [1.8568, 56654.1], [1.8569, 130509.6], [1.857, 81153.2], [1.8571, 40526.3], [1.8572, 24421.8], [1.8573, 20127.8], [1.8574, 37458.5], [1.8575, 78191.1], [1.8576, 22639.0], [1.8577, 37150.6], [1.8578, 29339.5], [1.8579, 147803.2], [1.858, 46645.2], [1.8581, 43914.0], [1.8582, 42763.0]], "timestamp": "2025-12-18T01:43:48.763306+00:00"}, {"symbol": "XRPUSDT", "bids": [[1.8561, 19302.3], [1.856, 14617.1], [1.8559, 16475.8], [1.8558, 14330.3], [1.8557, 19363.2], [1.8556, 31075.3], [1.8555, 44066.0], [1.8554, 75801.7], [1.8553, 34234.3], [1.8552, 27510.2], [1.8551, 36275.7], [1.855, 85408.9], [1.8549, 32672.0], [1.8548, 30120.0], [1.8547, 26665.6], [1.8546, 107115.8], [1.8545, 60754.6], [1.8544, 70393.8], [1.8543, 46781.1], [1.8542, 79993.4]], "asks": [[1.8562, 344.0], [1.8563, 254.7], [1.8564, 9940.3], [1.8565, 16039.7], [1.8566, 33327.1], [1.8567, 61754.5], [1.8568, 101018.3], [1.8569, 59718.3], [1.857, 68059.7], [1.8571, 62163.0], [1.8572, 37669.7], [1.8573, 26931.8], [1.8574, 49588.3], [1.8575, 86691.7], [1.8576, 31578.4], [1.8577, 52358.6], [1.8578, 136600.5], [1.8579, 58252.7], [1.858, 51523.8], [1.8581, 43915.0]], "timestamp": "2025-12-18T01:44:42.700777+00:00"}, {"symbol": "XRPUSDT", "bids": [[1.8562, 6188.2], [1.8561, 7805.8], [1.856, 10521.4], [1.8559, 25453.5], [1.8558, 9009.1], [1.8557, 33229.9], [1.8556, 37285.8], [1.8555, 56722.4], [1.8554, 81781.7], [1.8553, 28100.6], [1.8552, 27177.9], [1.8551, 41968.0], [1.855, 109604.1], [1.8549, 52305.2], [1.8548, 31264.1], [1.8547, 36237.6], [1.8546, 121089.9], [1.8545, 51356.1], [1.8544, 37446.0], [1.8543, 64902.1]], "asks": [[1.8563, 19276.6], [1.8564, 29097.7], [1.8565, 37360.1], [1.8566, 50852.8], [1.8567, 13351.3], [1.8568, 22422.5], [1.8569, 81938.2], [1.857, 49559.3], [1.8571, 67667.4], [1.8572, 30288.3], [1.8573, 20076.6], [1.8574, 43092.5], [1.8575, 78565.7], [1.8576, 34215.9], [1.8577, 114197.0], [1.8578, 36832.8], [1.8579, 60351.9], [1.858, 51283.7], [1.8581, 53124.5], [1.8582, 30188.0]], "timestamp": "2025-12-18T01:45:36.386804+00:00"}