[{"id": "708397211", "price": 1.8547, "amount": 68.3, "side": "buy", "timestamp": 1766028978813}, {"id": "708397212", "price": 1.8547, "amount": 10526.8, "side": "sell", "timestamp": 1766028978864}, {"id": "708397213", "price": 1.8546, "amount": 5367.9, "side": "sell", "timestamp": 1766028978867}, {"id": "708397214", "price": 1.8545, "amount": 995.3, "side": "sell", "timestamp": 1766028978891}, {"id": "708397215", "price": 1.8544, "amount": 1314.4, "side": "sell", "timestamp": 1766028978928}, {"id": "708397216", "price": 1.8543, "amount": 5866.6, "side": "sell", "timestamp": 1766028978932}, {"id": "708397217", "price": 1.8542, "amount": 3973.4, "side": "sell", "timestamp": 1766028978966}, {"id": "708397218", "price": 1.8541, "amount": 3488.5, "side": "sell", "timestamp": 1766028978995}, {"id": "708397219", "price": 1.854, "amount": 613.6, "side": "sell", "timestamp": 1766028979010}, {"id": "708397220", "price": 1.854, "amount": 6.6, "side": "sell", "timestamp": 1766028979252}, {"id": "708397221", "price": 1.854, "amount": 2448.1, "side": "sell", "timestamp": 1766028979468}, {"id": "708397222", "price": 1.8541, "amount": 189.0, "side": "buy", "timestamp": 1766028979616}, {"id": "708397223", "price": 1.854, "amount": 116.1, "side": "sell", "timestamp": 1766028979955}, {"id": "708397224", "price": 1.854, "amount": 263.9, "side": "sell", "timestamp": 1766028980317}, {"id": "708397225", "price": 1.8539, "amount": 122.5, "side": "sell", "timestamp": 1766028980324}, {"id": "708397226", "price": 1.8538, "amount": 138.7, "side": "sell", "timestamp": 1766028980472}, {"id": "708397227", "price": 1.8538, "amount": 3.2, "side": "sell", "timestamp": 1766028980721}, {"id": "708397228", "price": 1.8538, "amount": 93.8, "side": "sell", "timestamp": 1766028980958}, {"id": "708397229", "price": 1.8539, "amount": 539.4, "side": "buy", "timestamp": 1766028981543}, {"id": "708397230", "price": 1.8538, "amount": 116.1, "side": "sell", "timestamp": 1766028981959}, {"id": "708397231", "price": 1.8538, "amount": 7.6, "side": "sell", "timestamp": 1766028982152}, {"id": "708397232", "price": 1.8538, "amount": 4.9, "side": "sell", "timestamp": 1766028982760}, {"id": "708397233", "price": 1.8538, "amount": 93.8, "side": "sell", "timestamp": 1766028982960}, {"id": "708397234", "price": 1.8539, "amount": 578.2, "side": "buy", "timestamp": 1766028983064}, {"id": "708397235", "price": 1.8538, "amount": 3.7, "side": "sell", "timestamp": 1766028983474}, {"id": "708397236", "price": 1.8538, "amount": 93.8, "side": "sell", "timestamp": 1766028983959}, {"id": "708397237", "price": 1.8539, "amount": 25.5, "side": "buy", "timestamp": 1766028983973}, {"id": "708397238", "price": 1.8538, "amount": 22.3, "side": "sell", "timestamp": 1766028984048}, {"id": "708397239", "price": 1.8538, "amount": 7875.0, "side": "sell", "timestamp": 1766028984475}, {"id": "708397240", "price": 1.8537, "amount": 1672.9, "side": "sell", "timestamp": 1766028984574}, {"id": "708397241", "price": 1.8538, "amount": 4.7, "side": "buy", "timestamp": 1766028984843}, {"id": "708397242", "price": 1.8537, "amount": 93.8, "side": "sell", "timestamp": 1766028984956}, {"id": "708397243", "price": 1.8537, "amount": 11.1, "side": "sell", "timestamp": 1766028985193}, {"id": "708397244", "price": 1.8537, "amount": 129.1, "side": "sell", "timestamp": 1766028985475}, {"id": "708397245", "price": 1.8537, "amount": 116.1, "side": "sell", "timestamp": 1766028985956}, {"id": "708397246", "price": 1.8537, "amount": 12082.7, "side": "sell", "timestamp": 1766028986250}, {"id": "708397247", "price": 1.8536, "amount": 43.0, "side": "sell", "timestamp": 1766028986284}, {"id": "708397248", "price": 1.8536, "amount": 4.0, "side": "sell", "timestamp": 1766028986677}, {"id": "708397249", "price": 1.8536, "amount": 93.8, "side": "sell", "timestamp": 1766028986956}, {"id": "708397250", "price": 1.8537, "amount": 2888.5, "side": "buy", "timestamp": 1766028987205}, {"id": "708397251", "price": 1.8538, "amount": 583.2, "side": "buy", "timestamp": 1766028987213}, {"id": "708397252", "price": 1.8538, "amount": 2395.1, "side": "buy", "timestamp": 1766028987342}, {"id": "708397253", "price": 1.8539, "amount": 7.9, "side": "buy", "timestamp": 1766028987744}, {"id": "708397254", "price": 1.8538, "amount": 123.7, "side": "sell", "timestamp": 1766028987956}, {"id": "708397255", "price": 1.8538, "amount": 3.7, "side": "sell", "timestamp": 1766028988482}, {"id": "708397256", "price": 1.8538, "amount": 93.8, "side": "sell", "timestamp": 1766028988960}, {"id": "708397257", "price": 1.8539, "amount": 661.5, "side": "buy", "timestamp": 1766028989084}, {"id": "708397258", "price": 1.854, "amount": 7902.8, "side": "buy", "timestamp": 1766028989084}, {"id": "708397259", "price": 1.8541, "amount": 24666.7, "side": "buy", "timestamp": 1766028989084}, {"id": "708397260", "price": 1.8542, "amount": 5214.0, "side": "buy", "timestamp": 1766028989084}, {"id": "708397442", "price": 1.8536, "amount": 116.1, "side": "sell", "timestamp": 1766029029963}, {"id": "708397443", "price": 1.8537, "amount": 8274.0, "side": "buy", "timestamp": 1766029030389}, {"id": "708397444", "price": 1.8538, "amount": 6647.2, "side": "buy", "timestamp": 1766029030433}, {"id": "708397445", "price": 1.8539, "amount": 2881.7, "side": "buy", "timestamp": 1766029030433}, {"id": "708397446", "price": 1.8538, "amount": 41.2, "side": "sell", "timestamp": 1766029030516}, {"id": "708397447", "price": 1.8539, "amount": 5.0, "side": "buy", "timestamp": 1766029030701}, {"id": "708397448", "price": 1.8538, "amount": 93.8, "side": "sell", "timestamp": 1766029030966}, {"id": "708397449", "price": 1.8539, "amount": 18.5, "side": "buy", "timestamp": 1766029031047}, {"id": "708397450", "price": 1.8539, "amount": 6.5, "side": "buy", "timestamp": 1766029031663}, {"id": "708397451", "price": 1.8539, "amount": 38.6, "side": "buy", "timestamp": 1766029031848}, {"id": "708397452", "price": 1.8538, "amount": 149.0, "side": "sell", "timestamp": 1766029031962}, {"id": "708397453", "price": 1.8539, "amount": 96.1, "side": "buy", "timestamp": 1766029032371}, {"id": "708397454", "price": 1.8538, "amount": 4.0, "side": "sell", "timestamp": 1766029032609}, {"id": "708397455", "price": 1.8538, "amount": 93.8, "side": "sell", "timestamp": 1766029032965}, {"id": "708397456", "price": 1.8539, "amount": 581.5, "side": "buy", "timestamp": 1766029033064}, {"id": "708397457", "price": 1.8538, "amount": 3.6, "side": "sell", "timestamp": 1766029033111}, {"id": "708397458", "price": 1.8539, "amount": 96.4, "side": "buy", "timestamp": 1766029033477}, {"id": "708397459", "price": 1.8538, "amount": 116.1, "side": "sell", "timestamp": 1766029033963}, {"id": "708397460", "price": 1.8538, "amount": 793.0, "side": "sell", "timestamp": 1766029034518}, {"id": "708397461", "price": 1.8538, "amount": 4.5, "side": "sell", "timestamp": 1766029034653}, {"id": "708397462", "price": 1.8539, "amount": 4.0, "side": "buy", "timestamp": 1766029034814}, {"id": "708397463", "price": 1.8538, "amount": 98.6, "side": "sell", "timestamp": 1766029034962}, {"id": "708397464", "price": 1.8539, "amount": 406.7, "side": "buy", "timestamp": 1766029035059}, {"id": "708397465", "price": 1.8538, "amount": 7.6, "side": "sell", "timestamp": 1766029035108}, {"id": "708397466", "price": 1.8538, "amount": 44.6, "side": "sell", "timestamp": 1766029035517}, {"id": "708397467", "price": 1.8539, "amount": 6.4, "side": "buy", "timestamp": 1766029035654}, {"id": "708397468", "price": 1.8538, "amount": 116.1, "side": "sell", "timestamp": 1766029035965}, {"id": "708397469", "price": 1.8539, "amount": 4.5, "side": "buy", "timestamp": 1766029036195}, {"id": "708397470", "price": 1.8538, "amount": 46.5, "side": "sell", "timestamp": 1766029036416}, {"id": "708397471", "price": 1.8539, "amount": 53.4, "side": "buy", "timestamp": 1766029036526}, {"id": "708397472", "price": 1.8539, "amount": 578.2, "side": "buy", "timestamp": 1766029036900}, {"id": "708397473", "price": 1.8538, "amount": 93.8, "side": "sell", "timestamp": 1766029036966}, {"id": "708397474", "price": 1.8539, "amount": 286.2, "side": "buy", "timestamp": 1766029037041}, {"id": "708397475", "price": 1.8538, "amount": 116.1, "side": "sell", "timestamp": 1766029037967}, {"id": "708397476", "price": 1.8538, "amount": 7.6, "side": "sell", "timestamp": 1766029038141}, {"id": "708397477", "price": 1.8538, "amount": 10.7, "side": "sell", "timestamp": 1766029038754}, {"id": "708397478", "price": 1.8539, "amount": 10.7, "side": "buy", "timestamp": 1766029038771}, {"id": "708397479", "price": 1.8538, "amount": 93.8, "side": "sell", "timestamp": 1766029038967}, {"id": "708397480", "price": 1.8539, "amount": 5.8, "side": "buy", "timestamp": 1766029039455}, {"id": "708397481", "price": 1.8538, "amount": 708.6, "side": "sell", "timestamp": 1766029039522}, {"id": "708397482", "price": 1.8538, "amount": 124.6, "side": "sell", "timestamp": 1766029039952}, {"id": "708397483", "price": 1.8539, "amount": 64.4, "side": "buy", "timestamp": 1766029039983}, {"id": "708397484", "price": 1.8538, "amount": 22.3, "side": "sell", "timestamp": 1766029040047}, {"id": "708397485", "price": 1.8538, "amount": 3651.7, "side": "sell", "timestamp": 1766029040341}, {"id": "708397486", "price": 1.8537, "amount": 60.9, "side": "sell", "timestamp": 1766029040347}, {"id": "708397487", "price": 1.8536, "amount": 32.2, "side": "sell", "timestamp": 1766029040357}, {"id": "708397488", "price": 1.8535, "amount": 44.0, "side": "sell", "timestamp": 1766029040523}, {"id": "708397489", "price": 1.8535, "amount": 5382.0, "side": "sell", "timestamp": 1766029040968}, {"id": "708397490", "price": 1.8535, "amount": 10.1, "side": "buy", "timestamp": 1766029041167}, {"id": "708397491", "price": 1.8534, "amount": 7.6, "side": "sell", "timestamp": 1766029041288}, {"id": "708397633", "price": 1.8538, "amount": 1743.9, "side": "sell", "timestamp": 1766029081568}, {"id": "708397634", "price": 1.8539, "amount": 376.5, "side": "buy", "timestamp": 1766029081579}, {"id": "708397635", "price": 1.8538, "amount": 1714.2, "side": "sell", "timestamp": 1766029081973}, {"id": "708397636", "price": 1.8537, "amount": 18.9, "side": "sell", "timestamp": 1766029081979}, {"id": "708397637", "price": 1.8536, "amount": 22.3, "side": "sell", "timestamp": 1766029082054}, {"id": "708397638", "price": 1.8536, "amount": 13.4, "side": "sell", "timestamp": 1766029082172}, {"id": "708397639", "price": 1.8536, "amount": 5.1, "side": "sell", "timestamp": 1766029082560}, {"id": "708397640", "price": 1.8537, "amount": 5.8, "side": "buy", "timestamp": 1766029082724}, {"id": "708397641", "price": 1.8536, "amount": 105.1, "side": "sell", "timestamp": 1766029082928}, {"id": "708397642", "price": 1.8536, "amount": 7.6, "side": "sell", "timestamp": 1766029083120}, {"id": "708397643", "price": 1.8536, "amount": 131.8, "side": "sell", "timestamp": 1766029083394}, {"id": "708397644", "price": 1.8536, "amount": 22.9, "side": "buy", "timestamp": 1766029083518}, {"id": "708397645", "price": 1.8535, "amount": 121.6, "side": "sell", "timestamp": 1766029083875}, {"id": "708397646", "price": 1.8535, "amount": 22.3, "side": "sell", "timestamp": 1766029084054}, {"id": "708397647", "price": 1.8535, "amount": 867.8, "side": "sell", "timestamp": 1766029084361}, {"id": "708397648", "price": 1.8534, "amount": 1055.5, "side": "sell", "timestamp": 1766029084561}, {"id": "708397649", "price": 1.8534, "amount": 122.3, "side": "sell", "timestamp": 1766029084896}, {"id": "708397650", "price": 1.8535, "amount": 13.4, "side": "buy", "timestamp": 1766029085115}, {"id": "708397651", "price": 1.8535, "amount": 1207.6, "side": "buy", "timestamp": 1766029085315}, {"id": "708397652", "price": 1.8534, "amount": 60.9, "side": "sell", "timestamp": 1766029085565}, {"id": "708397653", "price": 1.8534, "amount": 3.8, "side": "sell", "timestamp": 1766029085843}, {"id": "708397654", "price": 1.8534, "amount": 116.1, "side": "sell", "timestamp": 1766029085974}, {"id": "708397655", "price": 1.8534, "amount": 7.6, "side": "sell", "timestamp": 1766029086140}, {"id": "708397656", "price": 1.8534, "amount": 93.8, "side": "sell", "timestamp": 1766029086973}, {"id": "708397657", "price": 1.8534, "amount": 34.5, "side": "sell", "timestamp": 1766029087270}, {"id": "708397658", "price": 1.8535, "amount": 4.7, "side": "buy", "timestamp": 1766029087958}, {"id": "708397659", "price": 1.8534, "amount": 116.1, "side": "sell", "timestamp": 1766029087970}, {"id": "708397660", "price": 1.8534, "amount": 5564.4, "side": "sell", "timestamp": 1766029088163}, {"id": "708397661", "price": 1.8533, "amount": 93.8, "side": "sell", "timestamp": 1766029088973}, {"id": "708397662", "price": 1.8533, "amount": 7.6, "side": "sell", "timestamp": 1766029089176}, {"id": "708397663", "price": 1.8534, "amount": 480.1, "side": "buy", "timestamp": 1766029089339}, {"id": "708397664", "price": 1.8535, "amount": 218.8, "side": "buy", "timestamp": 1766029089376}, {"id": "708397665", "price": 1.8534, "amount": 821.1, "side": "sell", "timestamp": 1766029089589}, {"id": "708397666", "price": 1.8535, "amount": 115.7, "side": "buy", "timestamp": 1766029089819}, {"id": "708397667", "price": 1.8534, "amount": 5.5, "side": "sell", "timestamp": 1766029089855}, {"id": "708397668", "price": 1.8535, "amount": 1779.8, "side": "buy", "timestamp": 1766029089924}, {"id": "708397669", "price": 1.8536, "amount": 64.4, "side": "buy", "timestamp": 1766029089941}, {"id": "708397670", "price": 1.8535, "amount": 93.8, "side": "sell", "timestamp": 1766029089970}, {"id": "708397671", "price": 1.8536, "amount": 58.5, "side": "buy", "timestamp": 1766029089981}, {"id": "708397672", "price": 1.8536, "amount": 22.3, "side": "sell", "timestamp": 1766029090054}, {"id": "708397673", "price": 1.8537, "amount": 267.4, "side": "buy", "timestamp": 1766029090095}, {"id": "708397674", "price": 1.8538, "amount": 714.7, "side": "buy", "timestamp": 1766029090095}, {"id": "708397675", "price": 1.8537, "amount": 45.9, "side": "sell", "timestamp": 1766029090568}, {"id": "708397676", "price": 1.8537, "amount": 96.6, "side": "sell", "timestamp": 1766029090887}, {"id": "708397677", "price": 1.8537, "amount": 123.7, "side": "sell", "timestamp": 1766029091970}, {"id": "708397678", "price": 1.8537, "amount": 93.8, "side": "sell", "timestamp": 1766029092971}, {"id": "708397679", "price": 1.8538, "amount": 721.7, "side": "buy", "timestamp": 1766029093086}, {"id": "708397680", "price": 1.8537, "amount": 2.8, "side": "sell", "timestamp": 1766029093570}, {"id": "708397681", "price": 1.8538, "amount": 26.8, "side": "buy", "timestamp": 1766029093857}, {"id": "708397682", "price": 1.8537, "amount": 116.1, "side": "sell", "timestamp": 1766029093974}, {"id": "708397838", "price": 1.8549, "amount": 93.8, "side": "sell", "timestamp": 1766029134979}, {"id": "708397839", "price": 1.8549, "amount": 3550.5, "side": "sell", "timestamp": 1766029135600}, {"id": "708397840", "price": 1.8548, "amount": 53.6, "side": "sell", "timestamp": 1766029135609}, {"id": "708397841", "price": 1.8548, "amount": 93.8, "side": "sell", "timestamp": 1766029135975}, {"id": "708397842", "price": 1.8549, "amount": 4.0, "side": "buy", "timestamp": 1766029136042}, {"id": "708397843", "price": 1.8548, "amount": 22.3, "side": "sell", "timestamp": 1766029136057}, {"id": "708397844", "price": 1.8548, "amount": 93.8, "side": "sell", "timestamp": 1766029136976}, {"id": "708397845", "price": 1.8548, "amount": 7.6, "side": "sell", "timestamp": 1766029137118}, {"id": "708397846", "price": 1.8549, "amount": 20.2, "side": "buy", "timestamp": 1766029137639}, {"id": "708397847", "price": 1.8549, "amount": 2.7, "side": "buy", "timestamp": 1766029137905}, {"id": "708397848", "price": 1.8548, "amount": 93.8, "side": "sell", "timestamp": 1766029137981}, {"id": "708397849", "price": 1.8549, "amount": 5016.1, "side": "buy", "timestamp": 1766029138037}, {"id": "708397850", "price": 1.8548, "amount": 22.3, "side": "sell", "timestamp": 1766029138057}, {"id": "708397851", "price": 1.8548, "amount": 2.9, "side": "sell", "timestamp": 1766029138610}, {"id": "708397852", "price": 1.8548, "amount": 93.8, "side": "sell", "timestamp": 1766029138981}, {"id": "708397853", "price": 1.8549, "amount": 4.0, "side": "buy", "timestamp": 1766029139238}, {"id": "708397854", "price": 1.8548, "amount": 10.7, "side": "sell", "timestamp": 1766029139256}, {"id": "708397855", "price": 1.8548, "amount": 910.8, "side": "sell", "timestamp": 1766029139609}, {"id": "708397856", "price": 1.8549, "amount": 6.5, "side": "buy", "timestamp": 1766029139670}, {"id": "708397857", "price": 1.8549, "amount": 64.4, "side": "buy", "timestamp": 1766029139933}, {"id": "708397858", "price": 1.8548, "amount": 116.1, "side": "sell", "timestamp": 1766029139977}, {"id": "708397859", "price": 1.8548, "amount": 7.6, "side": "sell", "timestamp": 1766029140150}, {"id": "708397860", "price": 1.8549, "amount": 1.8, "side": "buy", "timestamp": 1766029140309}, {"id": "708397861", "price": 1.8549, "amount": 5.8, "side": "buy", "timestamp": 1766029140601}, {"id": "708397862", "price": 1.8548, "amount": 41.2, "side": "sell", "timestamp": 1766029140610}, {"id": "708397863", "price": 1.8548, "amount": 523.7, "side": "sell", "timestamp": 1766029140728}, {"id": "708397864", "price": 1.8547, "amount": 41.8, "side": "sell", "timestamp": 1766029140732}, {"id": "708397865", "price": 1.8547, "amount": 253.8, "side": "buy", "timestamp": 1766029140826}, {"id": "708397866", "price": 1.8546, "amount": 1518.4, "side": "sell", "timestamp": 1766029140872}, {"id": "708397867", "price": 1.8545, "amount": 1649.1, "side": "sell", "timestamp": 1766029140874}, {"id": "708397868", "price": 1.8544, "amount": 114.8, "side": "sell", "timestamp": 1766029140981}, {"id": "708397869", "price": 1.8544, "amount": 25.6, "side": "sell", "timestamp": 1766029141183}, {"id": "708397870", "price": 1.8545, "amount": 28.7, "side": "buy", "timestamp": 1766029141645}, {"id": "708397871", "price": 1.8544, "amount": 98.2, "side": "sell", "timestamp": 1766029141901}, {"id": "708397872", "price": 1.8544, "amount": 41.8, "side": "sell", "timestamp": 1766029142024}, {"id": "708397873", "price": 1.8543, "amount": 22.3, "side": "sell", "timestamp": 1766029142054}, {"id": "708397874", "price": 1.8543, "amount": 2.8, "side": "sell", "timestamp": 1766029142362}, {"id": "708397875", "price": 1.8544, "amount": 3473.1, "side": "buy", "timestamp": 1766029142364}, {"id": "708397876", "price": 1.8543, "amount": 682.9, "side": "sell", "timestamp": 1766029142923}, {"id": "708397877", "price": 1.8543, "amount": 7.6, "side": "sell", "timestamp": 1766029143192}, {"id": "708397878", "price": 1.8544, "amount": 13.1, "side": "buy", "timestamp": 1766029143500}, {"id": "708397879", "price": 1.8544, "amount": 5.0, "side": "buy", "timestamp": 1766029143624}, {"id": "708397880", "price": 1.8543, "amount": 116.1, "side": "sell", "timestamp": 1766029143981}, {"id": "708397881", "price": 1.8543, "amount": 3.4, "side": "sell", "timestamp": 1766029144092}, {"id": "708397882", "price": 1.8543, "amount": 708.6, "side": "sell", "timestamp": 1766029144612}, {"id": "708397883", "price": 1.8543, "amount": 810.0, "side": "sell", "timestamp": 1766029144957}, {"id": "708397884", "price": 1.8543, "amount": 2.9, "side": "sell", "timestamp": 1766029145076}, {"id": "708397885", "price": 1.8543, "amount": 41.2, "side": "sell", "timestamp": 1766029145614}, {"id": "708397886", "price": 1.8543, "amount": 123.7, "side": "sell", "timestamp": 1766029145977}, {"id": "708397887", "price": 1.8544, "amount": 15357.4, "side": "buy", "timestamp": 1766029146139}, {"id": "708398021", "price": 1.855, "amount": 9.8, "side": "buy", "timestamp": 1766029185525}, {"id": "708398022", "price": 1.8549, "amount": 70.5, "side": "sell", "timestamp": 1766029185650}, {"id": "708398023", "price": 1.855, "amount": 29.3, "side": "buy", "timestamp": 1766029185858}, {"id": "708398024", "price": 1.8549, "amount": 116.1, "side": "sell", "timestamp": 1766029185986}, {"id": "708398025", "price": 1.855, "amount": 3.6, "side": "buy", "timestamp": 1766029186802}, {"id": "708398026", "price": 1.855, "amount": 578.2, "side": "buy", "timestamp": 1766029186974}, {"id": "708398027", "price": 1.8549, "amount": 93.8, "side": "sell", "timestamp": 1766029186985}, {"id": "708398028", "price": 1.8549, "amount": 116.1, "side": "sell", "timestamp": 1766029187986}, {"id": "708398029", "price": 1.8549, "amount": 7.6, "side": "sell", "timestamp": 1766029188170}, {"id": "708398030", "price": 1.855, "amount": 1635.2, "side": "buy", "timestamp": 1766029188331}, {"id": "708398031", "price": 1.855, "amount": 2.8, "side": "sell", "timestamp": 1766029188651}, {"id": "708398032", "price": 1.855, "amount": 1449.6, "side": "sell", "timestamp": 1766029188812}, {"id": "708398033", "price": 1.855, "amount": 107.6, "side": "sell", "timestamp": 1766029188983}, {"id": "708398034", "price": 1.8551, "amount": 504.4, "side": "buy", "timestamp": 1766029189405}, {"id": "708398035", "price": 1.8552, "amount": 136.0, "side": "buy", "timestamp": 1766029189421}, {"id": "708398036", "price": 1.8553, "amount": 515.9, "side": "buy", "timestamp": 1766029189421}, {"id": "708398037", "price": 1.8552, "amount": 1142.5, "side": "sell", "timestamp": 1766029189658}, {"id": "708398038", "price": 1.8553, "amount": 10.1, "side": "buy", "timestamp": 1766029189725}, {"id": "708398039", "price": 1.8553, "amount": 64.4, "side": "buy", "timestamp": 1766029189943}, {"id": "708398040", "price": 1.8552, "amount": 116.1, "side": "sell", "timestamp": 1766029189987}, {"id": "708398041", "price": 1.8553, "amount": 160.0, "side": "buy", "timestamp": 1766029190370}, {"id": "708398042", "price": 1.8552, "amount": 66.1, "side": "sell", "timestamp": 1766029190671}, {"id": "708398043", "price": 1.8552, "amount": 101.4, "side": "sell", "timestamp": 1766029190989}, {"id": "708398044", "price": 1.8553, "amount": 1017.2, "side": "buy", "timestamp": 1766029191417}, {"id": "708398045", "price": 1.8553, "amount": 2.8, "side": "buy", "timestamp": 1766029191733}, {"id": "708398046", "price": 1.8552, "amount": 93.8, "side": "sell", "timestamp": 1766029191984}, {"id": "708398047", "price": 1.8553, "amount": 221.5, "side": "buy", "timestamp": 1766029192014}, {"id": "708398048", "price": 1.8552, "amount": 22.3, "side": "sell", "timestamp": 1766029192061}, {"id": "708398049", "price": 1.8552, "amount": 1526.5, "side": "sell", "timestamp": 1766029192206}, {"id": "708398050", "price": 1.8551, "amount": 1002.0, "side": "sell", "timestamp": 1766029192209}, {"id": "708398051", "price": 1.8551, "amount": 5053.0, "side": "buy", "timestamp": 1766029192331}, {"id": "708398052", "price": 1.8551, "amount": 2484.3, "side": "buy", "timestamp": 1766029192707}, {"id": "708398053", "price": 1.855, "amount": 93.8, "side": "sell", "timestamp": 1766029192987}, {"id": "708398054", "price": 1.8551, "amount": 1230.6, "side": "buy", "timestamp": 1766029193255}, {"id": "708398055", "price": 1.855, "amount": 116.1, "side": "sell", "timestamp": 1766029193984}, {"id": "708398056", "price": 1.855, "amount": 7.6, "side": "sell", "timestamp": 1766029194132}, {"id": "708398057", "price": 1.855, "amount": 1132.4, "side": "sell", "timestamp": 1766029194657}, {"id": "708398058", "price": 1.855, "amount": 93.8, "side": "sell", "timestamp": 1766029194988}, {"id": "708398059", "price": 1.8551, "amount": 161.7, "side": "buy", "timestamp": 1766029195162}, {"id": "708398060", "price": 1.855, "amount": 4.9, "side": "sell", "timestamp": 1766029195431}, {"id": "708398061", "price": 1.855, "amount": 68.0, "side": "sell", "timestamp": 1766029195658}, {"id": "708398062", "price": 1.8551, "amount": 15.0, "side": "buy", "timestamp": 1766029195723}, {"id": "708398063", "price": 1.855, "amount": 116.1, "side": "sell", "timestamp": 1766029195986}, {"id": "708398064", "price": 1.8551, "amount": 923.4, "side": "buy", "timestamp": 1766029196662}, {"id": "708398065", "price": 1.855, "amount": 99.1, "side": "sell", "timestamp": 1766029196988}, {"id": "708398066", "price": 1.8551, "amount": 10.8, "side": "buy", "timestamp": 1766029197169}, {"id": "708398067", "price": 1.855, "amount": 7.6, "side": "sell", "timestamp": 1766029197196}, {"id": "708398068", "price": 1.855, "amount": 116.1, "side": "sell", "timestamp": 1766029197985}, {"id": "708398069", "price": 1.8551, "amount": 12.7, "side": "buy", "timestamp": 1766029198707}, {"id": "708398070", "price": 1.855, "amount": 123.5, "side": "sell", "timestamp": 1766029198899}, {"id": "708398252", "price": 1.8552, "amount": 150.0, "side": "buy", "timestamp": 1766029239008}, {"id": "708398253", "price": 1.8551, "amount": 7.6, "side": "sell", "timestamp": 1766029239110}, {"id": "708398254", "price": 1.8552, "amount": 64.4, "side": "buy", "timestamp": 1766029239942}, {"id": "708398255", "price": 1.8551, "amount": 116.1, "side": "sell", "timestamp": 1766029239990}, {"id": "708398256", "price": 1.8551, "amount": 13.5, "side": "sell", "timestamp": 1766029240286}, {"id": "708398257", "price": 1.8551, "amount": 4.1, "side": "buy", "timestamp": 1766029240719}, {"id": "708398258", "price": 1.8551, "amount": 1728.2, "side": "buy", "timestamp": 1766029240880}, {"id": "708398259", "price": 1.855, "amount": 93.8, "side": "sell", "timestamp": 1766029240990}, {"id": "708398260", "price": 1.855, "amount": 7.9, "side": "sell", "timestamp": 1766029241156}, {"id": "708398261", "price": 1.8551, "amount": 40.9, "side": "buy", "timestamp": 1766029241461}, {"id": "708398262", "price": 1.8551, "amount": 2634.5, "side": "buy", "timestamp": 1766029241718}, {"id": "708398263", "price": 1.855, "amount": 4789.0, "side": "sell", "timestamp": 1766029241995}, {"id": "708398264", "price": 1.8549, "amount": 93.8, "side": "sell", "timestamp": 1766029242001}, {"id": "708398265", "price": 1.855, "amount": 32.7, "side": "buy", "timestamp": 1766029242018}, {"id": "708398266", "price": 1.8549, "amount": 8782.0, "side": "sell", "timestamp": 1766029242066}, {"id": "708398267", "price": 1.8548, "amount": 51.5, "side": "sell", "timestamp": 1766029242117}, {"id": "708398268", "price": 1.8547, "amount": 7.6, "side": "sell", "timestamp": 1766029242195}, {"id": "708398269", "price": 1.8548, "amount": 6.0, "side": "buy", "timestamp": 1766029242714}, {"id": "708398270", "price": 1.8547, "amount": 93.8, "side": "sell", "timestamp": 1766029242992}, {"id": "708398271", "price": 1.8548, "amount": 116.9, "side": "buy", "timestamp": 1766029243380}, {"id": "708398272", "price": 1.8548, "amount": 116.1, "side": "sell", "timestamp": 1766029243989}, {"id": "708398273", "price": 1.8548, "amount": 3.2, "side": "sell", "timestamp": 1766029244391}, {"id": "708398274", "price": 1.8549, "amount": 1089.0, "side": "buy", "timestamp": 1766029244604}, {"id": "708398275", "price": 1.855, "amount": 329.5, "side": "buy", "timestamp": 1766029244604}, {"id": "708398276", "price": 1.8549, "amount": 101.4, "side": "sell", "timestamp": 1766029244995}, {"id": "708398277", "price": 1.855, "amount": 13.8, "side": "buy", "timestamp": 1766029245352}, {"id": "708398278", "price": 1.8549, "amount": 93.8, "side": "sell", "timestamp": 1766029245990}, {"id": "708398279", "price": 1.855, "amount": 4.3, "side": "buy", "timestamp": 1766029246038}, {"id": "708398280", "price": 1.8549, "amount": 22.3, "side": "sell", "timestamp": 1766029246064}, {"id": "708398281", "price": 1.855, "amount": 7.7, "side": "buy", "timestamp": 1766029246414}, {"id": "708398282", "price": 1.8549, "amount": 93.8, "side": "sell", "timestamp": 1766029246992}, {"id": "708398283", "price": 1.8549, "amount": 6.3, "side": "sell", "timestamp": 1766029247682}, {"id": "708398284", "price": 1.8549, "amount": 123.7, "side": "sell", "timestamp": 1766029247995}, {"id": "708398285", "price": 1.855, "amount": 624.9, "side": "buy", "timestamp": 1766029248154}, {"id": "708398286", "price": 1.8551, "amount": 811.9, "side": "buy", "timestamp": 1766029248172}, {"id": "708398287", "price": 1.8551, "amount": 93.8, "side": "sell", "timestamp": 1766029248991}, {"id": "708398288", "price": 1.8552, "amount": 5504.1, "side": "buy", "timestamp": 1766029249669}, {"id": "708398289", "price": 1.8553, "amount": 6361.7, "side": "buy", "timestamp": 1766029249727}, {"id": "708398290", "price": 1.8554, "amount": 7607.3, "side": "buy", "timestamp": 1766029249727}, {"id": "708398291", "price": 1.8555, "amount": 16193.5, "side": "buy", "timestamp": 1766029249727}, {"id": "708398292", "price": 1.8556, "amount": 29907.9, "side": "buy", "timestamp": 1766029249727}, {"id": "708398293", "price": 1.8557, "amount": 15216.0, "side": "buy", "timestamp": 1766029249728}, {"id": "708398294", "price": 1.8556, "amount": 230.8, "side": "sell", "timestamp": 1766029249732}, {"id": "708398295", "price": 1.8555, "amount": 18.9, "side": "sell", "timestamp": 1766029249737}, {"id": "708398296", "price": 1.8554, "amount": 67.4, "side": "sell", "timestamp": 1766029249740}, {"id": "708398297", "price": 1.8553, "amount": 479.7, "side": "sell", "timestamp": 1766029249789}, {"id": "708398298", "price": 1.8554, "amount": 64.4, "side": "buy", "timestamp": 1766029249940}, {"id": "708398299", "price": 1.8553, "amount": 116.1, "side": "sell", "timestamp": 1766029250009}, {"id": "708398300", "price": 1.8553, "amount": 93.8, "side": "sell", "timestamp": 1766029250991}, {"id": "708398301", "price": 1.8553, "amount": 7.6, "side": "sell", "timestamp": 1766029251131}, {"id": "708398439", "price": 1.8549, "amount": 3151.0, "side": "buy", "timestamp": 1766029290324}, {"id": "708398440", "price": 1.855, "amount": 1180.4, "side": "buy", "timestamp": 1766029290465}, {"id": "708398441", "price": 1.8549, "amount": 441.4, "side": "sell", "timestamp": 1766029290531}, {"id": "708398442", "price": 1.855, "amount": 470.1, "side": "buy", "timestamp": 1766029290546}, {"id": "708398443", "price": 1.8551, "amount": 4.5, "side": "buy", "timestamp": 1766029290637}, {"id": "708398444", "price": 1.855, "amount": 2.8, "side": "sell", "timestamp": 1766029290864}, {"id": "708398445", "price": 1.8551, "amount": 809.7, "side": "buy", "timestamp": 1766029290882}, {"id": "708398446", "price": 1.8552, "amount": 5.2, "side": "buy", "timestamp": 1766029290897}, {"id": "708398447", "price": 1.8551, "amount": 93.8, "side": "sell", "timestamp": 1766029291000}, {"id": "708398448", "price": 1.8551, "amount": 939.5, "side": "sell", "timestamp": 1766029291524}, {"id": "708398449", "price": 1.8551, "amount": 116.1, "side": "sell", "timestamp": 1766029291998}, {"id": "708398450", "price": 1.8551, "amount": 15000.0, "side": "sell", "timestamp": 1766029292624}, {"id": "708398451", "price": 1.8551, "amount": 10.3, "side": "sell", "timestamp": 1766029292834}, {"id": "708398452", "price": 1.8551, "amount": 7005.1, "side": "sell", "timestamp": 1766029292960}, {"id": "708398453", "price": 1.855, "amount": 93.8, "side": "sell", "timestamp": 1766029293001}, {"id": "708398454", "price": 1.855, "amount": 10.8, "side": "sell", "timestamp": 1766029293153}, {"id": "708398455", "price": 1.8551, "amount": 168.2, "side": "buy", "timestamp": 1766029293384}, {"id": "708398456", "price": 1.8551, "amount": 167.2, "side": "buy", "timestamp": 1766029293658}, {"id": "708398457", "price": 1.8551, "amount": 14.4, "side": "sell", "timestamp": 1766029293741}, {"id": "708398458", "price": 1.8551, "amount": 116.1, "side": "sell", "timestamp": 1766029294002}, {"id": "708398459", "price": 1.8551, "amount": 1076.6, "side": "sell", "timestamp": 1766029294628}, {"id": "708398460", "price": 1.8552, "amount": 7.8, "side": "buy", "timestamp": 1766029294804}, {"id": "708398461", "price": 1.8551, "amount": 97.7, "side": "sell", "timestamp": 1766029294991}, {"id": "708398462", "price": 1.8552, "amount": 0.5, "side": "buy", "timestamp": 1766029295349}, {"id": "708398463", "price": 1.8552, "amount": 73.7, "side": "buy", "timestamp": 1766029295891}, {"id": "708398464", "price": 1.8551, "amount": 116.1, "side": "sell", "timestamp": 1766029295997}, {"id": "708398465", "price": 1.8552, "amount": 0.7, "side": "buy", "timestamp": 1766029296137}, {"id": "708398466", "price": 1.8551, "amount": 7.6, "side": "sell", "timestamp": 1766029296189}, {"id": "708398467", "price": 1.8551, "amount": 93.8, "side": "sell", "timestamp": 1766029296997}, {"id": "708398468", "price": 1.8551, "amount": 500.0, "side": "sell", "timestamp": 1766029297104}, {"id": "708398469", "price": 1.8552, "amount": 4.1, "side": "buy", "timestamp": 1766029297274}, {"id": "708398470", "price": 1.8551, "amount": 116.1, "side": "sell", "timestamp": 1766029298002}, {"id": "708398471", "price": 1.8552, "amount": 38.7, "side": "buy", "timestamp": 1766029298526}, {"id": "708398472", "price": 1.8552, "amount": 4.8, "side": "buy", "timestamp": 1766029298721}, {"id": "708398473", "price": 1.8551, "amount": 101.4, "side": "sell", "timestamp": 1766029299000}, {"id": "708398474", "price": 1.8551, "amount": 116.1, "side": "sell", "timestamp": 1766029299999}, {"id": "708398475", "price": 1.8552, "amount": 3855.7, "side": "buy", "timestamp": 1766029300181}, {"id": "708398476", "price": 1.8553, "amount": 5112.6, "side": "buy", "timestamp": 1766029300181}, {"id": "708398477", "price": 1.8554, "amount": 1094.9, "side": "buy", "timestamp": 1766029300181}, {"id": "708398478", "price": 1.8555, "amount": 18.2, "side": "buy", "timestamp": 1766029300598}, {"id": "708398479", "price": 1.8554, "amount": 8.3, "side": "sell", "timestamp": 1766029300735}, {"id": "708398480", "price": 1.8555, "amount": 5.9, "side": "buy", "timestamp": 1766029300740}, {"id": "708398481", "price": 1.8554, "amount": 97.7, "side": "sell", "timestamp": 1766029300928}, {"id": "708398482", "price": 1.8555, "amount": 1353.7, "side": "buy", "timestamp": 1766029301341}, {"id": "708398483", "price": 1.8556, "amount": 1329.9, "side": "buy", "timestamp": 1766029301341}, {"id": "708398484", "price": 1.8555, "amount": 535.2, "side": "sell", "timestamp": 1766029301905}, {"id": "708398485", "price": 1.8555, "amount": 29.9, "side": "sell", "timestamp": 1766029302068}, {"id": "708398486", "price": 1.8556, "amount": 1.5, "side": "buy", "timestamp": 1766029302329}, {"id": "708398487", "price": 1.8555, "amount": 93.8, "side": "sell", "timestamp": 1766029302998}, {"id": "708398488", "price": 1.8556, "amount": 415.0, "side": "buy", "timestamp": 1766029303658}, {"id": "708398628", "price": 1.8547, "amount": 3.1, "side": "sell", "timestamp": 1766029340371}, {"id": "708398629", "price": 1.8548, "amount": 0.7, "side": "buy", "timestamp": 1766029340566}, {"id": "708398630", "price": 1.8547, "amount": 101.4, "side": "sell", "timestamp": 1766029341004}, {"id": "708398631", "price": 1.8547, "amount": 1364.5, "side": "sell", "timestamp": 1766029341733}, {"id": "708398632", "price": 1.8547, "amount": 231.5, "side": "sell", "timestamp": 1766029341865}, {"id": "708398633", "price": 1.8546, "amount": 211.6, "side": "sell", "timestamp": 1766029341868}, {"id": "708398634", "price": 1.8545, "amount": 116.1, "side": "sell", "timestamp": 1766029342009}, {"id": "708398635", "price": 1.8546, "amount": 0.6, "side": "buy", "timestamp": 1766029342139}, {"id": "708398636", "price": 1.8545, "amount": 102.3, "side": "sell", "timestamp": 1766029343007}, {"id": "708398637", "price": 1.8546, "amount": 43.1, "side": "buy", "timestamp": 1766029343220}, {"id": "708398638", "price": 1.8545, "amount": 93.8, "side": "sell", "timestamp": 1766029344003}, {"id": "708398639", "price": 1.8546, "amount": 4.3, "side": "buy", "timestamp": 1766029344024}, {"id": "708398640", "price": 1.8545, "amount": 633.6, "side": "sell", "timestamp": 1766029344062}, {"id": "708398641", "price": 1.8545, "amount": 113.2, "side": "sell", "timestamp": 1766029344509}, {"id": "708398642", "price": 1.8546, "amount": 10.7, "side": "buy", "timestamp": 1766029344536}, {"id": "708398643", "price": 1.8545, "amount": 93.8, "side": "sell", "timestamp": 1766029345007}, {"id": "708398644", "price": 1.8546, "amount": 110.9, "side": "buy", "timestamp": 1766029345320}, {"id": "708398645", "price": 1.8545, "amount": 36.5, "side": "sell", "timestamp": 1766029345793}, {"id": "708398646", "price": 1.8545, "amount": 125.9, "side": "sell", "timestamp": 1766029345973}, {"id": "708398647", "price": 1.8545, "amount": 93.8, "side": "sell", "timestamp": 1766029347006}, {"id": "708398648", "price": 1.8545, "amount": 7.6, "side": "sell", "timestamp": 1766029347150}, {"id": "708398649", "price": 1.8545, "amount": 116.1, "side": "sell", "timestamp": 1766029348004}, {"id": "708398650", "price": 1.8546, "amount": 0.8, "side": "buy", "timestamp": 1766029348215}, {"id": "708398651", "price": 1.8546, "amount": 0.7, "side": "buy", "timestamp": 1766029348408}, {"id": "708398652", "price": 1.8545, "amount": 23.7, "side": "sell", "timestamp": 1766029348723}, {"id": "708398653", "price": 1.8545, "amount": 93.8, "side": "sell", "timestamp": 1766029349006}, {"id": "708398654", "price": 1.8546, "amount": 11.8, "side": "buy", "timestamp": 1766029349678}, {"id": "708398655", "price": 1.8545, "amount": 116.1, "side": "sell", "timestamp": 1766029350009}, {"id": "708398656", "price": 1.8545, "amount": 7.6, "side": "sell", "timestamp": 1766029350183}, {"id": "708398657", "price": 1.8546, "amount": 0.2, "side": "buy", "timestamp": 1766029350296}, {"id": "708398658", "price": 1.8546, "amount": 2388.4, "side": "buy", "timestamp": 1766029350614}, {"id": "708398659", "price": 1.8546, "amount": 93.8, "side": "sell", "timestamp": 1766029351006}, {"id": "708398660", "price": 1.8546, "amount": 934.3, "side": "sell", "timestamp": 1766029351493}, {"id": "708398661", "price": 1.8547, "amount": 7.3, "side": "buy", "timestamp": 1766029351568}, {"id": "708398662", "price": 1.8546, "amount": 116.1, "side": "sell", "timestamp": 1766029352009}, {"id": "708398663", "price": 1.8546, "amount": 348.8, "side": "sell", "timestamp": 1766029352339}, {"id": "708398664", "price": 1.8546, "amount": 2370.4, "side": "sell", "timestamp": 1766029352685}, {"id": "708398665", "price": 1.8547, "amount": 0.9, "side": "buy", "timestamp": 1766029352799}, {"id": "708398666", "price": 1.8546, "amount": 101.4, "side": "sell", "timestamp": 1766029353004}, {"id": "708398667", "price": 1.8546, "amount": 677.2, "side": "sell", "timestamp": 1766029353405}, {"id": "708398668", "price": 1.8547, "amount": 315.6, "side": "buy", "timestamp": 1766029353472}, {"id": "708398669", "price": 1.8546, "amount": 116.1, "side": "sell", "timestamp": 1766029354005}, {"id": "708398670", "price": 1.8547, "amount": 7.7, "side": "buy", "timestamp": 1766029354257}, {"id": "708398671", "price": 1.8547, "amount": 3.4, "side": "buy", "timestamp": 1766029354731}, {"id": "708398672", "price": 1.8546, "amount": 93.8, "side": "sell", "timestamp": 1766029355010}, {"id": "708398673", "price": 1.8547, "amount": 4.5, "side": "buy", "timestamp": 1766029355668}, {"id": "708398674", "price": 1.8547, "amount": 930.7, "side": "buy", "timestamp": 1766029355822}, {"id": "708398675", "price": 1.8548, "amount": 3697.0, "side": "buy", "timestamp": 1766029355828}, {"id": "708398676", "price": 1.8549, "amount": 12544.0, "side": "buy", "timestamp": 1766029355836}, {"id": "708398677", "price": 1.8549, "amount": 441.5, "side": "sell", "timestamp": 1766029355865}, {"id": "708398787", "price": 1.8547, "amount": 93.8, "side": "sell", "timestamp": 1766029393010}, {"id": "708398788", "price": 1.8547, "amount": 13.5, "side": "sell", "timestamp": 1766029393815}, {"id": "708398789", "price": 1.8547, "amount": 8903.1, "side": "sell", "timestamp": 1766029394011}, {"id": "708398790", "price": 1.8546, "amount": 56.3, "side": "sell", "timestamp": 1766029394080}, {"id": "708398791", "price": 1.8546, "amount": 9.2, "side": "sell", "timestamp": 1766029394188}, {"id": "708398792", "price": 1.8547, "amount": 46.6, "side": "buy", "timestamp": 1766029394210}, {"id": "708398793", "price": 1.8548, "amount": 9.9, "side": "buy", "timestamp": 1766029394272}, {"id": "708398794", "price": 1.8548, "amount": 0.7, "side": "buy", "timestamp": 1766029394510}, {"id": "708398795", "price": 1.8547, "amount": 93.8, "side": "sell", "timestamp": 1766029395015}, {"id": "708398796", "price": 1.8547, "amount": 7.6, "side": "sell", "timestamp": 1766029395207}, {"id": "708398797", "price": 1.8547, "amount": 116.1, "side": "sell", "timestamp": 1766029396015}, {"id": "708398798", "price": 1.8548, "amount": 53.9, "side": "buy", "timestamp": 1766029396252}, {"id": "708398799", "price": 1.8547, "amount": 947.1, "side": "sell", "timestamp": 1766029396789}, {"id": "708398800", "price": 1.8547, "amount": 93.8, "side": "sell", "timestamp": 1766029397012}, {"id": "708398801", "price": 1.8548, "amount": 4.8, "side": "buy", "timestamp": 1766029397307}, {"id": "708398802", "price": 1.8548, "amount": 7.8, "side": "buy", "timestamp": 1766029397892}, {"id": "708398803", "price": 1.8547, "amount": 123.7, "side": "sell", "timestamp": 1766029398016}, {"id": "708398804", "price": 1.8548, "amount": 19.8, "side": "buy", "timestamp": 1766029398611}, {"id": "708398805", "price": 1.8547, "amount": 93.8, "side": "sell", "timestamp": 1766029399016}, {"id": "708398806", "price": 1.8548, "amount": 235.7, "side": "buy", "timestamp": 1766029399605}, {"id": "708398807", "price": 1.8547, "amount": 116.1, "side": "sell", "timestamp": 1766029400016}, {"id": "708398808", "price": 1.8548, "amount": 2524.4, "side": "buy", "timestamp": 1766029400136}, {"id": "708398809", "price": 1.8549, "amount": 11.1, "side": "buy", "timestamp": 1766029400322}, {"id": "708398810", "price": 1.8549, "amount": 4.1, "side": "buy", "timestamp": 1766029400619}, {"id": "708398811", "price": 1.8548, "amount": 537.5, "side": "sell", "timestamp": 1766029400659}, {"id": "708398812", "price": 1.8548, "amount": 93.8, "side": "sell", "timestamp": 1766029401018}, {"id": "708398813", "price": 1.8549, "amount": 7720.7, "side": "buy", "timestamp": 1766029401119}, {"id": "708398814", "price": 1.8549, "amount": 7.6, "side": "sell", "timestamp": 1766029401155}, {"id": "708398815", "price": 1.8549, "amount": 93.8, "side": "sell", "timestamp": 1766029402015}, {"id": "708398816", "price": 1.855, "amount": 5336.7, "side": "buy", "timestamp": 1766029402018}, {"id": "708398817", "price": 1.8551, "amount": 100.6, "side": "buy", "timestamp": 1766029402028}, {"id": "708398818", "price": 1.8551, "amount": 22.3, "side": "sell", "timestamp": 1766029402072}, {"id": "708398819", "price": 1.8551, "amount": 101.5, "side": "sell", "timestamp": 1766029403012}, {"id": "708398820", "price": 1.8552, "amount": 10102.0, "side": "buy", "timestamp": 1766029403360}, {"id": "708398821", "price": 1.8553, "amount": 6823.6, "side": "buy", "timestamp": 1766029403360}, {"id": "708398822", "price": 1.8552, "amount": 116.1, "side": "sell", "timestamp": 1766029404016}, {"id": "708398823", "price": 1.8553, "amount": 51.9, "side": "buy", "timestamp": 1766029404116}, {"id": "708398824", "price": 1.8552, "amount": 7.6, "side": "sell", "timestamp": 1766029404197}, {"id": "708398825", "price": 1.8553, "amount": 129.5, "side": "buy", "timestamp": 1766029404624}, {"id": "708398826", "price": 1.8552, "amount": 93.8, "side": "sell", "timestamp": 1766029405015}, {"id": "708398827", "price": 1.8553, "amount": 0.5, "side": "buy", "timestamp": 1766029405768}, {"id": "708398828", "price": 1.8552, "amount": 116.1, "side": "sell", "timestamp": 1766029406012}, {"id": "708398829", "price": 1.8553, "amount": 11.2, "side": "buy", "timestamp": 1766029406082}, {"id": "708398830", "price": 1.8552, "amount": 101.4, "side": "sell", "timestamp": 1766029407016}, {"id": "708398831", "price": 1.8552, "amount": 1154.3, "side": "sell", "timestamp": 1766029407708}, {"id": "708398832", "price": 1.8551, "amount": 353.4, "side": "sell", "timestamp": 1766029407812}, {"id": "708398833", "price": 1.855, "amount": 22.7, "side": "sell", "timestamp": 1766029407838}, {"id": "708398834", "price": 1.8549, "amount": 289.5, "side": "sell", "timestamp": 1766029407871}, {"id": "708398835", "price": 1.8548, "amount": 116.1, "side": "sell", "timestamp": 1766029408016}, {"id": "708398836", "price": 1.8549, "amount": 8.2, "side": "buy", "timestamp": 1766029408224}, {"id": "708398943", "price": 1.8534, "amount": 116.1, "side": "sell", "timestamp": 1766029442020}, {"id": "708398944", "price": 1.8535, "amount": 4.4, "side": "buy", "timestamp": 1766029442212}, {"id": "708398945", "price": 1.8534, "amount": 147.7, "side": "sell", "timestamp": 1766029442669}, {"id": "708398946", "price": 1.8535, "amount": 61.5, "side": "buy", "timestamp": 1766029442881}, {"id": "708398947", "price": 1.8534, "amount": 93.8, "side": "sell", "timestamp": 1766029443018}, {"id": "708398948", "price": 1.8534, "amount": 12987.4, "side": "sell", "timestamp": 1766029443127}, {"id": "708398949", "price": 1.8533, "amount": 2396.6, "side": "sell", "timestamp": 1766029443128}, {"id": "708398950", "price": 1.8532, "amount": 6.7, "side": "sell", "timestamp": 1766029443355}, {"id": "708398951", "price": 1.8533, "amount": 7.7, "side": "buy", "timestamp": 1766029443962}, {"id": "708398952", "price": 1.8532, "amount": 926.4, "side": "sell", "timestamp": 1766029443964}, {"id": "708398953", "price": 1.8531, "amount": 116.1, "side": "sell", "timestamp": 1766029444021}, {"id": "708398954", "price": 1.8531, "amount": 531.3, "side": "sell", "timestamp": 1766029444969}, {"id": "708398955", "price": 1.8532, "amount": 0.7, "side": "buy", "timestamp": 1766029445016}, {"id": "708398956", "price": 1.8531, "amount": 93.8, "side": "sell", "timestamp": 1766029445019}, {"id": "708398957", "price": 1.8532, "amount": 22624.8, "side": "buy", "timestamp": 1766029445329}, {"id": "708398958", "price": 1.8533, "amount": 4592.3, "side": "buy", "timestamp": 1766029445334}, {"id": "708398959", "price": 1.8534, "amount": 4684.4, "side": "buy", "timestamp": 1766029445339}, {"id": "708398960", "price": 1.8535, "amount": 3.2, "side": "buy", "timestamp": 1766029445419}, {"id": "708398961", "price": 1.8534, "amount": 116.1, "side": "sell", "timestamp": 1766029446018}, {"id": "708398962", "price": 1.8534, "amount": 23314.2, "side": "sell", "timestamp": 1766029446182}, {"id": "708398963", "price": 1.8533, "amount": 208.8, "side": "sell", "timestamp": 1766029446916}, {"id": "708398964", "price": 1.8533, "amount": 93.8, "side": "sell", "timestamp": 1766029447023}, {"id": "708398965", "price": 1.8533, "amount": 116.1, "side": "sell", "timestamp": 1766029448023}, {"id": "708398966", "price": 1.8533, "amount": 93.8, "side": "sell", "timestamp": 1766029449019}, {"id": "708398967", "price": 1.8534, "amount": 1333.8, "side": "buy", "timestamp": 1766029449120}, {"id": "708398968", "price": 1.8533, "amount": 116.1, "side": "sell", "timestamp": 1766029450025}, {"id": "708398969", "price": 1.8534, "amount": 4.6, "side": "buy", "timestamp": 1766029450162}, {"id": "708398970", "price": 1.8534, "amount": 10.8, "side": "buy", "timestamp": 1766029450425}, {"id": "708398971", "price": 1.8533, "amount": 93.8, "side": "sell", "timestamp": 1766029451019}, {"id": "708398972", "price": 1.8534, "amount": 1294.4, "side": "buy", "timestamp": 1766029451037}, {"id": "708398973", "price": 1.8533, "amount": 217.1, "side": "sell", "timestamp": 1766029451285}, {"id": "708398974", "price": 1.8532, "amount": 1765.1, "side": "sell", "timestamp": 1766029451743}, {"id": "708398975", "price": 1.8532, "amount": 0.8, "side": "buy", "timestamp": 1766029451978}, {"id": "708398976", "price": 1.8531, "amount": 116.1, "side": "sell", "timestamp": 1766029452022}, {"id": "708398977", "price": 1.8531, "amount": 93.8, "side": "sell", "timestamp": 1766029453020}, {"id": "708398978", "price": 1.8531, "amount": 5.1, "side": "sell", "timestamp": 1766029453523}, {"id": "708398979", "price": 1.8531, "amount": 116.1, "side": "sell", "timestamp": 1766029454018}, {"id": "708398980", "price": 1.8532, "amount": 1653.0, "side": "buy", "timestamp": 1766029455017}, {"id": "708398981", "price": 1.8533, "amount": 90.9, "side": "buy", "timestamp": 1766029455025}, {"id": "708398982", "price": 1.8533, "amount": 93.8, "side": "sell", "timestamp": 1766029455026}, {"id": "708398983", "price": 1.8534, "amount": 7.7, "side": "buy", "timestamp": 1766029456022}, {"id": "708398984", "price": 1.8533, "amount": 116.1, "side": "sell", "timestamp": 1766029456023}, {"id": "708398985", "price": 1.8533, "amount": 93.8, "side": "sell", "timestamp": 1766029457023}, {"id": "708398986", "price": 1.8534, "amount": 2990.5, "side": "buy", "timestamp": 1766029457586}, {"id": "708398987", "price": 1.8535, "amount": 4.5, "side": "buy", "timestamp": 1766029457764}, {"id": "708398988", "price": 1.8534, "amount": 116.1, "side": "sell", "timestamp": 1766029458023}, {"id": "708398989", "price": 1.8535, "amount": 137.2, "side": "buy", "timestamp": 1766029458329}, {"id": "708398990", "price": 1.8534, "amount": 26.9, "side": "sell", "timestamp": 1766029458697}, {"id": "708398991", "price": 1.8534, "amount": 93.8, "side": "sell", "timestamp": 1766029459020}, {"id": "708398992", "price": 1.8534, "amount": 116.1, "side": "sell", "timestamp": 1766029460024}, {"id": "708399092", "price": 1.8537, "amount": 4.6, "side": "sell", "timestamp": 1766029494861}, {"id": "708399093", "price": 1.8537, "amount": 116.2, "side": "sell", "timestamp": 1766029495028}, {"id": "708399094", "price": 1.8538, "amount": 0.7, "side": "buy", "timestamp": 1766029495443}, {"id": "708399095", "price": 1.8537, "amount": 116.2, "side": "sell", "timestamp": 1766029496029}, {"id": "708399096", "price": 1.8538, "amount": 4.8, "side": "buy", "timestamp": 1766029496176}, {"id": "708399097", "price": 1.8537, "amount": 93.8, "side": "sell", "timestamp": 1766029497026}, {"id": "708399098", "price": 1.8538, "amount": 0.9, "side": "buy", "timestamp": 1766029497027}, {"id": "708399099", "price": 1.8537, "amount": 22.4, "side": "sell", "timestamp": 1766029497075}, {"id": "708399100", "price": 1.8538, "amount": 73.0, "side": "buy", "timestamp": 1766029497358}, {"id": "708399101", "price": 1.8538, "amount": 9.3, "side": "buy", "timestamp": 1766029497863}, {"id": "708399102", "price": 1.8537, "amount": 116.2, "side": "sell", "timestamp": 1766029498029}, {"id": "708399103", "price": 1.8537, "amount": 116.2, "side": "sell", "timestamp": 1766029499030}, {"id": "708399104", "price": 1.8538, "amount": 6.5, "side": "buy", "timestamp": 1766029499666}, {"id": "708399105", "price": 1.8537, "amount": 116.2, "side": "sell", "timestamp": 1766029500030}, {"id": "708399106", "price": 1.8538, "amount": 12.2, "side": "buy", "timestamp": 1766029500485}, {"id": "708399107", "price": 1.8537, "amount": 116.2, "side": "sell", "timestamp": 1766029501059}, {"id": "708399108", "price": 1.8537, "amount": 137.8, "side": "sell", "timestamp": 1766029501441}, {"id": "708399109", "price": 1.8537, "amount": 1917.0, "side": "sell", "timestamp": 1766029501764}, {"id": "708399110", "price": 1.8536, "amount": 121.3, "side": "sell", "timestamp": 1766029501764}, {"id": "708399111", "price": 1.8536, "amount": 3.4, "side": "buy", "timestamp": 1766029501860}, {"id": "708399112", "price": 1.8536, "amount": 59.9, "side": "buy", "timestamp": 1766029502016}, {"id": "708399113", "price": 1.8537, "amount": 68.5, "side": "buy", "timestamp": 1766029502026}, {"id": "708399114", "price": 1.8537, "amount": 116.2, "side": "sell", "timestamp": 1766029502030}, {"id": "708399115", "price": 1.8538, "amount": 42.3, "side": "buy", "timestamp": 1766029502520}, {"id": "708399116", "price": 1.8537, "amount": 116.2, "side": "sell", "timestamp": 1766029503027}, {"id": "708399117", "price": 1.8538, "amount": 4.2, "side": "buy", "timestamp": 1766029503334}, {"id": "708399118", "price": 1.8537, "amount": 29.7, "side": "sell", "timestamp": 1766029503510}, {"id": "708399119", "price": 1.8537, "amount": 116.2, "side": "sell", "timestamp": 1766029504030}, {"id": "708399120", "price": 1.8538, "amount": 1.1, "side": "buy", "timestamp": 1766029504314}, {"id": "708399121", "price": 1.8538, "amount": 4.1, "side": "buy", "timestamp": 1766029504487}, {"id": "708399122", "price": 1.8537, "amount": 915.3, "side": "sell", "timestamp": 1766029504682}, {"id": "708399123", "price": 1.8537, "amount": 2719.7, "side": "sell", "timestamp": 1766029504802}, {"id": "708399124", "price": 1.8537, "amount": 2057.3, "side": "buy", "timestamp": 1766029504883}, {"id": "708399125", "price": 1.8536, "amount": 127.4, "side": "sell", "timestamp": 1766029505031}, {"id": "708399126", "price": 1.8536, "amount": 284.4, "side": "sell", "timestamp": 1766029505697}, {"id": "708399127", "price": 1.8536, "amount": 0.1, "side": "buy", "timestamp": 1766029506013}, {"id": "708399128", "price": 1.8535, "amount": 116.2, "side": "sell", "timestamp": 1766029506030}, {"id": "708399129", "price": 1.8535, "amount": 116.2, "side": "sell", "timestamp": 1766029507027}, {"id": "708399130", "price": 1.8535, "amount": 437.9, "side": "sell", "timestamp": 1766029507295}, {"id": "708399131", "price": 1.8536, "amount": 0.4, "side": "buy", "timestamp": 1766029507719}, {"id": "708399132", "price": 1.8535, "amount": 116.2, "side": "sell", "timestamp": 1766029508026}, {"id": "708399133", "price": 1.8536, "amount": 328.6, "side": "buy", "timestamp": 1766029508324}, {"id": "708399134", "price": 1.8535, "amount": 116.2, "side": "sell", "timestamp": 1766029509030}, {"id": "708399135", "price": 1.8536, "amount": 0.5, "side": "buy", "timestamp": 1766029509227}, {"id": "708399136", "price": 1.8535, "amount": 165.2, "side": "sell", "timestamp": 1766029509770}, {"id": "708399137", "price": 1.8535, "amount": 32.1, "side": "sell", "timestamp": 1766029509911}, {"id": "708399138", "price": 1.8535, "amount": 136.8, "side": "sell", "timestamp": 1766029510031}, {"id": "708399139", "price": 1.8535, "amount": 116.2, "side": "sell", "timestamp": 1766029511027}, {"id": "708399140", "price": 1.8536, "amount": 4.7, "side": "buy", "timestamp": 1766029511406}, {"id": "708399141", "price": 1.8535, "amount": 116.2, "side": "sell", "timestamp": 1766029512029}, {"id": "708399248", "price": 1.8538, "amount": 116.2, "side": "sell", "timestamp": 1766029550035}, {"id": "708399249", "price": 1.8538, "amount": 568.3, "side": "sell", "timestamp": 1766029550953}, {"id": "708399250", "price": 1.8538, "amount": 22.4, "side": "sell", "timestamp": 1766029551081}, {"id": "708399251", "price": 1.8538, "amount": 562.5, "side": "sell", "timestamp": 1766029551888}, {"id": "708399252", "price": 1.8538, "amount": 116.2, "side": "sell", "timestamp": 1766029552035}, {"id": "708399253", "price": 1.8538, "amount": 56.5, "side": "sell", "timestamp": 1766029552197}, {"id": "708399254", "price": 1.8539, "amount": 3.7, "side": "buy", "timestamp": 1766029552375}, {"id": "708399255", "price": 1.8538, "amount": 116.2, "side": "sell", "timestamp": 1766029553032}, {"id": "708399256", "price": 1.8539, "amount": 2718.5, "side": "buy", "timestamp": 1766029553322}, {"id": "708399257", "price": 1.8538, "amount": 116.2, "side": "sell", "timestamp": 1766029554032}, {"id": "708399258", "price": 1.8539, "amount": 1000.0, "side": "buy", "timestamp": 1766029554832}, {"id": "708399259", "price": 1.8538, "amount": 116.2, "side": "sell", "timestamp": 1766029555035}, {"id": "708399260", "price": 1.8539, "amount": 4.5, "side": "buy", "timestamp": 1766029555220}, {"id": "708399261", "price": 1.8539, "amount": 2.8, "side": "buy", "timestamp": 1766029555800}, {"id": "708399262", "price": 1.8539, "amount": 4.4, "side": "buy", "timestamp": 1766029555971}, {"id": "708399263", "price": 1.8538, "amount": 116.2, "side": "sell", "timestamp": 1766029556033}, {"id": "708399264", "price": 1.8538, "amount": 4899.8, "side": "sell", "timestamp": 1766029556507}, {"id": "708399265", "price": 1.8537, "amount": 2061.4, "side": "sell", "timestamp": 1766029556535}, {"id": "708399266", "price": 1.8536, "amount": 11090.8, "side": "sell", "timestamp": 1766029557036}, {"id": "708399267", "price": 1.8535, "amount": 41.3, "side": "sell", "timestamp": 1766029557046}, {"id": "708399268", "price": 1.8534, "amount": 66.8, "side": "sell", "timestamp": 1766029557082}, {"id": "708399269", "price": 1.8533, "amount": 43.0, "side": "sell", "timestamp": 1766029557326}, {"id": "708399270", "price": 1.8534, "amount": 22.8, "side": "buy", "timestamp": 1766029557469}, {"id": "708399271", "price": 1.8534, "amount": 48.5, "side": "buy", "timestamp": 1766029557779}, {"id": "708399272", "price": 1.8533, "amount": 100.1, "side": "sell", "timestamp": 1766029557954}, {"id": "708399273", "price": 1.8534, "amount": 5.9, "side": "buy", "timestamp": 1766029558054}, {"id": "708399274", "price": 1.8533, "amount": 22.4, "side": "sell", "timestamp": 1766029558079}, {"id": "708399275", "price": 1.8534, "amount": 190.2, "side": "buy", "timestamp": 1766029558375}, {"id": "708399276", "price": 1.8533, "amount": 38.9, "side": "sell", "timestamp": 1766029558588}, {"id": "708399277", "price": 1.8533, "amount": 116.2, "side": "sell", "timestamp": 1766029559033}, {"id": "708399278", "price": 1.8534, "amount": 269.7, "side": "buy", "timestamp": 1766029559392}, {"id": "708399279", "price": 1.8534, "amount": 1.0, "side": "buy", "timestamp": 1766029559593}, {"id": "708399280", "price": 1.8533, "amount": 486.9, "side": "sell", "timestamp": 1766029559988}, {"id": "708399281", "price": 1.8533, "amount": 648.1, "side": "sell", "timestamp": 1766029560231}, {"id": "708399282", "price": 1.8532, "amount": 4938.7, "side": "sell", "timestamp": 1766029560249}, {"id": "708399283", "price": 1.8531, "amount": 116.2, "side": "sell", "timestamp": 1766029561037}, {"id": "708399284", "price": 1.8531, "amount": 23.4, "side": "sell", "timestamp": 1766029561294}, {"id": "708399285", "price": 1.8532, "amount": 12.2, "side": "buy", "timestamp": 1766029561380}, {"id": "708399286", "price": 1.8531, "amount": 116.2, "side": "sell", "timestamp": 1766029562035}, {"id": "708399287", "price": 1.8531, "amount": 116.2, "side": "sell", "timestamp": 1766029563038}, {"id": "708399288", "price": 1.8532, "amount": 5.3, "side": "buy", "timestamp": 1766029563227}, {"id": "708399289", "price": 1.8531, "amount": 11.6, "side": "sell", "timestamp": 1766029563551}, {"id": "708399290", "price": 1.8532, "amount": 4.5, "side": "buy", "timestamp": 1766029563583}, {"id": "708399291", "price": 1.8531, "amount": 3554.9, "side": "sell", "timestamp": 1766029563701}, {"id": "708399292", "price": 1.853, "amount": 53318.5, "side": "sell", "timestamp": 1766029563711}, {"id": "708399293", "price": 1.8531, "amount": 760.0, "side": "buy", "timestamp": 1766029563921}, {"id": "708399294", "price": 1.853, "amount": 116.2, "side": "sell", "timestamp": 1766029564035}, {"id": "708399295", "price": 1.8531, "amount": 760.0, "side": "buy", "timestamp": 1766029564149}, {"id": "708399296", "price": 1.853, "amount": 3.4, "side": "sell", "timestamp": 1766029564245}, {"id": "708399297", "price": 1.8531, "amount": 106.4, "side": "buy", "timestamp": 1766029564386}, {"id": "708399420", "price": 1.8541, "amount": 2.8, "side": "sell", "timestamp": 1766029600678}, {"id": "708399421", "price": 1.8542, "amount": 1.9, "side": "buy", "timestamp": 1766029600863}, {"id": "708399422", "price": 1.8541, "amount": 116.2, "side": "sell", "timestamp": 1766029601043}, {"id": "708399423", "price": 1.8542, "amount": 415.0, "side": "buy", "timestamp": 1766029601171}, {"id": "708399424", "price": 1.8542, "amount": 4.4, "side": "buy", "timestamp": 1766029601702}, {"id": "708399425", "price": 1.8541, "amount": 116.2, "side": "sell", "timestamp": 1766029602044}, {"id": "708399426", "price": 1.8541, "amount": 123.8, "side": "sell", "timestamp": 1766029603039}, {"id": "708399427", "price": 1.8541, "amount": 286.9, "side": "sell", "timestamp": 1766029603475}, {"id": "708399428", "price": 1.854, "amount": 116.2, "side": "sell", "timestamp": 1766029604043}, {"id": "708399429", "price": 1.854, "amount": 151.5, "side": "sell", "timestamp": 1766029604165}, {"id": "708399430", "price": 1.854, "amount": 109.0, "side": "sell", "timestamp": 1766029604419}, {"id": "708399431", "price": 1.8539, "amount": 9036.1, "side": "sell", "timestamp": 1766029604473}, {"id": "708399432", "price": 1.8538, "amount": 80.2, "side": "sell", "timestamp": 1766029604577}, {"id": "708399433", "price": 1.8537, "amount": 3.2, "side": "sell", "timestamp": 1766029604707}, {"id": "708399434", "price": 1.8538, "amount": 108.1, "side": "buy", "timestamp": 1766029605019}, {"id": "708399435", "price": 1.8539, "amount": 2131.4, "side": "buy", "timestamp": 1766029605021}, {"id": "708399436", "price": 1.8539, "amount": 116.2, "side": "sell", "timestamp": 1766029605042}, {"id": "708399437", "price": 1.854, "amount": 12.2, "side": "buy", "timestamp": 1766029605460}, {"id": "708399438", "price": 1.8539, "amount": 123.8, "side": "sell", "timestamp": 1766029606043}, {"id": "708399439", "price": 1.8539, "amount": 116.2, "side": "sell", "timestamp": 1766029607040}, {"id": "708399440", "price": 1.854, "amount": 6.0, "side": "buy", "timestamp": 1766029607660}, {"id": "708399441", "price": 1.8539, "amount": 15.6, "side": "sell", "timestamp": 1766029607865}, {"id": "708399442", "price": 1.854, "amount": 1.0, "side": "buy", "timestamp": 1766029607887}, {"id": "708399443", "price": 1.8539, "amount": 116.2, "side": "sell", "timestamp": 1766029608044}, {"id": "708399444", "price": 1.854, "amount": 4.1, "side": "buy", "timestamp": 1766029608317}, {"id": "708399445", "price": 1.854, "amount": 138.0, "side": "buy", "timestamp": 1766029608458}, {"id": "708399446", "price": 1.8539, "amount": 151.2, "side": "sell", "timestamp": 1766029608994}, {"id": "708399447", "price": 1.8539, "amount": 7.6, "side": "sell", "timestamp": 1766029609102}, {"id": "708399448", "price": 1.854, "amount": 4.5, "side": "buy", "timestamp": 1766029609324}, {"id": "708399449", "price": 1.854, "amount": 857.9, "side": "buy", "timestamp": 1766029609505}, {"id": "708399450", "price": 1.8539, "amount": 116.2, "side": "sell", "timestamp": 1766029610040}, {"id": "708399451", "price": 1.854, "amount": 506.9, "side": "buy", "timestamp": 1766029610608}, {"id": "708399452", "price": 1.8539, "amount": 116.2, "side": "sell", "timestamp": 1766029611040}, {"id": "708399453", "price": 1.854, "amount": 1609.2, "side": "buy", "timestamp": 1766029611163}, {"id": "708399454", "price": 1.8541, "amount": 6192.9, "side": "buy", "timestamp": 1766029611221}, {"id": "708399455", "price": 1.8542, "amount": 1951.3, "side": "buy", "timestamp": 1766029611221}, {"id": "708399456", "price": 1.8541, "amount": 123.8, "side": "sell", "timestamp": 1766029612041}, {"id": "708399457", "price": 1.8542, "amount": 559.7, "side": "buy", "timestamp": 1766029612590}, {"id": "708399458", "price": 1.8543, "amount": 33.0, "side": "buy", "timestamp": 1766029612597}, {"id": "708399459", "price": 1.8543, "amount": 116.2, "side": "sell", "timestamp": 1766029613045}, {"id": "708399460", "price": 1.8543, "amount": 29.7, "side": "sell", "timestamp": 1766029613580}, {"id": "708399461", "price": 1.8543, "amount": 116.2, "side": "sell", "timestamp": 1766029614045}, {"id": "708399462", "price": 1.8544, "amount": 75.8, "side": "buy", "timestamp": 1766029614663}, {"id": "708399463", "price": 1.8543, "amount": 116.2, "side": "sell", "timestamp": 1766029615044}, {"id": "708399464", "price": 1.8543, "amount": 7.6, "side": "sell", "timestamp": 1766029615152}, {"id": "708399465", "price": 1.8543, "amount": 86.8, "side": "sell", "timestamp": 1766029615377}, {"id": "708399466", "price": 1.8544, "amount": 9.8, "side": "buy", "timestamp": 1766029615796}, {"id": "708399467", "price": 1.8543, "amount": 116.2, "side": "sell", "timestamp": 1766029616042}, {"id": "708399468", "price": 1.8544, "amount": 7.8, "side": "buy", "timestamp": 1766029616747}, {"id": "708399469", "price": 1.8543, "amount": 116.2, "side": "sell", "timestamp": 1766029617046}, {"id": "708399585", "price": 1.8539, "amount": 7052.7, "side": "buy", "timestamp": 1766029653844}, {"id": "708399586", "price": 1.8538, "amount": 116.2, "side": "sell", "timestamp": 1766029654047}, {"id": "708399587", "price": 1.8539, "amount": 4.6, "side": "buy", "timestamp": 1766029654663}, {"id": "708399588", "price": 1.8538, "amount": 67.8, "side": "sell", "timestamp": 1766029654958}, {"id": "708399589", "price": 1.8537, "amount": 100.4, "side": "sell", "timestamp": 1766029655017}, {"id": "708399590", "price": 1.8536, "amount": 116.2, "side": "sell", "timestamp": 1766029655047}, {"id": "708399591", "price": 1.8536, "amount": 52.2, "side": "sell", "timestamp": 1766029655327}, {"id": "708399592", "price": 1.8536, "amount": 11438.7, "side": "buy", "timestamp": 1766029655594}, {"id": "708399593", "price": 1.8535, "amount": 14.3, "side": "sell", "timestamp": 1766029655677}, {"id": "708399594", "price": 1.8535, "amount": 116.2, "side": "sell", "timestamp": 1766029656047}, {"id": "708399595", "price": 1.8536, "amount": 230.3, "side": "buy", "timestamp": 1766029656242}, {"id": "708399596", "price": 1.8536, "amount": 40.7, "side": "buy", "timestamp": 1766029656454}, {"id": "708399597", "price": 1.8535, "amount": 3.0, "side": "sell", "timestamp": 1766029656846}, {"id": "708399598", "price": 1.8536, "amount": 410.0, "side": "buy", "timestamp": 1766029656942}, {"id": "708399599", "price": 1.8535, "amount": 116.2, "side": "sell", "timestamp": 1766029657050}, {"id": "708399600", "price": 1.8536, "amount": 900.0, "side": "buy", "timestamp": 1766029657172}, {"id": "708399601", "price": 1.8536, "amount": 36.1, "side": "buy", "timestamp": 1766029658003}, {"id": "708399602", "price": 1.8535, "amount": 116.2, "side": "sell", "timestamp": 1766029658051}, {"id": "708399603", "price": 1.8536, "amount": 67.1, "side": "buy", "timestamp": 1766029658622}, {"id": "708399604", "price": 1.8535, "amount": 116.2, "side": "sell", "timestamp": 1766029659046}, {"id": "708399605", "price": 1.8536, "amount": 7.2, "side": "buy", "timestamp": 1766029659252}, {"id": "708399606", "price": 1.8536, "amount": 28.1, "side": "buy", "timestamp": 1766029659822}, {"id": "708399607", "price": 1.8535, "amount": 116.2, "side": "sell", "timestamp": 1766029660050}, {"id": "708399608", "price": 1.8535, "amount": 116.2, "side": "sell", "timestamp": 1766029661047}, {"id": "708399609", "price": 1.8535, "amount": 6.0, "side": "sell", "timestamp": 1766029661689}, {"id": "708399610", "price": 1.8535, "amount": 116.2, "side": "sell", "timestamp": 1766029662048}, {"id": "708399611", "price": 1.8536, "amount": 4.3, "side": "buy", "timestamp": 1766029662124}, {"id": "708399612", "price": 1.8535, "amount": 169.9, "side": "sell", "timestamp": 1766029662586}, {"id": "708399613", "price": 1.8536, "amount": 19.8, "side": "buy", "timestamp": 1766029662592}, {"id": "708399614", "price": 1.8535, "amount": 116.2, "side": "sell", "timestamp": 1766029663048}, {"id": "708399615", "price": 1.8536, "amount": 4.1, "side": "buy", "timestamp": 1766029663127}, {"id": "708399616", "price": 1.8536, "amount": 281.1, "side": "buy", "timestamp": 1766029663388}, {"id": "708399617", "price": 1.8536, "amount": 22.9, "side": "buy", "timestamp": 1766029663532}, {"id": "708399618", "price": 1.8535, "amount": 116.2, "side": "sell", "timestamp": 1766029664052}, {"id": "708399619", "price": 1.8535, "amount": 5.6, "side": "sell", "timestamp": 1766029664346}, {"id": "708399620", "price": 1.8536, "amount": 1158.0, "side": "buy", "timestamp": 1766029664552}, {"id": "708399621", "price": 1.8535, "amount": 116.2, "side": "sell", "timestamp": 1766029665051}, {"id": "708399622", "price": 1.8536, "amount": 10.7, "side": "buy", "timestamp": 1766029665862}, {"id": "708399623", "price": 1.8535, "amount": 116.2, "side": "sell", "timestamp": 1766029666048}, {"id": "708399624", "price": 1.8536, "amount": 12.2, "side": "buy", "timestamp": 1766029666366}, {"id": "708399625", "price": 1.8535, "amount": 116.2, "side": "sell", "timestamp": 1766029667052}, {"id": "708399626", "price": 1.8536, "amount": 215.5, "side": "buy", "timestamp": 1766029667193}, {"id": "708399627", "price": 1.8536, "amount": 45.3, "side": "buy", "timestamp": 1766029667492}, {"id": "708399628", "price": 1.8536, "amount": 36.5, "side": "buy", "timestamp": 1766029667822}, {"id": "708399629", "price": 1.8536, "amount": 1987.8, "side": "buy", "timestamp": 1766029667951}, {"id": "708399630", "price": 1.8537, "amount": 2670.7, "side": "buy", "timestamp": 1766029667951}, {"id": "708399631", "price": 1.8536, "amount": 116.2, "side": "sell", "timestamp": 1766029668047}, {"id": "708399632", "price": 1.8536, "amount": 28.0, "side": "sell", "timestamp": 1766029668401}, {"id": "708399633", "price": 1.8537, "amount": 1.0, "side": "buy", "timestamp": 1766029669019}, {"id": "708399634", "price": 1.8536, "amount": 116.2, "side": "sell", "timestamp": 1766029669048}, {"id": "708399735", "price": 1.8541, "amount": 116.2, "side": "sell", "timestamp": 1766029706058}, {"id": "708399736", "price": 1.8541, "amount": 16.6, "side": "sell", "timestamp": 1766029706608}, {"id": "708399737", "price": 1.8542, "amount": 7.7, "side": "buy", "timestamp": 1766029706699}, {"id": "708399738", "price": 1.8541, "amount": 5.9, "side": "sell", "timestamp": 1766029706907}, {"id": "708399739", "price": 1.8541, "amount": 123.8, "side": "sell", "timestamp": 1766029707030}, {"id": "708399740", "price": 1.8542, "amount": 4.3, "side": "buy", "timestamp": 1766029707652}, {"id": "708399741", "price": 1.8541, "amount": 116.2, "side": "sell", "timestamp": 1766029708058}, {"id": "708399742", "price": 1.8541, "amount": 314.0, "side": "sell", "timestamp": 1766029708613}, {"id": "708399743", "price": 1.8542, "amount": 8.5, "side": "buy", "timestamp": 1766029708898}, {"id": "708399744", "price": 1.8541, "amount": 116.2, "side": "sell", "timestamp": 1766029709057}, {"id": "708399745", "price": 1.8541, "amount": 35.1, "side": "sell", "timestamp": 1766029709728}, {"id": "708399746", "price": 1.8541, "amount": 20.9, "side": "sell", "timestamp": 1766029709836}, {"id": "708399747", "price": 1.8541, "amount": 281.3, "side": "sell", "timestamp": 1766029709988}, {"id": "708399748", "price": 1.8542, "amount": 4.1, "side": "buy", "timestamp": 1766029710158}, {"id": "708399749", "price": 1.8541, "amount": 71.7, "side": "sell", "timestamp": 1766029710360}, {"id": "708399750", "price": 1.8542, "amount": 1.3, "side": "buy", "timestamp": 1766029710428}, {"id": "708399751", "price": 1.8542, "amount": 26.9, "side": "buy", "timestamp": 1766029710935}, {"id": "708399752", "price": 1.8541, "amount": 116.2, "side": "sell", "timestamp": 1766029711058}, {"id": "708399753", "price": 1.8542, "amount": 16.4, "side": "buy", "timestamp": 1766029711158}, {"id": "708399754", "price": 1.8542, "amount": 8.7, "side": "buy", "timestamp": 1766029711380}, {"id": "708399755", "price": 1.8542, "amount": 3.9, "side": "buy", "timestamp": 1766029711888}, {"id": "708399756", "price": 1.8541, "amount": 116.2, "side": "sell", "timestamp": 1766029712056}, {"id": "708399757", "price": 1.8541, "amount": 123.8, "side": "sell", "timestamp": 1766029713059}, {"id": "708399758", "price": 1.8542, "amount": 32.9, "side": "buy", "timestamp": 1766029713112}, {"id": "708399759", "price": 1.8542, "amount": 4.4, "side": "buy", "timestamp": 1766029713626}, {"id": "708399760", "price": 1.8541, "amount": 154.1, "side": "sell", "timestamp": 1766029714059}, {"id": "708399761", "price": 1.8542, "amount": 2023.2, "side": "buy", "timestamp": 1766029714253}, {"id": "708399762", "price": 1.8543, "amount": 1548.0, "side": "buy", "timestamp": 1766029714254}, {"id": "708399763", "price": 1.8543, "amount": 116.2, "side": "sell", "timestamp": 1766029715074}, {"id": "708399764", "price": 1.8544, "amount": 1.0, "side": "buy", "timestamp": 1766029715224}, {"id": "708399765", "price": 1.8543, "amount": 6.3, "side": "sell", "timestamp": 1766029715685}, {"id": "708399766", "price": 1.8544, "amount": 5.6, "side": "buy", "timestamp": 1766029715877}, {"id": "708399767", "price": 1.8543, "amount": 116.2, "side": "sell", "timestamp": 1766029716055}, {"id": "708399768", "price": 1.8543, "amount": 246.5, "side": "sell", "timestamp": 1766029716157}, {"id": "708399769", "price": 1.8544, "amount": 4.3, "side": "buy", "timestamp": 1766029716525}, {"id": "708399770", "price": 1.8544, "amount": 3.1, "side": "buy", "timestamp": 1766029716800}, {"id": "708399771", "price": 1.8543, "amount": 116.2, "side": "sell", "timestamp": 1766029717055}, {"id": "708399772", "price": 1.8544, "amount": 5.4, "side": "buy", "timestamp": 1766029717340}, {"id": "708399773", "price": 1.8543, "amount": 116.2, "side": "sell", "timestamp": 1766029718055}, {"id": "708399774", "price": 1.8543, "amount": 116.2, "side": "sell", "timestamp": 1766029719056}, {"id": "708399775", "price": 1.8543, "amount": 7.6, "side": "sell", "timestamp": 1766029719175}, {"id": "708399776", "price": 1.8544, "amount": 1500.0, "side": "buy", "timestamp": 1766029719502}, {"id": "708399777", "price": 1.8544, "amount": 15.6, "side": "buy", "timestamp": 1766029719713}, {"id": "708399778", "price": 1.8544, "amount": 7.3, "side": "buy", "timestamp": 1766029719882}, {"id": "708399779", "price": 1.8543, "amount": 116.2, "side": "sell", "timestamp": 1766029720058}, {"id": "708399780", "price": 1.8543, "amount": 16.5, "side": "sell", "timestamp": 1766029720182}, {"id": "708399781", "price": 1.8544, "amount": 57.7, "side": "buy", "timestamp": 1766029720774}, {"id": "708399782", "price": 1.8543, "amount": 106.3, "side": "sell", "timestamp": 1766029720989}, {"id": "708399783", "price": 1.8543, "amount": 22.4, "side": "sell", "timestamp": 1766029721092}, {"id": "708399784", "price": 1.8544, "amount": 4.5, "side": "buy", "timestamp": 1766029721237}, {"id": "708399884", "price": 1.8541, "amount": 1.9, "side": "buy", "timestamp": 1766029756375}, {"id": "708399885", "price": 1.854, "amount": 116.2, "side": "sell", "timestamp": 1766029757064}, {"id": "708399886", "price": 1.8541, "amount": 4.1, "side": "buy", "timestamp": 1766029757192}, {"id": "708399887", "price": 1.8541, "amount": 9.8, "side": "buy", "timestamp": 1766029757746}, {"id": "708399888", "price": 1.854, "amount": 116.2, "side": "sell", "timestamp": 1766029758061}, {"id": "708399889", "price": 1.8541, "amount": 12.2, "side": "buy", "timestamp": 1766029758209}, {"id": "708399890", "price": 1.8541, "amount": 50.0, "side": "buy", "timestamp": 1766029759047}, {"id": "708399891", "price": 1.854, "amount": 116.2, "side": "sell", "timestamp": 1766029759061}, {"id": "708399892", "price": 1.8541, "amount": 2947.7, "side": "buy", "timestamp": 1766029759116}, {"id": "708399893", "price": 1.8541, "amount": 7.6, "side": "sell", "timestamp": 1766029759270}, {"id": "708399894", "price": 1.8542, "amount": 4.6, "side": "buy", "timestamp": 1766029759360}, {"id": "708399895", "price": 1.8541, "amount": 116.2, "side": "sell", "timestamp": 1766029760060}, {"id": "708399896", "price": 1.8541, "amount": 116.2, "side": "sell", "timestamp": 1766029761061}, {"id": "708399897", "price": 1.8542, "amount": 42.5, "side": "buy", "timestamp": 1766029761613}, {"id": "708399898", "price": 1.8541, "amount": 539.0, "side": "sell", "timestamp": 1766029762064}, {"id": "708399899", "price": 1.8541, "amount": 116.2, "side": "sell", "timestamp": 1766029763065}, {"id": "708399900", "price": 1.8542, "amount": 1.0, "side": "buy", "timestamp": 1766029763411}, {"id": "708399901", "price": 1.8541, "amount": 223.5, "side": "sell", "timestamp": 1766029764060}, {"id": "708399902", "price": 1.8542, "amount": 539.2, "side": "buy", "timestamp": 1766029764533}, {"id": "708399903", "price": 1.8542, "amount": 49.4, "side": "buy", "timestamp": 1766029764903}, {"id": "708399904", "price": 1.8541, "amount": 123.8, "side": "sell", "timestamp": 1766029765066}, {"id": "708399905", "price": 1.8542, "amount": 475.4, "side": "buy", "timestamp": 1766029765416}, {"id": "708399906", "price": 1.8542, "amount": 3426.2, "side": "buy", "timestamp": 1766029765911}, {"id": "708399907", "price": 1.8543, "amount": 48.6, "side": "buy", "timestamp": 1766029765913}, {"id": "708399908", "price": 1.8543, "amount": 116.2, "side": "sell", "timestamp": 1766029766066}, {"id": "708399909", "price": 1.8544, "amount": 4.3, "side": "buy", "timestamp": 1766029766668}, {"id": "708399910", "price": 1.8543, "amount": 116.2, "side": "sell", "timestamp": 1766029767065}, {"id": "708399911", "price": 1.8544, "amount": 1.0, "side": "buy", "timestamp": 1766029767393}, {"id": "708399912", "price": 1.8544, "amount": 3076.4, "side": "buy", "timestamp": 1766029767776}, {"id": "708399913", "price": 1.8545, "amount": 2438.2, "side": "buy", "timestamp": 1766029767777}, {"id": "708399914", "price": 1.8545, "amount": 20.1, "side": "buy", "timestamp": 1766029768062}, {"id": "708399915", "price": 1.8544, "amount": 123.8, "side": "sell", "timestamp": 1766029768065}, {"id": "708399916", "price": 1.8545, "amount": 11.0, "side": "buy", "timestamp": 1766029768186}, {"id": "708399917", "price": 1.8545, "amount": 1.0, "side": "buy", "timestamp": 1766029768545}, {"id": "708399918", "price": 1.8544, "amount": 116.2, "side": "sell", "timestamp": 1766029769065}, {"id": "708399919", "price": 1.8544, "amount": 161.2, "side": "sell", "timestamp": 1766029769689}, {"id": "708399920", "price": 1.8545, "amount": 3.4, "side": "buy", "timestamp": 1766029769714}, {"id": "708399921", "price": 1.8544, "amount": 116.2, "side": "sell", "timestamp": 1766029770067}, {"id": "708399922", "price": 1.8545, "amount": 20.0, "side": "buy", "timestamp": 1766029770786}, {"id": "708399923", "price": 1.8544, "amount": 116.2, "side": "sell", "timestamp": 1766029771063}, {"id": "708399924", "price": 1.8544, "amount": 7.6, "side": "sell", "timestamp": 1766029771178}, {"id": "708399925", "price": 1.8545, "amount": 1.3, "side": "buy", "timestamp": 1766029771551}, {"id": "708399926", "price": 1.8545, "amount": 26.9, "side": "buy", "timestamp": 1766029771739}, {"id": "708399927", "price": 1.8545, "amount": 780.2, "side": "buy", "timestamp": 1766029771896}, {"id": "708399928", "price": 1.8544, "amount": 116.2, "side": "sell", "timestamp": 1766029772066}, {"id": "708399929", "price": 1.8545, "amount": 222.7, "side": "buy", "timestamp": 1766029772207}, {"id": "708399930", "price": 1.8545, "amount": 17.5, "side": "buy", "timestamp": 1766029772769}, {"id": "708399931", "price": 1.8544, "amount": 116.2, "side": "sell", "timestamp": 1766029773067}, {"id": "708399932", "price": 1.8544, "amount": 469.5, "side": "sell", "timestamp": 1766029773850}, {"id": "708399933", "price": 1.8544, "amount": 116.2, "side": "sell", "timestamp": 1766029774067}, {"id": "708400041", "price": 1.8537, "amount": 780.6, "side": "buy", "timestamp": 1766029811005}, {"id": "708400042", "price": 1.8538, "amount": 25.6, "side": "buy", "timestamp": 1766029811030}, {"id": "708400043", "price": 1.8539, "amount": 251.8, "side": "buy", "timestamp": 1766029811054}, {"id": "708400044", "price": 1.8538, "amount": 93.8, "side": "sell", "timestamp": 1766029811084}, {"id": "708400045", "price": 1.8539, "amount": 58.8, "side": "buy", "timestamp": 1766029811085}, {"id": "708400046", "price": 1.8539, "amount": 22.4, "side": "sell", "timestamp": 1766029811111}, {"id": "708400047", "price": 1.854, "amount": 235.3, "side": "buy", "timestamp": 1766029811735}, {"id": "708400048", "price": 1.854, "amount": 97.8, "side": "buy", "timestamp": 1766029811882}, {"id": "708400049", "price": 1.8539, "amount": 116.2, "side": "sell", "timestamp": 1766029812072}, {"id": "708400050", "price": 1.854, "amount": 3.5, "side": "buy", "timestamp": 1766029812771}, {"id": "708400051", "price": 1.8539, "amount": 116.2, "side": "sell", "timestamp": 1766029813066}, {"id": "708400052", "price": 1.854, "amount": 5.3, "side": "buy", "timestamp": 1766029813486}, {"id": "708400053", "price": 1.8539, "amount": 116.2, "side": "sell", "timestamp": 1766029814067}, {"id": "708400054", "price": 1.854, "amount": 4.1, "side": "buy", "timestamp": 1766029814706}, {"id": "708400055", "price": 1.854, "amount": 0.8, "side": "buy", "timestamp": 1766029814884}, {"id": "708400056", "price": 1.8539, "amount": 147.2, "side": "sell", "timestamp": 1766029815019}, {"id": "708400057", "price": 1.854, "amount": 84.3, "side": "buy", "timestamp": 1766029815152}, {"id": "708400058", "price": 1.854, "amount": 0.5, "side": "buy", "timestamp": 1766029815721}, {"id": "708400059", "price": 1.8539, "amount": 116.2, "side": "sell", "timestamp": 1766029816071}, {"id": "708400060", "price": 1.8539, "amount": 2.8, "side": "sell", "timestamp": 1766029816353}, {"id": "708400061", "price": 1.854, "amount": 297.4, "side": "buy", "timestamp": 1766029816502}, {"id": "708400062", "price": 1.8539, "amount": 116.2, "side": "sell", "timestamp": 1766029817068}, {"id": "708400063", "price": 1.854, "amount": 1.8, "side": "buy", "timestamp": 1766029817203}, {"id": "708400064", "price": 1.854, "amount": 70.0, "side": "buy", "timestamp": 1766029817570}, {"id": "708400065", "price": 1.8539, "amount": 116.2, "side": "sell", "timestamp": 1766029818071}, {"id": "708400066", "price": 1.854, "amount": 11.9, "side": "buy", "timestamp": 1766029818109}, {"id": "708400067", "price": 1.8539, "amount": 3.0, "side": "sell", "timestamp": 1766029818140}, {"id": "708400068", "price": 1.854, "amount": 4.2, "side": "buy", "timestamp": 1766029818869}, {"id": "708400069", "price": 1.8539, "amount": 116.2, "side": "sell", "timestamp": 1766029819068}, {"id": "708400070", "price": 1.8539, "amount": 116.2, "side": "sell", "timestamp": 1766029820073}, {"id": "708400071", "price": 1.854, "amount": 2703.8, "side": "buy", "timestamp": 1766029820359}, {"id": "708400072", "price": 1.8541, "amount": 1463.4, "side": "buy", "timestamp": 1766029820361}, {"id": "708400073", "price": 1.8542, "amount": 7389.6, "side": "buy", "timestamp": 1766029820367}, {"id": "708400074", "price": 1.8543, "amount": 800.0, "side": "buy", "timestamp": 1766029820380}, {"id": "708400075", "price": 1.8543, "amount": 42.7, "side": "buy", "timestamp": 1766029820512}, {"id": "708400076", "price": 1.8544, "amount": 187.8, "side": "buy", "timestamp": 1766029820582}, {"id": "708400077", "price": 1.8544, "amount": 7.6, "side": "sell", "timestamp": 1766029820582}, {"id": "708400078", "price": 1.8544, "amount": 116.2, "side": "sell", "timestamp": 1766029821069}, {"id": "708400079", "price": 1.8544, "amount": 116.2, "side": "sell", "timestamp": 1766029822074}, {"id": "708400080", "price": 1.8544, "amount": 87.2, "side": "sell", "timestamp": 1766029822274}, {"id": "708400081", "price": 1.8545, "amount": 1505.5, "side": "buy", "timestamp": 1766029822839}, {"id": "708400082", "price": 1.8546, "amount": 768.1, "side": "buy", "timestamp": 1766029822846}, {"id": "708400083", "price": 1.8545, "amount": 123.8, "side": "sell", "timestamp": 1766029823045}, {"id": "708400084", "price": 1.8545, "amount": 6.3, "side": "sell", "timestamp": 1766029823665}, {"id": "708400085", "price": 1.8546, "amount": 245.3, "side": "buy", "timestamp": 1766029823851}, {"id": "708400086", "price": 1.8545, "amount": 116.2, "side": "sell", "timestamp": 1766029824074}, {"id": "708400087", "price": 1.8546, "amount": 1104.7, "side": "buy", "timestamp": 1766029825045}, {"id": "708400088", "price": 1.8546, "amount": 116.2, "side": "sell", "timestamp": 1766029825096}, {"id": "708400089", "price": 1.8546, "amount": 123.8, "side": "sell", "timestamp": 1766029826070}, {"id": "708400090", "price": 1.8547, "amount": 4.3, "side": "buy", "timestamp": 1766029826333}, {"id": "708400211", "price": 1.8555, "amount": 7.6, "side": "sell", "timestamp": 1766029862262}, {"id": "708400212", "price": 1.8556, "amount": 2.8, "side": "buy", "timestamp": 1766029863075}, {"id": "708400213", "price": 1.8555, "amount": 116.2, "side": "sell", "timestamp": 1766029863077}, {"id": "708400214", "price": 1.8555, "amount": 4363.6, "side": "sell", "timestamp": 1766029863233}, {"id": "708400215", "price": 1.8554, "amount": 200.0, "side": "sell", "timestamp": 1766029863248}, {"id": "708400216", "price": 1.8555, "amount": 11.9, "side": "buy", "timestamp": 1766029863421}, {"id": "708400217", "price": 1.8554, "amount": 293.2, "side": "sell", "timestamp": 1766029863771}, {"id": "708400218", "price": 1.8554, "amount": 116.2, "side": "sell", "timestamp": 1766029864079}, {"id": "708400219", "price": 1.8555, "amount": 4.4, "side": "buy", "timestamp": 1766029864462}, {"id": "708400220", "price": 1.8554, "amount": 123.8, "side": "sell", "timestamp": 1766029865078}, {"id": "708400221", "price": 1.8554, "amount": 24.1, "side": "sell", "timestamp": 1766029865757}, {"id": "708400222", "price": 1.8554, "amount": 116.2, "side": "sell", "timestamp": 1766029866075}, {"id": "708400223", "price": 1.8554, "amount": 14.6, "side": "sell", "timestamp": 1766029866744}, {"id": "708400224", "price": 1.8555, "amount": 474.0, "side": "buy", "timestamp": 1766029866790}, {"id": "708400225", "price": 1.8554, "amount": 116.2, "side": "sell", "timestamp": 1766029867078}, {"id": "708400226", "price": 1.8554, "amount": 258.0, "side": "sell", "timestamp": 1766029867419}, {"id": "708400227", "price": 1.8553, "amount": 42.3, "side": "sell", "timestamp": 1766029867963}, {"id": "708400228", "price": 1.8552, "amount": 123.8, "side": "sell", "timestamp": 1766029868076}, {"id": "708400229", "price": 1.8552, "amount": 225.7, "side": "sell", "timestamp": 1766029868382}, {"id": "708400230", "price": 1.8552, "amount": 133.8, "side": "sell", "timestamp": 1766029868791}, {"id": "708400231", "price": 1.8552, "amount": 116.2, "side": "sell", "timestamp": 1766029869076}, {"id": "708400232", "price": 1.8553, "amount": 320.9, "side": "buy", "timestamp": 1766029869118}, {"id": "708400233", "price": 1.8552, "amount": 24.2, "side": "sell", "timestamp": 1766029869710}, {"id": "708400234", "price": 1.8552, "amount": 24.3, "side": "sell", "timestamp": 1766029869919}, {"id": "708400235", "price": 1.8552, "amount": 236.0, "side": "sell", "timestamp": 1766029870023}, {"id": "708400236", "price": 1.8552, "amount": 2138.1, "side": "sell", "timestamp": 1766029870270}, {"id": "708400237", "price": 1.8551, "amount": 65.3, "side": "sell", "timestamp": 1766029870527}, {"id": "708400238", "price": 1.855, "amount": 1771.7, "side": "sell", "timestamp": 1766029870822}, {"id": "708400239", "price": 1.8549, "amount": 70.4, "side": "sell", "timestamp": 1766029870847}, {"id": "708400240", "price": 1.8549, "amount": 49.6, "side": "buy", "timestamp": 1766029870904}, {"id": "708400241", "price": 1.8548, "amount": 123.8, "side": "sell", "timestamp": 1766029871076}, {"id": "708400242", "price": 1.8549, "amount": 539.0, "side": "buy", "timestamp": 1766029871267}, {"id": "708400243", "price": 1.8548, "amount": 227.0, "side": "sell", "timestamp": 1766029871410}, {"id": "708400244", "price": 1.8547, "amount": 116.2, "side": "sell", "timestamp": 1766029872080}, {"id": "708400245", "price": 1.8548, "amount": 4.7, "side": "buy", "timestamp": 1766029872397}, {"id": "708400246", "price": 1.8548, "amount": 3301.0, "side": "buy", "timestamp": 1766029872954}, {"id": "708400247", "price": 1.8547, "amount": 116.2, "side": "sell", "timestamp": 1766029873077}, {"id": "708400248", "price": 1.8547, "amount": 550.9, "side": "sell", "timestamp": 1766029873316}, {"id": "708400249", "price": 1.8548, "amount": 3642.4, "side": "buy", "timestamp": 1766029873958}, {"id": "708400250", "price": 1.8548, "amount": 123.8, "side": "sell", "timestamp": 1766029874076}, {"id": "708400251", "price": 1.8548, "amount": 116.2, "side": "sell", "timestamp": 1766029875076}, {"id": "708400252", "price": 1.8549, "amount": 155.5, "side": "buy", "timestamp": 1766029875185}, {"id": "708400253", "price": 1.8548, "amount": 6.0, "side": "sell", "timestamp": 1766029875969}, {"id": "708400254", "price": 1.8548, "amount": 116.2, "side": "sell", "timestamp": 1766029876080}, {"id": "708400255", "price": 1.8548, "amount": 116.2, "side": "sell", "timestamp": 1766029877078}, {"id": "708400256", "price": 1.8549, "amount": 133.8, "side": "buy", "timestamp": 1766029877104}, {"id": "708400257", "price": 1.8548, "amount": 7.6, "side": "sell", "timestamp": 1766029877201}, {"id": "708400258", "price": 1.8548, "amount": 116.2, "side": "sell", "timestamp": 1766029878076}, {"id": "708400259", "price": 1.8549, "amount": 11.9, "side": "buy", "timestamp": 1766029878545}, {"id": "708400260", "price": 1.8548, "amount": 3.5, "side": "sell", "timestamp": 1766029878621}, {"id": "708400358", "price": 1.8556, "amount": 13441.5, "side": "buy", "timestamp": 1766029912945}, {"id": "708400359", "price": 1.8555, "amount": 123.8, "side": "sell", "timestamp": 1766029913026}, {"id": "708400360", "price": 1.8555, "amount": 6.2, "side": "sell", "timestamp": 1766029913184}, {"id": "708400361", "price": 1.8556, "amount": 333.6, "side": "buy", "timestamp": 1766029913502}, {"id": "708400362", "price": 1.8555, "amount": 116.2, "side": "sell", "timestamp": 1766029914085}, {"id": "708400363", "price": 1.8556, "amount": 43.0, "side": "buy", "timestamp": 1766029914283}, {"id": "708400364", "price": 1.8555, "amount": 42.1, "side": "sell", "timestamp": 1766029914864}, {"id": "708400365", "price": 1.8555, "amount": 119.4, "side": "sell", "timestamp": 1766029915059}, {"id": "708400366", "price": 1.8556, "amount": 161.6, "side": "buy", "timestamp": 1766029915270}, {"id": "708400367", "price": 1.8555, "amount": 123.8, "side": "sell", "timestamp": 1766029916085}, {"id": "708400368", "price": 1.8556, "amount": 12.6, "side": "buy", "timestamp": 1766029916275}, {"id": "708400369", "price": 1.8556, "amount": 12.4, "side": "buy", "timestamp": 1766029916677}, {"id": "708400370", "price": 1.8555, "amount": 3.3, "side": "sell", "timestamp": 1766029916896}, {"id": "708400371", "price": 1.8556, "amount": 17.1, "side": "buy", "timestamp": 1766029916905}, {"id": "708400372", "price": 1.8556, "amount": 4.6, "side": "buy", "timestamp": 1766029917012}, {"id": "708400373", "price": 1.8555, "amount": 116.2, "side": "sell", "timestamp": 1766029917082}, {"id": "708400374", "price": 1.8556, "amount": 1985.4, "side": "buy", "timestamp": 1766029917348}, {"id": "708400375", "price": 1.8556, "amount": 20.0, "side": "buy", "timestamp": 1766029917693}, {"id": "708400376", "price": 1.8556, "amount": 4.1, "side": "buy", "timestamp": 1766029918011}, {"id": "708400377", "price": 1.8555, "amount": 116.2, "side": "sell", "timestamp": 1766029918083}, {"id": "708400378", "price": 1.8555, "amount": 123.8, "side": "sell", "timestamp": 1766029919083}, {"id": "708400379", "price": 1.8555, "amount": 1224.3, "side": "sell", "timestamp": 1766029919242}, {"id": "708400380", "price": 1.8554, "amount": 116.2, "side": "sell", "timestamp": 1766029920087}, {"id": "708400381", "price": 1.8555, "amount": 10.0, "side": "buy", "timestamp": 1766029920488}, {"id": "708400382", "price": 1.8555, "amount": 306.3, "side": "buy", "timestamp": 1766029920835}, {"id": "708400383", "price": 1.8554, "amount": 107.6, "side": "sell", "timestamp": 1766029920957}, {"id": "708400384", "price": 1.8553, "amount": 116.2, "side": "sell", "timestamp": 1766029921086}, {"id": "708400385", "price": 1.8554, "amount": 9.0, "side": "buy", "timestamp": 1766029921350}, {"id": "708400386", "price": 1.8554, "amount": 17.8, "side": "buy", "timestamp": 1766029921996}, {"id": "708400387", "price": 1.8553, "amount": 123.8, "side": "sell", "timestamp": 1766029922082}, {"id": "708400388", "price": 1.8553, "amount": 119.7, "side": "sell", "timestamp": 1766029923083}, {"id": "708400389", "price": 1.8553, "amount": 317.2, "side": "sell", "timestamp": 1766029923782}, {"id": "708400390", "price": 1.8553, "amount": 3315.6, "side": "sell", "timestamp": 1766029923898}, {"id": "708400391", "price": 1.8553, "amount": 116.2, "side": "sell", "timestamp": 1766029924083}, {"id": "708400392", "price": 1.8554, "amount": 5.1, "side": "buy", "timestamp": 1766029924292}, {"id": "708400393", "price": 1.8554, "amount": 4.3, "side": "buy", "timestamp": 1766029924472}, {"id": "708400394", "price": 1.8553, "amount": 10.7, "side": "sell", "timestamp": 1766029924842}, {"id": "708400395", "price": 1.8554, "amount": 10.0, "side": "buy", "timestamp": 1766029925014}, {"id": "708400396", "price": 1.8553, "amount": 116.2, "side": "sell", "timestamp": 1766029925086}, {"id": "708400397", "price": 1.8553, "amount": 7.6, "side": "sell", "timestamp": 1766029925207}, {"id": "708400398", "price": 1.8554, "amount": 107.7, "side": "buy", "timestamp": 1766029925405}, {"id": "708400399", "price": 1.8553, "amount": 116.2, "side": "sell", "timestamp": 1766029926085}, {"id": "708400400", "price": 1.8553, "amount": 116.2, "side": "sell", "timestamp": 1766029927083}, {"id": "708400401", "price": 1.8553, "amount": 53.8, "side": "sell", "timestamp": 1766029927548}, {"id": "708400402", "price": 1.8553, "amount": 5.9, "side": "sell", "timestamp": 1766029927756}, {"id": "708400403", "price": 1.8554, "amount": 6.2, "side": "buy", "timestamp": 1766029927757}, {"id": "708400404", "price": 1.8553, "amount": 123.8, "side": "sell", "timestamp": 1766029928035}, {"id": "708400405", "price": 1.8554, "amount": 8277.8, "side": "buy", "timestamp": 1766029928929}, {"id": "708400406", "price": 1.8554, "amount": 116.2, "side": "sell", "timestamp": 1766029929083}, {"id": "708400407", "price": 1.8554, "amount": 116.2, "side": "sell", "timestamp": 1766029930084}, {"id": "708400501", "price": 1.855, "amount": 205.9, "side": "sell", "timestamp": 1766029964183}, {"id": "708400502", "price": 1.855, "amount": 13.3, "side": "sell", "timestamp": 1766029964875}, {"id": "708400503", "price": 1.855, "amount": 128.7, "side": "sell", "timestamp": 1766029965014}, {"id": "708400504", "price": 1.855, "amount": 22.2, "side": "sell", "timestamp": 1766029965454}, {"id": "708400505", "price": 1.855, "amount": 116.2, "side": "sell", "timestamp": 1766029966093}, {"id": "708400506", "price": 1.855, "amount": 14.6, "side": "sell", "timestamp": 1766029966305}, {"id": "708400507", "price": 1.8551, "amount": 11.9, "side": "buy", "timestamp": 1766029966577}, {"id": "708400508", "price": 1.855, "amount": 3.7, "side": "sell", "timestamp": 1766029966896}, {"id": "708400509", "price": 1.855, "amount": 123.8, "side": "sell", "timestamp": 1766029967076}, {"id": "708400510", "price": 1.855, "amount": 6.4, "side": "sell", "timestamp": 1766029967669}, {"id": "708400511", "price": 1.855, "amount": 116.2, "side": "sell", "timestamp": 1766029968092}, {"id": "708400512", "price": 1.855, "amount": 116.2, "side": "sell", "timestamp": 1766029969090}, {"id": "708400513", "price": 1.855, "amount": 3.5, "side": "sell", "timestamp": 1766029969367}, {"id": "708400514", "price": 1.855, "amount": 11.2, "side": "sell", "timestamp": 1766029969808}, {"id": "708400515", "price": 1.855, "amount": 13.9, "side": "sell", "timestamp": 1766029969979}, {"id": "708400516", "price": 1.855, "amount": 123.8, "side": "sell", "timestamp": 1766029970089}, {"id": "708400517", "price": 1.8551, "amount": 4.4, "side": "buy", "timestamp": 1766029970964}, {"id": "708400518", "price": 1.855, "amount": 116.2, "side": "sell", "timestamp": 1766029971093}, {"id": "708400519", "price": 1.855, "amount": 386.8, "side": "sell", "timestamp": 1766029972093}, {"id": "708400520", "price": 1.855, "amount": 4.3, "side": "sell", "timestamp": 1766029972317}, {"id": "708400521", "price": 1.855, "amount": 2.9, "side": "sell", "timestamp": 1766029972599}, {"id": "708400522", "price": 1.855, "amount": 123.8, "side": "sell", "timestamp": 1766029973094}, {"id": "708400523", "price": 1.8551, "amount": 17.4, "side": "buy", "timestamp": 1766029973895}, {"id": "708400524", "price": 1.855, "amount": 116.2, "side": "sell", "timestamp": 1766029974089}, {"id": "708400525", "price": 1.855, "amount": 116.2, "side": "sell", "timestamp": 1766029975093}, {"id": "708400526", "price": 1.8551, "amount": 9.1, "side": "buy", "timestamp": 1766029975445}, {"id": "708400527", "price": 1.8551, "amount": 13.4, "side": "buy", "timestamp": 1766029975677}, {"id": "708400528", "price": 1.8551, "amount": 15.0, "side": "buy", "timestamp": 1766029975947}, {"id": "708400529", "price": 1.855, "amount": 123.8, "side": "sell", "timestamp": 1766029976090}, {"id": "708400530", "price": 1.855, "amount": 116.2, "side": "sell", "timestamp": 1766029977090}, {"id": "708400531", "price": 1.8551, "amount": 1207.8, "side": "buy", "timestamp": 1766029977695}, {"id": "708400532", "price": 1.855, "amount": 157.5, "side": "sell", "timestamp": 1766029977928}, {"id": "708400533", "price": 1.855, "amount": 116.2, "side": "sell", "timestamp": 1766029978090}, {"id": "708400534", "price": 1.8551, "amount": 4.5, "side": "buy", "timestamp": 1766029978580}, {"id": "708400535", "price": 1.855, "amount": 116.2, "side": "sell", "timestamp": 1766029979092}, {"id": "708400536", "price": 1.855, "amount": 7.6, "side": "sell", "timestamp": 1766029979217}, {"id": "708400537", "price": 1.8551, "amount": 5.2, "side": "buy", "timestamp": 1766029979869}, {"id": "708400538", "price": 1.855, "amount": 1940.5, "side": "sell", "timestamp": 1766029980091}, {"id": "708400539", "price": 1.855, "amount": 5177.6, "side": "sell", "timestamp": 1766029980201}, {"id": "708400540", "price": 1.855, "amount": 36.4, "side": "buy", "timestamp": 1766029980376}, {"id": "708400541", "price": 1.8549, "amount": 268.3, "side": "sell", "timestamp": 1766029980558}, {"id": "708400542", "price": 1.8548, "amount": 116.2, "side": "sell", "timestamp": 1766029981094}, {"id": "708400543", "price": 1.8548, "amount": 20.8, "side": "sell", "timestamp": 1766029981260}, {"id": "708400544", "price": 1.8549, "amount": 637.9, "side": "buy", "timestamp": 1766029981565}, {"id": "708400545", "price": 1.8549, "amount": 133.9, "side": "buy", "timestamp": 1766029981823}, {"id": "708400546", "price": 1.8548, "amount": 123.8, "side": "sell", "timestamp": 1766029982046}, {"id": "708400547", "price": 1.8548, "amount": 12.7, "side": "sell", "timestamp": 1766029982365}, {"id": "708400548", "price": 1.8549, "amount": 200.5, "side": "buy", "timestamp": 1766029982897}, {"id": "708400549", "price": 1.8548, "amount": 116.2, "side": "sell", "timestamp": 1766029983090}, {"id": "708400550", "price": 1.8549, "amount": 18.8, "side": "buy", "timestamp": 1766029983209}]