[{"symbol": "BNBUSDT", "bids": [[847.23, 16.05], [847.22, 9.86], [847.21, 4.53], [847.2, 4.54], [847.19, 2.2], [847.17, 0.01], [847.16, 4.53], [847.15, 1.26], [847.14, 2.78], [847.13, 0.06], [847.12, 0.02], [847.11, 3.47], [847.1, 3.55], [847.09, 3.0], [847.08, 4.16], [847.07, 3.49], [847.06, 9.46], [847.05, 6.56], [847.04, 6.74], [847.03, 8.87]], "asks": [[847.24, 21.86], [847.25, 4.19], [847.26, 1.33], [847.27, 0.75], [847.28, 5.32], [847.29, 0.15], [847.3, 1.54], [847.31, 0.02], [847.32, 5.38], [847.33, 3.89], [847.34, 0.27], [847.35, 15.38], [847.36, 0.36], [847.37, 5.79], [847.39, 0.65], [847.4, 0.52], [847.41, 3.69], [847.42, 3.18], [847.43, 6.21], [847.44, 24.44]], "timestamp": "2025-12-19T17:38:16.570777+00:00"}, {"symbol": "BNBUSDT", "bids": [[846.51, 43.19], [846.5, 19.8], [846.49, 10.16], [846.48, 9.89], [846.47, 13.7], [846.46, 11.18], [846.45, 11.75], [846.44, 22.54], [846.43, 15.37], [846.42, 1.42], [846.41, 0.02], [846.4, 0.33], [846.39, 0.28], [846.38, 3.06], [846.37, 0.13], [846.36, 8.92], [846.35, 21.66], [846.34, 2.17], [846.33, 7.02], [846.32, 2.38]], "asks": [[846.52, 8.3], [846.55, 0.02], [846.56, 1.4], [846.59, 0.2], [846.6, 5.77], [846.61, 0.03], [846.62, 2.43], [846.63, 2.15], [846.64, 1.53], [846.65, 8.59], [846.67, 5.37], [846.68, 0.03], [846.69, 7.46], [846.7, 9.45], [846.71, 4.05], [846.72, 20.73], [846.73, 14.15], [846.74, 9.67], [846.75, 12.02], [846.76, 15.67]], "timestamp": "2025-12-19T17:39:09.512046+00:00"}, {"symbol": "BNBUSDT", "bids": [[846.47, 9.05], [846.46, 5.33], [846.45, 0.1], [846.44, 0.27], [846.43, 0.02], [846.42, 0.07], [846.41, 7.02], [846.4, 3.08], [846.39, 9.7], [846.38, 2.48], [846.37, 3.0], [846.36, 4.42], [846.35, 2.84], [846.34, 9.15], [846.33, 14.44], [846.32, 4.9], [846.31, 3.69], [846.3, 16.07], [846.29, 2.91], [846.28, 19.44]], "asks": [[846.48, 11.08], [846.5, 0.08], [846.52, 0.3], [846.53, 9.69], [846.54, 8.8], [846.55, 11.94], [846.56, 14.23], [846.57, 18.25], [846.58, 0.03], [846.6, 3.55], [846.61, 4.48], [846.62, 1.91], [846.63, 0.24], [846.64, 10.26], [846.65, 20.28], [846.66, 26.12], [846.67, 22.57], [846.68, 15.39], [846.69, 0.27], [846.7, 0.3]], "timestamp": "2025-12-19T17:40:02.753416+00:00"}, {"symbol": "BNBUSDT", "bids": [[846.11, 29.12], [846.1, 1.96], [846.09, 8.7], [846.08, 9.73], [846.07, 16.65], [846.06, 2.37], [846.04, 7.94], [846.03, 6.32], [846.02, 1.32], [846.01, 2.9], [846.0, 6.31], [845.99, 16.46], [845.98, 0.2], [845.97, 0.15], [845.96, 5.08], [845.95, 0.14], [845.94, 1.68], [845.93, 4.56], [845.92, 4.99], [845.91, 0.54]], "asks": [[846.12, 9.41], [846.13, 0.02], [846.16, 0.03], [846.18, 0.02], [846.19, 4.35], [846.2, 0.04], [846.21, 3.5], [846.22, 17.63], [846.23, 0.06], [846.24, 16.83], [846.25, 35.85], [846.26, 7.78], [846.28, 21.62], [846.29, 4.5], [846.3, 6.2], [846.31, 7.9], [846.32, 7.69], [846.33, 4.55], [846.34, 3.98], [846.35, 7.97]], "timestamp": "2025-12-19T17:40:55.805454+00:00"}, {"symbol": "BNBUSDT", "bids": [[845.46, 8.07], [845.45, 0.01], [845.44, 0.01], [845.42, 0.02], [845.41, 3.56], [845.4, 0.55], [845.39, 0.03], [845.38, 0.04], [845.37, 7.04], [845.36, 0.24], [845.35, 0.67], [845.34, 1.89], [845.33, 2.64], [845.32, 9.88], [845.31, 5.0], [845.3, 8.19], [845.29, 10.93], [845.28, 4.96], [845.27, 6.98], [845.26, 15.08]], "asks": [[845.47, 29.77], [845.48, 0.02], [845.49, 0.14], [845.5, 10.39], [845.51, 31.69], [845.52, 22.37], [845.53, 0.14], [845.54, 13.87], [845.55, 10.51], [845.56, 25.66], [845.57, 0.01], [845.58, 3.79], [845.59, 0.55], [845.6, 0.03], [845.61, 2.41], [845.62, 3.18], [845.63, 12.81], [845.64, 12.82], [845.65, 6.45], [845.66, 5.9]], "timestamp": "2025-12-19T17:41:48.442325+00:00"}, {"symbol": "BNBUSDT", "bids": [[846.28, 48.37], [846.27, 10.05], [846.26, 3.39], [846.25, 0.85], [846.24, 7.07], [846.23, 9.62], [846.22, 20.38], [846.21, 5.13], [846.2, 11.48], [846.19, 9.16], [846.18, 0.01], [846.17, 3.42], [846.16, 0.33], [846.15, 1.97], [846.14, 15.53], [846.13, 0.01], [846.12, 0.58], [846.11, 1.32], [846.1, 3.17], [846.09, 8.74]], "asks": [[846.29, 2.31], [846.3, 0.01], [846.31, 0.01], [846.32, 0.05], [846.35, 0.04], [846.36, 0.06], [846.37, 0.02], [846.38, 0.03], [846.39, 0.07], [846.4, 7.59], [846.41, 2.37], [846.42, 0.02], [846.43, 2.28], [846.44, 3.43], [846.45, 16.4], [846.46, 4.27], [846.47, 36.11], [846.48, 6.65], [846.49, 4.89], [846.5, 3.55]], "timestamp": "2025-12-19T17:42:41.280078+00:00"}, {"symbol": "BNBUSDT", "bids": [[846.32, 36.51], [846.31, 0.15], [846.3, 2.36], [846.29, 10.4], [846.28, 8.38], [846.27, 6.74], [846.26, 23.03], [846.25, 1.78], [846.24, 0.17], [846.23, 0.12], [846.22, 1.22], [846.21, 2.37], [846.2, 4.39], [846.19, 1.43], [846.17, 0.56], [846.16, 4.23], [846.15, 1.53], [846.14, 2.39], [846.13, 9.08], [846.12, 14.85]], "asks": [[846.33, 4.05], [846.34, 0.02], [846.36, 0.39], [846.37, 0.44], [846.39, 1.07], [846.4, 5.48], [846.41, 5.13], [846.42, 7.03], [846.43, 19.78], [846.44, 0.57], [846.45, 2.81], [846.46, 15.53], [846.47, 11.1], [846.48, 35.31], [846.49, 4.15], [846.5, 2.79], [846.51, 4.53], [846.52, 11.98], [846.53, 2.21], [846.54, 3.61]], "timestamp": "2025-12-19T17:43:34.117750+00:00"}, {"symbol": "BNBUSDT", "bids": [[846.76, 51.53], [846.75, 0.02], [846.74, 0.15], [846.73, 4.78], [846.72, 4.0], [846.71, 10.31], [846.7, 15.7], [846.69, 0.02], [846.68, 0.03], [846.67, 1.94], [846.66, 0.01], [846.65, 2.68], [846.64, 11.39], [846.63, 22.9], [846.62, 16.8], [846.61, 28.12], [846.6, 19.02], [846.59, 11.76], [846.58, 17.96], [846.57, 3.76]], "asks": [[846.77, 2.74], [846.8, 20.04], [846.81, 0.03], [846.82, 0.85], [846.84, 0.03], [846.85, 0.02], [846.87, 10.67], [846.88, 0.25], [846.89, 3.33], [846.9, 1.79], [846.91, 0.04], [846.92, 9.33], [846.93, 2.84], [846.94, 7.67], [846.95, 8.73], [846.96, 2.65], [846.97, 3.9], [846.98, 29.67], [846.99, 2.09], [847.0, 8.31]], "timestamp": "2025-12-19T17:44:26.854565+00:00"}, {"symbol": "BNBUSDT", "bids": [[845.64, 3.16], [845.62, 1.9], [845.6, 1.55], [845.58, 6.29], [845.57, 2.51], [845.56, 0.01], [845.55, 2.49], [845.54, 2.42], [845.53, 0.25], [845.52, 0.05], [845.51, 2.82], [845.5, 6.93], [845.49, 2.96], [845.48, 6.23], [845.47, 4.24], [845.46, 0.26], [845.45, 5.13], [845.44, 9.83], [845.43, 1.81], [845.42, 6.78]], "asks": [[845.65, 23.22], [845.66, 9.19], [845.67, 5.49], [845.68, 0.26], [845.69, 2.12], [845.71, 2.92], [845.72, 11.1], [845.73, 5.73], [845.74, 8.66], [845.75, 5.05], [845.76, 7.85], [845.77, 9.18], [845.78, 12.95], [845.79, 27.36], [845.8, 11.23], [845.81, 19.2], [845.82, 9.91], [845.83, 19.66], [845.84, 24.56], [845.85, 12.52]], "timestamp": "2025-12-19T17:45:19.591187+00:00"}, {"symbol": "BNBUSDT", "bids": [[845.25, 18.99], [845.24, 3.28], [845.23, 1.2], [845.22, 2.72], [845.21, 14.07], [845.2, 3.36], [845.19, 3.71], [845.18, 4.06], [845.17, 1.5], [845.16, 20.01], [845.15, 14.1], [845.14, 0.02], [845.13, 0.02], [845.12, 6.31], [845.11, 4.07], [845.1, 2.57], [845.09, 0.02], [845.08, 16.4], [845.07, 10.4], [845.06, 9.22]], "asks": [[845.26, 13.12], [845.27, 0.02], [845.28, 0.01], [845.3, 0.02], [845.31, 3.08], [845.32, 0.03], [845.33, 3.09], [845.34, 8.06], [845.35, 0.97], [845.36, 10.52], [845.37, 1.04], [845.38, 7.9], [845.39, 8.11], [845.4, 11.47], [845.41, 0.01], [845.42, 4.44], [845.43, 22.14], [845.44, 0.49], [845.45, 8.37], [845.46, 29.09]], "timestamp": "2025-12-19T17:46:13.047225+00:00"}, {"symbol": "BNBUSDT", "bids": [[844.68, 57.35], [844.67, 13.49], [844.66, 0.26], [844.65, 0.15], [844.64, 9.08], [844.63, 10.94], [844.62, 28.56], [844.61, 16.44], [844.6, 2.55], [844.59, 8.74], [844.58, 0.13], [844.57, 0.06], [844.56, 4.68], [844.55, 2.14], [844.54, 10.22], [844.53, 0.3], [844.52, 0.24], [844.51, 1.48], [844.5, 2.41], [844.49, 2.84]], "asks": [[844.69, 7.26], [844.7, 0.72], [844.71, 1.01], [844.72, 0.02], [844.74, 5.5], [844.75, 0.02], [844.76, 0.01], [844.77, 0.13], [844.78, 0.03], [844.79, 0.02], [844.8, 4.7], [844.81, 1.22], [844.82, 2.37], [844.83, 0.63], [844.84, 7.03], [844.85, 7.78], [844.86, 2.66], [844.87, 2.5], [844.88, 9.26], [844.89, 2.4]], "timestamp": "2025-12-19T17:47:05.986917+00:00"}, {"symbol": "BNBUSDT", "bids": [[845.99, 13.31], [845.98, 0.02], [845.95, 3.51], [845.94, 5.68], [845.93, 13.99], [845.92, 5.26], [845.91, 6.78], [845.9, 21.7], [845.88, 0.3], [845.87, 1.14], [845.86, 1.69], [845.85, 2.72], [845.84, 3.83], [845.83, 17.42], [845.82, 0.2], [845.81, 0.15], [845.8, 0.09], [845.78, 3.91], [845.77, 10.1], [845.76, 0.01]], "asks": [[846.0, 38.57], [846.01, 0.03], [846.02, 1.84], [846.03, 1.04], [846.04, 0.06], [846.05, 0.02], [846.06, 0.09], [846.07, 4.92], [846.08, 1.46], [846.09, 2.53], [846.1, 0.03], [846.11, 0.6], [846.12, 5.92], [846.13, 5.58], [846.14, 12.65], [846.15, 2.3], [846.16, 10.96], [846.17, 11.61], [846.18, 17.15], [846.19, 2.77]], "timestamp": "2025-12-19T17:47:59.337901+00:00"}, {"symbol": "BNBUSDT", "bids": [[846.25, 13.93], [846.24, 11.8], [846.23, 0.23], [846.22, 0.02], [846.21, 2.0], [846.2, 17.06], [846.19, 28.71], [846.18, 0.02], [846.17, 1.21], [846.16, 0.16], [846.14, 4.6], [846.13, 0.31], [846.12, 0.33], [846.11, 1.94], [846.1, 6.41], [846.09, 2.38], [846.08, 6.41], [846.07, 4.52], [846.06, 4.92], [846.05, 15.3]], "asks": [[846.26, 12.27], [846.27, 5.46], [846.28, 0.02], [846.3, 2.04], [846.31, 2.71], [846.32, 0.06], [846.33, 4.92], [846.34, 14.11], [846.35, 7.53], [846.36, 19.18], [846.37, 2.35], [846.38, 0.01], [846.39, 14.46], [846.4, 7.18], [846.41, 2.96], [846.42, 5.97], [846.43, 31.71], [846.44, 9.34], [846.45, 27.89], [846.46, 10.82]], "timestamp": "2025-12-19T17:48:52.771545+00:00"}, {"symbol": "BNBUSDT", "bids": [[847.0, 0.02], [846.99, 0.38], [846.97, 5.38], [846.96, 3.31], [846.95, 0.03], [846.94, 2.11], [846.93, 0.02], [846.92, 2.85], [846.91, 2.51], [846.9, 0.01], [846.89, 4.19], [846.88, 4.2], [846.87, 2.07], [846.86, 12.84], [846.85, 0.03], [846.84, 9.05], [846.83, 7.51], [846.82, 4.19], [846.81, 3.42], [846.8, 14.3]], "asks": [[847.01, 57.26], [847.02, 8.04], [847.03, 25.15], [847.04, 32.82], [847.05, 17.25], [847.06, 12.47], [847.08, 0.99], [847.09, 0.11], [847.1, 7.87], [847.11, 8.33], [847.12, 5.67], [847.13, 2.16], [847.14, 2.01], [847.15, 0.38], [847.16, 10.77], [847.17, 2.77], [847.18, 22.33], [847.19, 2.16], [847.2, 39.39], [847.21, 0.4]], "timestamp": "2025-12-19T17:49:45.716828+00:00"}, {"symbol": "BNBUSDT", "bids": [[847.13, 4.54], [847.12, 0.04], [847.11, 0.02], [847.09, 5.33], [847.08, 0.03], [847.07, 0.13], [847.06, 0.04], [847.05, 0.08], [847.04, 7.11], [847.03, 0.64], [847.02, 0.31], [847.01, 6.61], [847.0, 0.05], [846.99, 8.43], [846.98, 5.36], [846.97, 6.7], [846.96, 4.04], [846.95, 9.26], [846.94, 0.45], [846.93, 4.29]], "asks": [[847.14, 22.98], [847.15, 11.19], [847.16, 5.17], [847.17, 12.0], [847.18, 0.14], [847.19, 3.98], [847.2, 15.78], [847.21, 24.99], [847.22, 2.89], [847.23, 2.34], [847.24, 11.96], [847.25, 2.09], [847.26, 5.92], [847.27, 0.39], [847.28, 5.92], [847.29, 11.32], [847.3, 1.43], [847.31, 2.72], [847.32, 3.59], [847.33, 0.94]], "timestamp": "2025-12-19T17:50:38.776849+00:00"}, {"symbol": "BNBUSDT", "bids": [[847.95, 24.63], [847.94, 0.31], [847.93, 0.45], [847.92, 2.72], [847.91, 0.02], [847.9, 8.24], [847.89, 11.15], [847.88, 26.28], [847.87, 0.02], [847.86, 11.61], [847.85, 31.27], [847.84, 9.51], [847.83, 3.53], [847.82, 14.46], [847.81, 12.71], [847.8, 27.48], [847.79, 25.29], [847.78, 10.85], [847.77, 10.2], [847.76, 3.02]], "asks": [[847.96, 0.69], [848.0, 0.02], [848.01, 3.76], [848.02, 2.57], [848.03, 8.02], [848.04, 10.96], [848.05, 9.22], [848.06, 9.74], [848.07, 6.0], [848.08, 0.26], [848.09, 2.17], [848.1, 1.58], [848.11, 3.42], [848.12, 5.45], [848.13, 2.82], [848.14, 0.39], [848.15, 30.7], [848.16, 1.4], [848.17, 0.7], [848.18, 2.57]], "timestamp": "2025-12-19T17:51:32.025464+00:00"}, {"symbol": "BNBUSDT", "bids": [[848.07, 22.29], [848.06, 0.19], [848.05, 7.2], [848.04, 0.53], [848.02, 0.51], [848.01, 1.5], [848.0, 6.42], [847.99, 5.28], [847.98, 2.65], [847.97, 31.55], [847.96, 12.58], [847.95, 0.65], [847.94, 12.36], [847.93, 18.46], [847.92, 34.32], [847.91, 12.85], [847.9, 16.4], [847.89, 17.53], [847.88, 0.01], [847.87, 0.03]], "asks": [[848.08, 12.51], [848.1, 1.07], [848.11, 0.02], [848.12, 0.05], [848.13, 0.02], [848.15, 0.82], [848.16, 1.98], [848.17, 2.6], [848.18, 7.02], [848.19, 0.01], [848.2, 3.77], [848.21, 9.23], [848.22, 8.57], [848.23, 7.0], [848.24, 7.64], [848.25, 21.47], [848.26, 3.79], [848.27, 11.18], [848.28, 11.25], [848.29, 5.54]], "timestamp": "2025-12-19T17:52:25.376481+00:00"}, {"symbol": "BNBUSDT", "bids": [[847.51, 12.78], [847.5, 2.72], [847.49, 0.62], [847.48, 7.11], [847.47, 0.02], [847.46, 0.62], [847.45, 0.16], [847.44, 25.24], [847.43, 11.66], [847.42, 13.64], [847.41, 9.61], [847.4, 0.22], [847.39, 5.78], [847.38, 22.36], [847.37, 8.09], [847.36, 14.06], [847.35, 7.84], [847.34, 11.71], [847.33, 3.4], [847.32, 4.54]], "asks": [[847.52, 12.93], [847.53, 1.0], [847.54, 0.99], [847.55, 0.1], [847.56, 0.04], [847.57, 0.02], [847.58, 2.88], [847.59, 3.09], [847.6, 7.11], [847.61, 4.27], [847.62, 0.41], [847.63, 14.26], [847.64, 1.32], [847.65, 3.21], [847.66, 1.79], [847.67, 2.87], [847.68, 0.64], [847.69, 2.24], [847.7, 0.58], [847.71, 3.47]], "timestamp": "2025-12-19T17:53:18.727717+00:00"}, {"symbol": "BNBUSDT", "bids": [[847.82, 0.06], [847.8, 0.02], [847.79, 0.01], [847.77, 0.02], [847.76, 0.02], [847.75, 0.13], [847.74, 0.01], [847.72, 14.32], [847.7, 2.79], [847.69, 1.21], [847.68, 19.88], [847.67, 7.76], [847.66, 1.75], [847.65, 7.9], [847.64, 7.95], [847.63, 12.91], [847.62, 27.23], [847.61, 18.83], [847.6, 19.8], [847.59, 3.16]], "asks": [[847.83, 48.75], [847.84, 25.31], [847.85, 21.18], [847.86, 12.87], [847.87, 0.1], [847.88, 1.07], [847.89, 2.56], [847.9, 2.91], [847.91, 9.03], [847.92, 11.48], [847.93, 14.28], [847.94, 3.18], [847.95, 7.39], [847.96, 23.68], [847.97, 21.02], [847.98, 0.13], [847.99, 3.07], [848.0, 31.01], [848.01, 0.03], [848.02, 12.47]], "timestamp": "2025-12-19T17:54:12.488877+00:00"}, {"symbol": "BNBUSDT", "bids": [[848.66, 2.01], [848.65, 5.38], [848.64, 0.01], [848.63, 0.08], [848.61, 0.06], [848.6, 3.75], [848.58, 0.02], [848.57, 1.87], [848.56, 18.75], [848.55, 2.42], [848.54, 0.02], [848.53, 7.04], [848.52, 20.85], [848.51, 17.41], [848.5, 30.13], [848.49, 4.48], [848.48, 5.09], [848.47, 10.05], [848.46, 13.83], [848.45, 11.54]], "asks": [[848.67, 38.06], [848.68, 5.39], [848.69, 10.25], [848.7, 27.9], [848.71, 12.8], [848.72, 48.99], [848.73, 7.03], [848.75, 2.54], [848.76, 5.38], [848.77, 7.04], [848.78, 3.06], [848.79, 7.6], [848.8, 6.64], [848.81, 0.15], [848.82, 2.79], [848.83, 3.56], [848.84, 1.5], [848.85, 2.79], [848.86, 0.85], [848.87, 2.32]], "timestamp": "2025-12-19T17:55:05.942495+00:00"}, {"symbol": "BNBUSDT", "bids": [[848.63, 46.8], [848.62, 0.22], [848.61, 2.03], [848.6, 14.86], [848.59, 1.75], [848.58, 1.17], [848.57, 1.96], [848.56, 26.3], [848.55, 11.41], [848.54, 0.33], [848.53, 30.6], [848.52, 7.1], [848.51, 6.46], [848.5, 17.7], [848.49, 11.81], [848.48, 15.35], [848.47, 0.53], [848.46, 18.45], [848.45, 34.48], [848.44, 6.61]], "asks": [[848.64, 3.0], [848.65, 0.02], [848.68, 0.01], [848.69, 5.31], [848.71, 0.21], [848.72, 0.1], [848.73, 0.02], [848.74, 0.59], [848.75, 7.17], [848.76, 1.54], [848.77, 7.39], [848.78, 4.63], [848.79, 0.02], [848.8, 3.58], [848.81, 3.09], [848.82, 3.7], [848.83, 11.0], [848.84, 3.58], [848.85, 0.62], [848.86, 8.94]], "timestamp": "2025-12-19T17:55:59.037574+00:00"}, {"symbol": "BNBUSDT", "bids": [[849.05, 3.92], [849.04, 0.03], [849.03, 1.92], [849.01, 0.21], [849.0, 3.89], [848.99, 5.82], [848.97, 3.5], [848.96, 21.63], [848.95, 17.57], [848.94, 0.58], [848.93, 11.99], [848.92, 32.95], [848.91, 6.14], [848.9, 5.17], [848.89, 0.75], [848.88, 6.11], [848.87, 4.53], [848.84, 3.23], [848.83, 6.99], [848.82, 11.22]], "asks": [[849.06, 19.06], [849.07, 0.64], [849.08, 1.02], [849.09, 1.85], [849.1, 0.02], [849.11, 0.1], [849.12, 11.11], [849.13, 11.49], [849.14, 5.8], [849.15, 0.08], [849.16, 11.08], [849.17, 3.9], [849.18, 5.57], [849.19, 2.07], [849.2, 17.05], [849.21, 4.72], [849.22, 11.97], [849.23, 8.76], [849.24, 7.13], [849.25, 3.73]], "timestamp": "2025-12-19T17:56:51.825060+00:00"}, {"symbol": "BNBUSDT", "bids": [[848.87, 12.35], [848.86, 23.28], [848.85, 0.43], [848.84, 3.88], [848.83, 8.11], [848.82, 2.6], [848.81, 0.58], [848.8, 12.23], [848.79, 15.55], [848.78, 9.96], [848.77, 0.63], [848.76, 6.92], [848.75, 14.24], [848.74, 23.03], [848.73, 0.43], [848.72, 5.03], [848.71, 2.66], [848.7, 1.02], [848.69, 3.84], [848.68, 6.91]], "asks": [[848.88, 10.82], [848.89, 0.02], [848.9, 0.31], [848.91, 0.69], [848.92, 0.02], [848.93, 7.17], [848.94, 2.39], [848.95, 7.34], [848.96, 3.46], [848.97, 0.67], [848.98, 0.13], [848.99, 7.85], [849.0, 2.16], [849.01, 2.68], [849.03, 0.01], [849.04, 7.38], [849.05, 19.39], [849.06, 2.38], [849.07, 15.62], [849.08, 15.17]], "timestamp": "2025-12-19T17:57:45.176705+00:00"}, {"symbol": "BNBUSDT", "bids": [[848.27, 23.57], [848.26, 13.31], [848.25, 7.91], [848.24, 24.99], [848.23, 13.51], [848.22, 6.09], [848.21, 12.8], [848.2, 20.53], [848.19, 21.52], [848.18, 3.51], [848.17, 0.18], [848.16, 4.41], [848.15, 7.11], [848.14, 0.03], [848.13, 1.32], [848.12, 6.19], [848.11, 1.02], [848.1, 14.1], [848.09, 17.31], [848.08, 2.31]], "asks": [[848.28, 0.25], [848.3, 2.28], [848.32, 0.33], [848.34, 2.43], [848.35, 0.57], [848.36, 3.58], [848.37, 7.01], [848.38, 0.52], [848.39, 7.39], [848.4, 12.73], [848.41, 8.98], [848.42, 0.22], [848.43, 2.36], [848.44, 6.41], [848.45, 20.71], [848.46, 17.54], [848.47, 8.19], [848.48, 11.74], [848.49, 45.41], [848.5, 4.03]], "timestamp": "2025-12-19T17:58:38.126886+00:00"}, {"symbol": "BNBUSDT", "bids": [[846.44, 18.64], [846.43, 1.89], [846.42, 1.09], [846.41, 9.67], [846.4, 12.66], [846.39, 9.46], [846.38, 0.01], [846.37, 21.22], [846.36, 13.95], [846.35, 6.31], [846.34, 9.39], [846.33, 12.9], [846.32, 10.22], [846.31, 17.11], [846.3, 36.07], [846.29, 0.19], [846.28, 0.02], [846.27, 2.46], [846.26, 0.17], [846.25, 0.41]], "asks": [[846.45, 20.82], [846.46, 0.96], [846.47, 0.02], [846.48, 5.51], [846.49, 0.35], [846.5, 6.22], [846.51, 6.88], [846.52, 0.02], [846.53, 0.04], [846.54, 6.5], [846.55, 1.71], [846.56, 13.77], [846.57, 59.2], [846.58, 11.09], [846.6, 6.06], [846.61, 2.58], [846.62, 0.74], [846.63, 3.48], [846.64, 7.66], [846.65, 4.49]], "timestamp": "2025-12-19T17:59:31.059509+00:00"}, {"symbol": "BNBUSDT", "bids": [[846.19, 21.48], [846.18, 1.91], [846.17, 6.19], [846.16, 12.98], [846.15, 8.53], [846.14, 0.28], [846.13, 18.92], [846.12, 13.26], [846.11, 12.92], [846.1, 0.12], [846.09, 0.12], [846.08, 4.2], [846.07, 14.22], [846.06, 0.25], [846.05, 0.49], [846.04, 0.84], [846.03, 1.34], [846.02, 2.77], [846.01, 0.01], [846.0, 7.61]], "asks": [[846.2, 3.77], [846.21, 0.01], [846.23, 0.07], [846.24, 0.05], [846.26, 0.01], [846.27, 1.31], [846.28, 7.04], [846.29, 0.26], [846.3, 3.8], [846.31, 1.82], [846.32, 10.31], [846.33, 8.61], [846.34, 8.39], [846.35, 6.43], [846.36, 4.3], [846.37, 15.03], [846.38, 0.42], [846.39, 10.65], [846.4, 19.26], [846.41, 16.12]], "timestamp": "2025-12-19T18:00:24.923054+00:00"}, {"symbol": "BNBUSDT", "bids": [[845.9, 2.3], [845.89, 0.31], [845.88, 2.39], [845.85, 1.58], [845.84, 0.03], [845.83, 3.63], [845.82, 7.85], [845.81, 1.8], [845.8, 2.86], [845.79, 8.6], [845.78, 0.43], [845.77, 6.19], [845.76, 2.47], [845.74, 3.26], [845.73, 9.94], [845.72, 0.24], [845.71, 7.26], [845.7, 8.07], [845.69, 5.13], [845.68, 47.22]], "asks": [[845.91, 28.02], [845.92, 7.17], [845.93, 8.96], [845.94, 42.11], [845.95, 0.02], [845.96, 10.64], [845.97, 6.18], [845.98, 24.99], [845.99, 7.37], [846.0, 14.08], [846.01, 11.48], [846.02, 0.29], [846.03, 3.23], [846.04, 9.7], [846.05, 12.61], [846.06, 2.51], [846.07, 4.48], [846.08, 25.39], [846.09, 1.67], [846.1, 12.48]], "timestamp": "2025-12-19T18:01:18.276139+00:00"}, {"symbol": "BNBUSDT", "bids": [[846.88, 66.07], [846.87, 0.2], [846.86, 0.38], [846.85, 5.9], [846.84, 20.51], [846.83, 18.38], [846.82, 20.66], [846.81, 24.23], [846.8, 30.69], [846.79, 23.08], [846.78, 30.21], [846.77, 0.2], [846.76, 0.4], [846.75, 0.42], [846.74, 0.1], [846.72, 3.35], [846.71, 0.01], [846.7, 0.02], [846.69, 3.04], [846.68, 0.05]], "asks": [[846.89, 0.6], [846.91, 0.02], [846.92, 0.02], [846.93, 0.02], [846.94, 5.33], [846.96, 0.03], [846.97, 0.02], [846.98, 0.97], [846.99, 2.41], [847.0, 1.43], [847.01, 2.3], [847.02, 5.56], [847.03, 7.7], [847.04, 5.18], [847.05, 2.43], [847.06, 13.35], [847.07, 6.41], [847.08, 3.06], [847.09, 24.19], [847.1, 0.03]], "timestamp": "2025-12-19T18:02:11.113467+00:00"}, {"symbol": "BNBUSDT", "bids": [[846.97, 60.51], [846.96, 22.05], [846.95, 8.4], [846.94, 0.4], [846.93, 13.69], [846.92, 29.69], [846.91, 1.15], [846.9, 1.36], [846.89, 0.02], [846.88, 0.05], [846.86, 2.93], [846.85, 9.35], [846.84, 5.35], [846.83, 6.77], [846.82, 0.07], [846.81, 1.72], [846.8, 36.71], [846.79, 0.02], [846.78, 6.57], [846.77, 0.04]], "asks": [[846.98, 5.16], [846.99, 0.02], [847.0, 0.02], [847.01, 5.33], [847.02, 0.74], [847.04, 0.02], [847.05, 2.58], [847.06, 2.11], [847.07, 0.01], [847.08, 2.8], [847.09, 2.69], [847.1, 2.66], [847.12, 11.59], [847.13, 17.97], [847.14, 7.77], [847.15, 17.71], [847.16, 18.85], [847.17, 11.26], [847.18, 13.17], [847.19, 6.99]], "timestamp": "2025-12-19T18:03:04.361806+00:00"}, {"symbol": "BNBUSDT", "bids": [[846.51, 19.36], [846.5, 0.01], [846.48, 0.02], [846.47, 0.04], [846.46, 4.59], [846.45, 7.31], [846.44, 7.7], [846.43, 0.05], [846.42, 0.02], [846.41, 0.03], [846.4, 7.14], [846.39, 3.74], [846.38, 10.0], [846.37, 16.04], [846.36, 4.39], [846.35, 8.16], [846.34, 21.4], [846.33, 2.8], [846.32, 11.95], [846.31, 8.95]], "asks": [[846.52, 5.59], [846.53, 1.75], [846.56, 13.13], [846.57, 6.82], [846.6, 10.17], [846.62, 0.4], [846.63, 0.89], [846.64, 4.03], [846.65, 8.57], [846.66, 1.65], [846.67, 8.4], [846.68, 7.47], [846.69, 21.63], [846.7, 8.86], [846.71, 6.94], [846.72, 20.44], [846.73, 12.59], [846.74, 7.77], [846.75, 13.88], [846.76, 20.49]], "timestamp": "2025-12-19T18:03:57.819809+00:00"}, {"symbol": "BNBUSDT", "bids": [[846.15, 51.32], [846.14, 7.46], [846.13, 12.15], [846.12, 39.63], [846.11, 5.35], [846.1, 20.51], [846.09, 8.21], [846.08, 16.66], [846.07, 14.98], [846.06, 9.18], [846.05, 1.0], [846.04, 0.01], [846.03, 7.27], [846.02, 13.34], [846.01, 0.64], [846.0, 25.62], [845.99, 12.23], [845.98, 3.41], [845.97, 6.97], [845.96, 11.75]], "asks": [[846.16, 0.04], [846.17, 0.02], [846.18, 0.34], [846.2, 0.03], [846.21, 0.03], [846.23, 0.6], [846.24, 2.93], [846.25, 2.31], [846.26, 0.03], [846.28, 6.12], [846.29, 4.39], [846.3, 14.1], [846.31, 1.55], [846.32, 9.74], [846.33, 16.7], [846.34, 14.59], [846.35, 6.16], [846.36, 13.19], [846.37, 1.02], [846.38, 9.97]], "timestamp": "2025-12-19T18:04:51.664268+00:00"}, {"symbol": "BNBUSDT", "bids": [[846.54, 13.05], [846.53, 0.02], [846.52, 0.01], [846.51, 1.15], [846.5, 2.28], [846.49, 7.36], [846.48, 7.8], [846.47, 4.89], [846.46, 2.37], [846.45, 5.55], [846.44, 1.63], [846.43, 8.31], [846.42, 2.24], [846.41, 2.42], [846.4, 6.58], [846.39, 0.1], [846.38, 7.6], [846.37, 21.08], [846.36, 20.37], [846.35, 29.29]], "asks": [[846.55, 26.86], [846.56, 5.73], [846.57, 2.24], [846.58, 0.1], [846.59, 1.27], [846.6, 4.9], [846.61, 6.02], [846.62, 6.16], [846.64, 14.22], [846.65, 15.82], [846.66, 0.17], [846.67, 8.3], [846.68, 3.04], [846.69, 36.99], [846.7, 31.47], [846.71, 7.78], [846.72, 9.31], [846.73, 10.25], [846.74, 0.02], [846.75, 12.68]], "timestamp": "2025-12-19T18:05:44.801973+00:00"}, {"symbol": "BNBUSDT", "bids": [[846.79, 46.86], [846.78, 26.69], [846.77, 0.02], [846.76, 16.42], [846.75, 19.24], [846.74, 13.22], [846.73, 22.78], [846.72, 16.07], [846.71, 8.94], [846.7, 14.78], [846.69, 0.19], [846.68, 6.29], [846.67, 12.18], [846.66, 9.94], [846.65, 0.7], [846.64, 0.59], [846.63, 4.58], [846.62, 5.25], [846.61, 0.93], [846.6, 16.35]], "asks": [[846.8, 2.94], [846.81, 0.02], [846.83, 0.08], [846.84, 0.02], [846.85, 0.62], [846.86, 0.8], [846.87, 1.24], [846.88, 12.07], [846.89, 7.04], [846.9, 22.45], [846.91, 1.99], [846.92, 7.92], [846.93, 0.16], [846.94, 5.04], [846.95, 6.38], [846.96, 9.04], [846.97, 4.18], [846.98, 7.82], [846.99, 0.66], [847.0, 17.87]], "timestamp": "2025-12-19T18:06:37.666324+00:00"}, {"symbol": "BNBUSDT", "bids": [[846.44, 16.9], [846.41, 0.65], [846.4, 0.1], [846.39, 3.99], [846.38, 7.02], [846.37, 7.41], [846.36, 15.84], [846.35, 10.01], [846.34, 7.31], [846.33, 9.57], [846.32, 8.8], [846.31, 1.32], [846.3, 8.95], [846.29, 15.3], [846.28, 6.06], [846.27, 6.59], [846.26, 1.75], [846.25, 4.05], [846.24, 17.53], [846.23, 5.77]], "asks": [[846.45, 14.46], [846.46, 0.02], [846.47, 0.33], [846.48, 3.95], [846.49, 2.92], [846.5, 0.03], [846.51, 5.7], [846.52, 6.03], [846.53, 1.9], [846.54, 6.09], [846.55, 0.45], [846.56, 6.08], [846.57, 2.19], [846.58, 3.23], [846.59, 0.37], [846.6, 15.89], [846.61, 4.14], [846.62, 12.2], [846.63, 7.06], [846.64, 28.86]], "timestamp": "2025-12-19T18:07:30.913468+00:00"}, {"symbol": "BNBUSDT", "bids": [[846.05, 22.63], [846.04, 0.59], [846.03, 16.28], [846.02, 13.4], [846.01, 12.85], [846.0, 12.82], [845.99, 3.58], [845.98, 13.45], [845.97, 14.74], [845.96, 13.23], [845.95, 13.53], [845.94, 5.1], [845.92, 0.06], [845.91, 0.01], [845.9, 2.34], [845.88, 5.4], [845.87, 10.49], [845.86, 0.01], [845.85, 4.84], [845.84, 4.89]], "asks": [[846.06, 2.55], [846.07, 0.02], [846.08, 0.65], [846.1, 0.08], [846.12, 0.02], [846.13, 3.08], [846.14, 9.42], [846.15, 6.4], [846.16, 0.64], [846.17, 0.03], [846.18, 2.38], [846.19, 8.72], [846.2, 31.51], [846.21, 6.69], [846.22, 5.56], [846.23, 24.62], [846.24, 19.96], [846.25, 14.77], [846.26, 8.5], [846.27, 1.03]], "timestamp": "2025-12-19T18:08:24.571756+00:00"}, {"symbol": "BNBUSDT", "bids": [[846.04, 0.18], [846.02, 0.01], [846.01, 0.12], [846.0, 0.05], [845.97, 2.01], [845.96, 1.35], [845.95, 3.76], [845.94, 0.26], [845.92, 4.86], [845.91, 0.98], [845.9, 2.36], [845.89, 0.01], [845.88, 0.18], [845.87, 3.03], [845.86, 5.45], [845.85, 4.75], [845.84, 5.45], [845.83, 5.56], [845.82, 0.05], [845.81, 0.4]], "asks": [[846.05, 64.9], [846.06, 3.62], [846.08, 33.2], [846.09, 12.88], [846.1, 23.39], [846.11, 12.06], [846.12, 11.8], [846.13, 12.98], [846.14, 1.04], [846.15, 13.07], [846.16, 8.58], [846.17, 14.58], [846.18, 1.75], [846.19, 16.88], [846.2, 4.53], [846.21, 7.98], [846.22, 2.68], [846.23, 2.72], [846.24, 19.94], [846.25, 0.04]], "timestamp": "2025-12-19T18:09:18.332636+00:00"}, {"symbol": "BNBUSDT", "bids": [[846.3, 5.23], [846.29, 0.02], [846.27, 3.32], [846.25, 0.01], [846.24, 0.04], [846.22, 0.01], [846.21, 0.28], [846.2, 7.61], [846.19, 4.46], [846.18, 7.54], [846.17, 12.38], [846.16, 10.8], [846.15, 12.04], [846.14, 3.55], [846.12, 2.43], [846.11, 4.81], [846.1, 11.84], [846.09, 4.01], [846.08, 5.88], [846.07, 29.09]], "asks": [[846.31, 54.66], [846.32, 0.14], [846.33, 3.24], [846.34, 21.65], [846.35, 8.57], [846.36, 0.24], [846.37, 18.52], [846.38, 36.4], [846.39, 0.42], [846.4, 6.08], [846.41, 36.05], [846.42, 4.07], [846.43, 1.36], [846.44, 11.08], [846.45, 16.99], [846.46, 9.11], [846.47, 7.61], [846.48, 22.84], [846.49, 4.88], [846.5, 3.9]], "timestamp": "2025-12-19T18:10:11.582177+00:00"}, {"symbol": "BNBUSDT", "bids": [[846.88, 30.34], [846.87, 16.66], [846.86, 0.01], [846.84, 0.02], [846.83, 2.45], [846.82, 14.47], [846.81, 11.08], [846.8, 8.33], [846.79, 17.13], [846.78, 9.05], [846.77, 0.28], [846.76, 0.89], [846.75, 2.41], [846.74, 2.75], [846.73, 14.48], [846.72, 0.03], [846.71, 0.32], [846.7, 0.13], [846.69, 2.36], [846.68, 4.9]], "asks": [[846.89, 30.99], [846.9, 20.34], [846.91, 1.49], [846.92, 1.06], [846.93, 1.87], [846.94, 10.72], [846.95, 3.45], [846.96, 4.34], [846.97, 5.3], [846.98, 6.33], [846.99, 13.19], [847.0, 7.59], [847.01, 0.04], [847.02, 2.37], [847.03, 6.16], [847.04, 16.6], [847.05, 6.61], [847.06, 2.97], [847.07, 21.24], [847.08, 10.23]], "timestamp": "2025-12-19T18:11:04.727799+00:00"}, {"symbol": "BNBUSDT", "bids": [[846.41, 0.02], [846.4, 0.07], [846.38, 2.41], [846.37, 0.02], [846.36, 1.55], [846.35, 9.46], [846.34, 2.21], [846.33, 4.16], [846.32, 4.0], [846.31, 1.26], [846.3, 12.47], [846.29, 5.42], [846.28, 8.67], [846.27, 15.72], [846.26, 19.93], [846.25, 3.62], [846.24, 28.9], [846.23, 0.81], [846.22, 1.54], [846.21, 5.41]], "asks": [[846.45, 56.63], [846.46, 0.18], [846.48, 8.91], [846.49, 20.66], [846.5, 5.28], [846.51, 0.86], [846.52, 5.7], [846.53, 7.4], [846.54, 13.62], [846.55, 1.03], [846.56, 0.63], [846.57, 6.09], [846.58, 12.45], [846.59, 28.04], [846.6, 6.09], [846.61, 3.22], [846.62, 21.37], [846.63, 11.58], [846.64, 19.55], [846.65, 17.96]], "timestamp": "2025-12-19T18:11:57.362203+00:00"}, {"symbol": "BNBUSDT", "bids": [[846.35, 23.0], [846.34, 12.7], [846.33, 2.76], [846.32, 18.92], [846.31, 11.33], [846.3, 13.34], [846.29, 12.74], [846.28, 17.99], [846.27, 26.42], [846.26, 3.06], [846.25, 1.3], [846.24, 0.25], [846.23, 7.62], [846.22, 9.63], [846.21, 8.07], [846.2, 13.9], [846.19, 18.8], [846.18, 0.27], [846.17, 0.02], [846.16, 2.15]], "asks": [[846.36, 2.47], [846.37, 0.08], [846.38, 0.61], [846.39, 0.56], [846.4, 5.4], [846.41, 9.44], [846.42, 0.52], [846.43, 1.0], [846.44, 10.76], [846.45, 6.82], [846.46, 1.41], [846.47, 9.42], [846.48, 8.31], [846.49, 16.88], [846.5, 12.95], [846.51, 16.8], [846.52, 23.34], [846.53, 19.98], [846.54, 3.56], [846.55, 15.61]], "timestamp": "2025-12-19T18:12:50.523754+00:00"}, {"symbol": "BNBUSDT", "bids": [[846.53, 2.07], [846.52, 0.06], [846.51, 0.13], [846.49, 0.05], [846.48, 0.02], [846.47, 0.02], [846.46, 0.04], [846.45, 5.14], [846.44, 2.08], [846.43, 7.85], [846.42, 30.63], [846.41, 0.36], [846.4, 5.71], [846.39, 2.01], [846.38, 0.02], [846.37, 7.92], [846.36, 2.79], [846.35, 4.81], [846.34, 6.89], [846.33, 2.98]], "asks": [[846.54, 96.26], [846.55, 0.01], [846.56, 0.01], [846.57, 22.71], [846.58, 10.98], [846.59, 12.0], [846.6, 17.44], [846.61, 14.91], [846.62, 22.04], [846.63, 0.01], [846.64, 25.0], [846.65, 0.89], [846.66, 0.25], [846.67, 10.12], [846.68, 13.72], [846.69, 2.94], [846.7, 5.57], [846.71, 0.02], [846.72, 4.5], [846.73, 6.63]], "timestamp": "2025-12-19T18:13:43.552223+00:00"}, {"symbol": "BNBUSDT", "bids": [[846.6, 43.45], [846.59, 14.93], [846.58, 2.46], [846.57, 9.47], [846.56, 7.84], [846.55, 6.57], [846.54, 15.21], [846.53, 22.18], [846.52, 9.26], [846.51, 9.53], [846.5, 8.28], [846.49, 0.42], [846.48, 6.61], [846.47, 1.94], [846.46, 2.78], [846.45, 2.69], [846.44, 2.24], [846.43, 2.06], [846.42, 3.89], [846.41, 6.37]], "asks": [[846.61, 1.38], [846.62, 0.02], [846.64, 5.38], [846.66, 0.96], [846.68, 7.04], [846.69, 0.3], [846.7, 8.43], [846.71, 11.92], [846.72, 0.72], [846.73, 10.98], [846.74, 9.11], [846.75, 12.19], [846.76, 26.73], [846.77, 2.16], [846.78, 1.46], [846.79, 8.96], [846.8, 15.07], [846.81, 20.46], [846.82, 6.3], [846.83, 2.7]], "timestamp": "2025-12-19T18:14:36.596446+00:00"}, {"symbol": "BNBUSDT", "bids": [[846.8, 17.38], [846.79, 0.21], [846.78, 0.06], [846.76, 0.01], [846.73, 6.86], [846.72, 1.56], [846.71, 2.4], [846.7, 1.2], [846.69, 7.27], [846.68, 4.41], [846.67, 6.76], [846.66, 17.34], [846.65, 2.42], [846.64, 7.59], [846.63, 21.81], [846.62, 2.78], [846.61, 11.93], [846.6, 28.36], [846.59, 21.59], [846.58, 7.34]], "asks": [[846.81, 67.17], [846.82, 2.64], [846.83, 10.09], [846.84, 0.07], [846.85, 0.05], [846.86, 3.6], [846.87, 0.24], [846.88, 6.71], [846.89, 2.65], [846.9, 12.49], [846.91, 3.55], [846.92, 7.62], [846.93, 14.64], [846.94, 0.57], [846.95, 8.23], [846.96, 6.4], [846.97, 18.92], [846.98, 6.42], [846.99, 7.86], [847.0, 19.42]], "timestamp": "2025-12-19T18:15:30.052699+00:00"}, {"symbol": "BNBUSDT", "bids": [[848.87, 31.41], [848.86, 71.49], [848.85, 51.45], [848.84, 11.04], [848.83, 23.55], [848.82, 27.38], [848.81, 22.86], [848.8, 24.58], [848.79, 21.27], [848.78, 61.12], [848.77, 1.55], [848.76, 9.24], [848.75, 22.11], [848.74, 2.43], [848.73, 2.36], [848.72, 14.01], [848.71, 31.1], [848.7, 0.02], [848.69, 6.26], [848.68, 53.68]], "asks": [[848.88, 9.3], [848.89, 0.1], [848.9, 1.01], [848.91, 0.02], [848.92, 0.04], [848.93, 0.03], [848.94, 0.2], [848.95, 1.11], [848.96, 0.04], [848.97, 0.53], [848.98, 28.79], [848.99, 0.32], [849.0, 6.6], [849.01, 0.02], [849.02, 0.03], [849.03, 0.01], [849.04, 2.45], [849.05, 1.75], [849.06, 23.41], [849.07, 0.21]], "timestamp": "2025-12-19T18:16:22.788310+00:00"}, {"symbol": "BNBUSDT", "bids": [[847.48, 13.44], [847.47, 0.02], [847.45, 12.06], [847.44, 81.49], [847.43, 2.71], [847.42, 0.02], [847.41, 0.27], [847.4, 10.05], [847.39, 2.7], [847.38, 0.03], [847.37, 1.47], [847.36, 3.33], [847.35, 4.01], [847.34, 8.95], [847.33, 8.2], [847.32, 6.62], [847.31, 3.03], [847.3, 4.79], [847.29, 3.04], [847.28, 9.21]], "asks": [[847.49, 14.21], [847.5, 0.01], [847.51, 5.58], [847.52, 8.05], [847.53, 0.01], [847.54, 0.93], [847.56, 0.01], [847.57, 5.02], [847.58, 7.88], [847.59, 0.33], [847.6, 9.25], [847.61, 3.51], [847.62, 1.89], [847.63, 12.78], [847.64, 7.62], [847.65, 13.72], [847.66, 5.04], [847.67, 0.32], [847.68, 37.19], [847.69, 1.08]], "timestamp": "2025-12-19T18:17:15.932991+00:00"}, {"symbol": "BNBUSDT", "bids": [[846.51, 18.49], [846.48, 0.01], [846.47, 1.58], [846.46, 2.52], [846.45, 7.87], [846.44, 1.67], [846.43, 8.34], [846.42, 1.13], [846.41, 15.31], [846.4, 0.52], [846.39, 17.78], [846.38, 7.85], [846.37, 21.71], [846.36, 6.05], [846.35, 8.0], [846.34, 3.12], [846.33, 6.82], [846.32, 6.18], [846.31, 0.01], [846.3, 5.18]], "asks": [[846.52, 18.93], [846.53, 0.01], [846.54, 1.14], [846.55, 0.04], [846.56, 5.48], [846.57, 1.12], [846.58, 1.62], [846.59, 0.23], [846.6, 9.41], [846.61, 4.19], [846.62, 2.93], [846.63, 9.05], [846.64, 7.75], [846.65, 29.78], [846.66, 0.62], [846.67, 2.42], [846.68, 28.63], [846.69, 10.71], [846.7, 18.08], [846.71, 20.79]], "timestamp": "2025-12-19T18:18:10.514906+00:00"}, {"symbol": "BNBUSDT", "bids": [[847.07, 1.27], [847.06, 0.02], [847.04, 0.27], [847.03, 1.18], [847.02, 0.26], [847.0, 1.95], [846.99, 9.55], [846.98, 0.29], [846.97, 7.84], [846.96, 3.47], [846.95, 5.6], [846.94, 8.47], [846.93, 5.22], [846.92, 5.56], [846.91, 8.72], [846.9, 15.96], [846.89, 1.99], [846.88, 14.41], [846.87, 18.14], [846.86, 2.85]], "asks": [[847.08, 41.29], [847.09, 14.88], [847.1, 12.25], [847.11, 0.77], [847.12, 0.14], [847.13, 0.81], [847.14, 0.99], [847.15, 3.79], [847.16, 0.04], [847.17, 1.98], [847.18, 11.93], [847.19, 0.34], [847.2, 0.5], [847.21, 8.13], [847.22, 29.97], [847.23, 7.96], [847.24, 11.01], [847.25, 18.85], [847.26, 2.44], [847.27, 8.34]], "timestamp": "2025-12-19T18:19:04.376543+00:00"}, {"symbol": "BNBUSDT", "bids": [[847.67, 24.44], [847.66, 0.02], [847.65, 0.16], [847.64, 14.04], [847.63, 21.86], [847.62, 7.51], [847.61, 14.45], [847.6, 23.74], [847.59, 19.04], [847.58, 9.47], [847.57, 2.86], [847.56, 3.54], [847.55, 15.95], [847.54, 0.16], [847.53, 0.84], [847.52, 1.6], [847.51, 1.09], [847.5, 4.29], [847.49, 7.69], [847.48, 4.07]], "asks": [[847.68, 17.32], [847.69, 0.11], [847.7, 0.59], [847.71, 0.06], [847.72, 0.1], [847.74, 0.02], [847.75, 0.66], [847.76, 3.43], [847.77, 7.53], [847.78, 15.17], [847.79, 3.16], [847.8, 2.59], [847.81, 7.69], [847.82, 23.01], [847.83, 2.19], [847.84, 17.85], [847.85, 28.62], [847.86, 9.71], [847.87, 0.4], [847.88, 13.42]], "timestamp": "2025-12-19T18:19:57.628067+00:00"}, {"symbol": "BNBUSDT", "bids": [[847.75, 51.39], [847.74, 0.7], [847.72, 12.34], [847.71, 14.26], [847.7, 13.89], [847.69, 36.23], [847.68, 10.54], [847.67, 6.36], [847.66, 13.13], [847.65, 10.09], [847.64, 8.84], [847.63, 8.0], [847.62, 0.71], [847.61, 1.31], [847.6, 11.75], [847.59, 1.35], [847.58, 0.16], [847.57, 0.39], [847.56, 5.08], [847.55, 18.08]], "asks": [[847.76, 6.06], [847.78, 0.02], [847.79, 0.02], [847.8, 0.03], [847.81, 0.04], [847.82, 1.61], [847.83, 0.04], [847.84, 5.66], [847.85, 12.88], [847.86, 3.63], [847.87, 32.1], [847.88, 6.23], [847.89, 8.59], [847.9, 23.9], [847.91, 9.35], [847.92, 8.37], [847.93, 16.71], [847.95, 10.33], [847.96, 18.9], [847.97, 0.44]], "timestamp": "2025-12-19T18:20:50.566386+00:00"}, {"symbol": "BNBUSDT", "bids": [[848.36, 11.21], [848.35, 9.51], [848.34, 1.6], [848.33, 8.8], [848.32, 9.97], [848.31, 9.52], [848.3, 1.56], [848.29, 6.5], [848.28, 39.4], [848.27, 0.4], [848.26, 2.49], [848.25, 2.36], [848.24, 0.41], [848.23, 0.52], [848.22, 0.71], [848.21, 0.02], [848.2, 3.68], [848.19, 10.82], [848.18, 21.55], [848.17, 17.37]], "asks": [[848.37, 24.23], [848.38, 0.01], [848.39, 0.02], [848.4, 2.78], [848.42, 2.32], [848.43, 0.3], [848.44, 12.09], [848.45, 7.98], [848.46, 13.1], [848.47, 25.28], [848.48, 5.55], [848.49, 3.43], [848.5, 12.15], [848.51, 17.94], [848.52, 1.02], [848.53, 7.5], [848.54, 20.07], [848.55, 4.33], [848.56, 28.58], [848.57, 1.72]], "timestamp": "2025-12-19T18:21:43.919188+00:00"}, {"symbol": "BNBUSDT", "bids": [[848.21, 23.8], [848.2, 7.21], [848.19, 13.35], [848.18, 11.01], [848.17, 8.2], [848.16, 2.76], [848.15, 5.58], [848.14, 1.35], [848.13, 4.13], [848.12, 10.95], [848.11, 19.66], [848.1, 41.68], [848.09, 3.32], [848.08, 9.3], [848.07, 7.79], [848.06, 1.0], [848.05, 2.57], [848.04, 10.65], [848.03, 3.19], [848.02, 9.62]], "asks": [[848.22, 1.54], [848.23, 0.02], [848.24, 0.01], [848.27, 3.04], [848.28, 0.02], [848.3, 1.15], [848.31, 1.06], [848.32, 0.13], [848.33, 10.26], [848.34, 0.59], [848.35, 6.97], [848.36, 6.78], [848.37, 4.07], [848.38, 3.86], [848.39, 28.29], [848.4, 5.27], [848.41, 5.65], [848.42, 11.18], [848.43, 3.85], [848.44, 17.93]], "timestamp": "2025-12-19T18:22:36.961710+00:00"}, {"symbol": "BNBUSDT", "bids": [[848.23, 17.81], [848.22, 0.02], [848.21, 1.83], [848.2, 12.24], [848.18, 0.3], [848.17, 5.8], [848.16, 49.03], [848.15, 8.75], [848.14, 44.45], [848.13, 2.74], [848.12, 23.97], [848.11, 0.02], [848.1, 0.02], [848.09, 0.04], [848.08, 7.78], [848.07, 1.52], [848.06, 2.62], [848.05, 4.03], [848.04, 5.28], [848.03, 8.0]], "asks": [[848.24, 11.49], [848.25, 0.01], [848.27, 15.2], [848.28, 0.02], [848.32, 2.57], [848.33, 3.3], [848.34, 19.11], [848.35, 4.25], [848.36, 11.49], [848.37, 5.33], [848.38, 32.82], [848.39, 14.84], [848.4, 16.11], [848.41, 5.03], [848.42, 14.04], [848.43, 33.69], [848.44, 55.23], [848.45, 0.22], [848.46, 2.35], [848.47, 2.44]], "timestamp": "2025-12-19T18:23:29.698594+00:00"}, {"symbol": "BNBUSDT", "bids": [[848.24, 15.59], [848.23, 0.05], [848.22, 1.24], [848.2, 0.02], [848.19, 0.02], [848.18, 8.87], [848.17, 26.58], [848.16, 10.0], [848.15, 7.21], [848.14, 36.67], [848.13, 6.82], [848.12, 3.39], [848.11, 7.11], [848.1, 0.13], [848.09, 8.19], [848.08, 2.32], [848.07, 4.04], [848.06, 8.85], [848.05, 5.04], [848.04, 15.11]], "asks": [[848.25, 23.98], [848.26, 5.43], [848.27, 0.06], [848.28, 0.01], [848.31, 1.59], [848.32, 6.69], [848.33, 15.79], [848.34, 15.07], [848.35, 2.83], [848.36, 14.77], [848.37, 0.49], [848.38, 9.15], [848.39, 11.61], [848.4, 3.79], [848.41, 15.48], [848.42, 25.52], [848.43, 0.36], [848.44, 61.44], [848.45, 5.78], [848.46, 22.75]], "timestamp": "2025-12-19T18:24:23.050215+00:00"}, {"symbol": "BNBUSDT", "bids": [[848.38, 49.83], [848.37, 11.91], [848.36, 21.11], [848.35, 11.02], [848.34, 8.45], [848.33, 28.46], [848.32, 7.22], [848.31, 0.19], [848.3, 1.97], [848.29, 12.14], [848.28, 4.47], [848.27, 14.69], [848.26, 5.02], [848.25, 1.24], [848.24, 4.39], [848.23, 11.48], [848.22, 4.7], [848.21, 18.67], [848.2, 0.2], [848.19, 6.8]], "asks": [[848.39, 1.06], [848.4, 0.05], [848.41, 0.15], [848.42, 0.58], [848.43, 10.36], [848.44, 54.17], [848.45, 0.01], [848.47, 2.31], [848.48, 0.19], [848.49, 4.65], [848.5, 24.51], [848.51, 2.38], [848.52, 1.01], [848.53, 4.37], [848.54, 5.05], [848.55, 30.65], [848.56, 15.2], [848.57, 8.48], [848.58, 1.01], [848.59, 8.99]], "timestamp": "2025-12-19T18:25:16.280333+00:00"}, {"symbol": "BNBUSDT", "bids": [[848.38, 28.08], [848.37, 3.24], [848.36, 9.2], [848.35, 7.9], [848.33, 5.41], [848.32, 2.35], [848.31, 0.09], [848.3, 10.41], [848.29, 7.51], [848.28, 52.08], [848.27, 7.87], [848.26, 6.53], [848.25, 15.33], [848.24, 16.14], [848.23, 7.58], [848.22, 5.48], [848.21, 12.55], [848.2, 5.74], [848.19, 13.82], [848.18, 22.76]], "asks": [[848.39, 9.15], [848.4, 0.04], [848.42, 11.99], [848.43, 15.81], [848.44, 8.17], [848.46, 0.23], [848.47, 0.03], [848.48, 3.01], [848.5, 0.33], [848.51, 0.21], [848.52, 11.79], [848.53, 14.45], [848.54, 0.9], [848.55, 2.99], [848.56, 41.28], [848.57, 0.26], [848.58, 5.21], [848.59, 13.15], [848.6, 5.17], [848.61, 3.56]], "timestamp": "2025-12-19T18:26:09.649854+00:00"}, {"symbol": "BNBUSDT", "bids": [[849.33, 2.09], [849.31, 0.02], [849.3, 0.02], [849.28, 0.02], [849.27, 5.29], [849.26, 9.97], [849.25, 2.42], [849.24, 4.33], [849.23, 9.81], [849.22, 1.14], [849.21, 5.12], [849.2, 4.42], [849.19, 7.17], [849.17, 0.42], [849.16, 15.3], [849.15, 19.24], [849.14, 2.61], [849.13, 5.54], [849.12, 9.1], [849.11, 10.26]], "asks": [[849.34, 36.39], [849.35, 38.84], [849.36, 15.56], [849.37, 4.86], [849.38, 14.15], [849.39, 42.85], [849.4, 0.02], [849.41, 9.51], [849.42, 7.52], [849.43, 1.53], [849.44, 11.23], [849.45, 29.51], [849.46, 4.23], [849.47, 15.84], [849.48, 0.44], [849.49, 0.72], [849.5, 0.75], [849.51, 0.02], [849.52, 7.4], [849.53, 3.6]], "timestamp": "2025-12-19T18:27:02.899539+00:00"}, {"symbol": "BNBUSDT", "bids": [[848.75, 0.12], [848.74, 0.02], [848.72, 0.03], [848.71, 0.02], [848.7, 2.41], [848.68, 0.03], [848.67, 0.03], [848.66, 0.02], [848.65, 0.25], [848.64, 6.76], [848.63, 7.42], [848.62, 0.61], [848.61, 8.47], [848.6, 3.67], [848.59, 5.93], [848.58, 12.47], [848.57, 3.76], [848.56, 9.86], [848.55, 4.2], [848.54, 14.97]], "asks": [[848.76, 40.06], [848.77, 0.01], [848.78, 7.96], [848.79, 0.14], [848.8, 0.02], [848.81, 9.27], [848.82, 16.87], [848.83, 45.61], [848.84, 0.19], [848.85, 2.68], [848.86, 1.38], [848.87, 3.53], [848.88, 5.64], [848.89, 1.55], [848.9, 7.26], [848.91, 0.01], [848.92, 0.58], [848.93, 5.56], [848.94, 0.43], [848.95, 28.1]], "timestamp": "2025-12-19T18:27:55.816837+00:00"}, {"symbol": "BNBUSDT", "bids": [[848.43, 70.06], [848.42, 4.16], [848.41, 8.76], [848.4, 22.83], [848.39, 13.37], [848.38, 17.42], [848.37, 0.2], [848.36, 13.37], [848.35, 11.31], [848.33, 1.67], [848.32, 12.54], [848.31, 0.02], [848.3, 0.34], [848.29, 0.09], [848.28, 0.02], [848.27, 0.04], [848.25, 5.17], [848.24, 10.63], [848.23, 29.37], [848.22, 19.29]], "asks": [[848.44, 2.28], [848.45, 0.02], [848.46, 0.59], [848.47, 6.76], [848.48, 0.02], [848.49, 0.03], [848.5, 5.32], [848.51, 0.02], [848.52, 0.35], [848.53, 3.84], [848.54, 0.04], [848.55, 1.24], [848.56, 4.46], [848.57, 4.81], [848.58, 4.89], [848.59, 4.33], [848.6, 4.15], [848.61, 2.19], [848.62, 2.85], [848.63, 7.05]], "timestamp": "2025-12-19T18:28:48.665963+00:00"}, {"symbol": "BNBUSDT", "bids": [[848.48, 25.17], [848.47, 0.02], [848.46, 0.05], [848.45, 0.02], [848.44, 0.36], [848.43, 2.88], [848.42, 1.58], [848.41, 10.39], [848.4, 2.78], [848.39, 8.41], [848.38, 2.96], [848.37, 6.45], [848.36, 11.28], [848.35, 0.05], [848.34, 21.68], [848.33, 33.63], [848.32, 14.24], [848.31, 1.59], [848.3, 2.59], [848.29, 6.19]], "asks": [[848.49, 15.19], [848.5, 0.02], [848.52, 0.61], [848.53, 0.87], [848.54, 2.26], [848.55, 7.1], [848.56, 20.42], [848.57, 7.75], [848.58, 7.56], [848.59, 0.01], [848.6, 0.2], [848.61, 3.79], [848.62, 6.39], [848.63, 8.73], [848.64, 1.04], [848.65, 5.14], [848.66, 32.3], [848.67, 0.53], [848.68, 12.03], [848.69, 24.89]], "timestamp": "2025-12-19T18:29:41.831056+00:00"}, {"symbol": "BNBUSDT", "bids": [[848.82, 4.78], [848.8, 0.03], [848.79, 0.02], [848.78, 0.03], [848.77, 0.03], [848.75, 0.04], [848.74, 0.02], [848.72, 6.7], [848.71, 0.04], [848.7, 2.36], [848.69, 28.27], [848.68, 0.05], [848.67, 2.31], [848.66, 3.97], [848.65, 26.25], [848.64, 1.58], [848.63, 1.7], [848.62, 3.58], [848.61, 0.95], [848.6, 2.62]], "asks": [[848.83, 54.54], [848.84, 5.2], [848.85, 8.42], [848.86, 19.21], [848.87, 14.92], [848.88, 27.34], [848.89, 13.11], [848.9, 0.01], [848.91, 0.01], [848.92, 4.46], [848.93, 3.64], [848.94, 3.91], [848.95, 0.9], [848.96, 16.47], [848.97, 15.14], [848.98, 0.46], [848.99, 4.33], [849.0, 10.54], [849.01, 0.76], [849.02, 6.99]], "timestamp": "2025-12-19T18:30:34.972028+00:00"}, {"symbol": "BNBUSDT", "bids": [[848.64, 27.02], [848.63, 0.22], [848.62, 0.03], [848.61, 15.24], [848.6, 0.04], [848.59, 4.05], [848.58, 2.21], [848.57, 21.61], [848.56, 11.48], [848.55, 6.87], [848.54, 14.39], [848.53, 4.62], [848.52, 5.64], [848.51, 5.06], [848.5, 31.08], [848.49, 0.02], [848.48, 5.48], [848.47, 0.05], [848.46, 1.44], [848.45, 2.41]], "asks": [[848.65, 5.65], [848.66, 0.02], [848.67, 0.61], [848.68, 0.03], [848.69, 3.55], [848.7, 0.01], [848.71, 0.54], [848.72, 14.34], [848.73, 9.72], [848.74, 27.11], [848.75, 2.86], [848.76, 1.79], [848.77, 0.33], [848.78, 7.59], [848.79, 1.76], [848.8, 2.21], [848.81, 6.27], [848.82, 2.81], [848.83, 9.2], [848.84, 4.18]], "timestamp": "2025-12-19T18:31:27.503763+00:00"}, {"symbol": "BNBUSDT", "bids": [[848.53, 8.45], [848.51, 0.02], [848.49, 1.23], [848.48, 12.8], [848.47, 7.96], [848.46, 8.15], [848.45, 11.8], [848.44, 3.58], [848.43, 1.18], [848.42, 0.21], [848.41, 1.92], [848.4, 2.49], [848.39, 6.22], [848.38, 2.63], [848.37, 1.66], [848.36, 5.9], [848.35, 1.36], [848.34, 9.52], [848.33, 31.89], [848.32, 0.07]], "asks": [[848.54, 29.42], [848.55, 0.03], [848.56, 0.01], [848.57, 0.76], [848.59, 2.64], [848.6, 5.24], [848.61, 31.01], [848.62, 0.04], [848.63, 11.82], [848.64, 32.63], [848.65, 45.56], [848.66, 1.42], [848.67, 0.29], [848.68, 8.99], [848.69, 4.3], [848.7, 3.57], [848.71, 1.31], [848.72, 5.88], [848.73, 2.42], [848.74, 3.95]], "timestamp": "2025-12-19T18:32:20.547792+00:00"}, {"symbol": "BNBUSDT", "bids": [[848.06, 26.65], [848.05, 3.94], [848.04, 10.44], [848.03, 10.86], [848.02, 0.36], [848.01, 2.37], [848.0, 32.55], [847.99, 0.05], [847.98, 1.71], [847.97, 2.39], [847.96, 19.5], [847.95, 2.55], [847.94, 0.97], [847.93, 5.32], [847.92, 21.88], [847.91, 2.4], [847.9, 0.07], [847.89, 17.94], [847.88, 8.93], [847.87, 15.12]], "asks": [[848.07, 11.35], [848.08, 1.58], [848.09, 5.48], [848.12, 3.7], [848.13, 0.01], [848.14, 12.9], [848.15, 51.27], [848.16, 13.38], [848.17, 4.7], [848.18, 8.93], [848.19, 0.77], [848.2, 2.29], [848.21, 0.33], [848.22, 1.36], [848.23, 10.43], [848.24, 3.58], [848.25, 5.59], [848.26, 9.92], [848.27, 2.72], [848.28, 13.53]], "timestamp": "2025-12-19T18:33:14.206418+00:00"}, {"symbol": "BNBUSDT", "bids": [[847.61, 47.13], [847.6, 15.72], [847.58, 6.53], [847.57, 18.68], [847.56, 31.87], [847.55, 2.14], [847.54, 20.99], [847.53, 13.89], [847.52, 17.16], [847.51, 19.1], [847.5, 17.81], [847.49, 3.37], [847.48, 47.06], [847.47, 0.06], [847.46, 0.01], [847.45, 0.18], [847.44, 0.04], [847.43, 0.03], [847.42, 1.07], [847.41, 0.02]], "asks": [[847.62, 11.03], [847.63, 0.02], [847.64, 0.83], [847.65, 0.02], [847.66, 0.62], [847.67, 3.81], [847.68, 1.05], [847.7, 1.49], [847.71, 0.01], [847.72, 0.41], [847.73, 4.47], [847.74, 3.31], [847.75, 7.75], [847.76, 25.11], [847.77, 4.46], [847.78, 14.93], [847.79, 14.19], [847.8, 25.23], [847.81, 10.72], [847.82, 15.22]], "timestamp": "2025-12-19T18:34:07.864707+00:00"}, {"symbol": "BNBUSDT", "bids": [[847.99, 9.9], [847.98, 0.04], [847.96, 2.58], [847.95, 7.86], [847.94, 10.28], [847.93, 8.09], [847.92, 12.53], [847.91, 0.02], [847.89, 4.4], [847.88, 2.49], [847.87, 3.04], [847.86, 7.38], [847.85, 0.3], [847.84, 4.38], [847.83, 3.3], [847.82, 7.15], [847.81, 5.5], [847.8, 9.44], [847.79, 1.75], [847.78, 2.66]], "asks": [[848.0, 68.29], [848.01, 0.03], [848.02, 0.01], [848.03, 4.49], [848.04, 0.04], [848.05, 2.46], [848.07, 2.33], [848.08, 4.54], [848.09, 6.34], [848.1, 19.03], [848.11, 3.25], [848.12, 5.0], [848.13, 10.76], [848.14, 24.29], [848.15, 23.48], [848.16, 8.34], [848.17, 11.81], [848.18, 6.36], [848.19, 3.88], [848.2, 9.85]], "timestamp": "2025-12-19T18:35:00.908781+00:00"}, {"symbol": "BNBUSDT", "bids": [[848.55, 12.57], [848.54, 0.02], [848.53, 0.01], [848.52, 0.01], [848.51, 0.07], [848.5, 2.4], [848.49, 1.17], [848.48, 0.85], [848.47, 8.6], [848.46, 4.91], [848.45, 9.72], [848.44, 9.23], [848.43, 4.47], [848.42, 13.56], [848.41, 2.38], [848.4, 23.52], [848.39, 28.39], [848.38, 1.07], [848.37, 0.03], [848.36, 4.15]], "asks": [[848.56, 36.16], [848.57, 0.2], [848.59, 2.96], [848.6, 4.79], [848.61, 10.47], [848.62, 1.93], [848.63, 4.68], [848.64, 0.23], [848.65, 2.02], [848.66, 0.93], [848.67, 0.01], [848.68, 7.27], [848.69, 23.5], [848.7, 0.12], [848.71, 0.03], [848.72, 0.23], [848.73, 2.91], [848.74, 2.16], [848.75, 8.76], [848.76, 20.32]], "timestamp": "2025-12-19T18:35:54.756221+00:00"}, {"symbol": "BNBUSDT", "bids": [[848.08, 7.82], [848.06, 0.83], [848.05, 0.02], [848.04, 0.01], [848.03, 0.02], [848.01, 1.79], [848.0, 2.46], [847.99, 2.33], [847.98, 11.66], [847.97, 3.63], [847.96, 9.23], [847.95, 8.48], [847.94, 23.44], [847.93, 6.88], [847.92, 10.73], [847.91, 16.83], [847.9, 1.69], [847.89, 1.97], [847.88, 37.88], [847.87, 3.5]], "asks": [[848.09, 28.49], [848.1, 0.01], [848.11, 4.11], [848.12, 0.01], [848.13, 3.83], [848.14, 12.09], [848.15, 14.35], [848.16, 0.01], [848.17, 0.03], [848.18, 0.81], [848.19, 1.89], [848.2, 3.23], [848.21, 1.24], [848.22, 2.84], [848.23, 7.23], [848.24, 9.26], [848.25, 2.38], [848.26, 15.08], [848.27, 5.64], [848.28, 10.68]], "timestamp": "2025-12-19T18:36:47.696847+00:00"}, {"symbol": "BNBUSDT", "bids": [[847.99, 23.62], [847.98, 8.18], [847.96, 1.03], [847.95, 1.59], [847.94, 9.76], [847.93, 0.3], [847.92, 6.26], [847.91, 2.72], [847.9, 4.66], [847.89, 22.66], [847.88, 14.75], [847.87, 28.79], [847.86, 14.19], [847.85, 3.56], [847.84, 6.93], [847.83, 2.24], [847.82, 7.17], [847.81, 7.46], [847.8, 13.6], [847.79, 13.42]], "asks": [[848.0, 43.61], [848.01, 0.09], [848.02, 5.52], [848.04, 0.01], [848.07, 0.2], [848.08, 4.06], [848.09, 0.12], [848.1, 1.72], [848.12, 0.26], [848.13, 3.56], [848.14, 0.64], [848.15, 0.72], [848.16, 6.17], [848.17, 21.05], [848.18, 0.56], [848.19, 2.8], [848.2, 28.1], [848.21, 10.39], [848.22, 4.76], [848.23, 6.61]], "timestamp": "2025-12-19T18:37:40.346955+00:00"}, {"symbol": "BNBUSDT", "bids": [[847.93, 24.58], [847.92, 0.04], [847.9, 0.11], [847.89, 0.01], [847.88, 0.61], [847.87, 1.87], [847.86, 9.09], [847.85, 11.37], [847.84, 7.12], [847.83, 20.28], [847.82, 3.61], [847.81, 2.24], [847.8, 26.07], [847.79, 21.78], [847.78, 6.04], [847.77, 2.78], [847.76, 21.29], [847.75, 4.45], [847.74, 6.72], [847.73, 20.63]], "asks": [[847.94, 17.6], [847.96, 0.25], [847.97, 0.01], [847.98, 8.09], [847.99, 10.05], [848.0, 12.11], [848.01, 11.86], [848.02, 10.07], [848.03, 13.27], [848.04, 3.79], [848.05, 8.02], [848.06, 1.38], [848.07, 0.62], [848.08, 7.29], [848.09, 0.13], [848.1, 26.79], [848.11, 10.74], [848.12, 9.92], [848.13, 11.74], [848.14, 15.27]], "timestamp": "2025-12-19T18:38:33.392091+00:00"}, {"symbol": "BNBUSDT", "bids": [[848.2, 50.58], [848.19, 0.19], [848.18, 4.09], [848.17, 20.24], [848.16, 15.45], [848.15, 12.11], [848.14, 20.22], [848.13, 0.03], [848.12, 9.39], [848.11, 1.18], [848.1, 0.82], [848.09, 6.19], [848.08, 12.6], [848.07, 32.67], [848.06, 4.14], [848.05, 3.91], [848.04, 10.41], [848.03, 5.04], [848.02, 3.45], [848.01, 37.69]], "asks": [[848.21, 0.63], [848.22, 0.09], [848.23, 0.1], [848.24, 0.59], [848.27, 0.01], [848.28, 0.04], [848.29, 0.04], [848.31, 0.47], [848.32, 0.25], [848.34, 1.57], [848.35, 17.14], [848.36, 7.64], [848.37, 7.51], [848.38, 17.05], [848.39, 4.8], [848.4, 11.91], [848.41, 15.35], [848.42, 0.02], [848.43, 6.58], [848.44, 0.04]], "timestamp": "2025-12-19T18:39:26.742569+00:00"}, {"symbol": "BNBUSDT", "bids": [[848.12, 0.89], [848.11, 3.55], [848.1, 0.04], [848.08, 2.81], [848.04, 5.35], [848.03, 0.05], [848.02, 30.71], [848.01, 0.02], [848.0, 0.04], [847.99, 2.73], [847.98, 1.85], [847.97, 10.24], [847.96, 5.41], [847.95, 5.8], [847.94, 0.82], [847.93, 10.35], [847.92, 21.7], [847.91, 15.97], [847.9, 0.88], [847.89, 8.67]], "asks": [[848.13, 50.87], [848.14, 9.67], [848.15, 9.78], [848.16, 12.21], [848.17, 31.95], [848.18, 0.01], [848.19, 0.02], [848.2, 0.24], [848.21, 4.15], [848.23, 0.22], [848.24, 2.13], [848.25, 3.44], [848.26, 2.61], [848.27, 18.25], [848.28, 8.93], [848.29, 2.08], [848.3, 22.18], [848.31, 3.43], [848.32, 7.04], [848.33, 21.86]], "timestamp": "2025-12-19T18:40:19.583469+00:00"}, {"symbol": "BNBUSDT", "bids": [[848.05, 18.85], [848.04, 0.02], [848.01, 9.03], [848.0, 10.85], [847.99, 0.03], [847.98, 0.02], [847.97, 1.6], [847.96, 9.6], [847.95, 3.6], [847.94, 2.85], [847.93, 3.06], [847.92, 26.76], [847.91, 13.31], [847.89, 4.81], [847.88, 34.96], [847.87, 0.65], [847.86, 16.54], [847.85, 1.67], [847.84, 28.73], [847.83, 4.48]], "asks": [[848.06, 27.8], [848.07, 0.04], [848.08, 0.1], [848.09, 0.02], [848.1, 0.63], [848.11, 4.37], [848.12, 1.63], [848.13, 3.55], [848.14, 3.71], [848.16, 3.1], [848.17, 7.49], [848.18, 4.56], [848.19, 3.5], [848.2, 6.85], [848.21, 2.97], [848.22, 0.01], [848.23, 11.78], [848.24, 7.94], [848.25, 2.97], [848.26, 11.14]], "timestamp": "2025-12-19T18:41:13.342637+00:00"}, {"symbol": "BNBUSDT", "bids": [[848.05, 20.88], [848.04, 2.18], [848.01, 1.63], [848.0, 14.73], [847.99, 4.99], [847.98, 2.43], [847.97, 0.71], [847.96, 10.33], [847.95, 11.28], [847.94, 3.35], [847.93, 7.54], [847.92, 5.43], [847.91, 19.26], [847.9, 0.02], [847.89, 3.39], [847.88, 21.99], [847.87, 1.81], [847.86, 18.29], [847.85, 7.26], [847.84, 29.81]], "asks": [[848.06, 28.23], [848.07, 0.14], [848.08, 0.07], [848.09, 0.16], [848.1, 7.83], [848.11, 2.41], [848.12, 0.03], [848.14, 1.63], [848.15, 0.81], [848.16, 2.91], [848.17, 10.32], [848.18, 31.32], [848.19, 3.56], [848.2, 0.07], [848.21, 0.02], [848.22, 2.53], [848.23, 2.57], [848.24, 8.82], [848.25, 2.79], [848.26, 8.22]], "timestamp": "2025-12-19T18:42:06.181786+00:00"}, {"symbol": "BNBUSDT", "bids": [[848.53, 20.51], [848.52, 0.02], [848.49, 0.02], [848.48, 0.03], [848.47, 5.61], [848.46, 9.38], [848.45, 4.4], [848.44, 7.77], [848.43, 5.1], [848.42, 0.35], [848.4, 31.93], [848.39, 0.13], [848.38, 0.39], [848.37, 1.91], [848.36, 2.8], [848.35, 6.32], [848.34, 19.07], [848.33, 5.63], [848.32, 1.25], [848.31, 10.87]], "asks": [[848.54, 40.71], [848.55, 0.03], [848.56, 7.87], [848.57, 11.23], [848.58, 8.86], [848.59, 0.57], [848.6, 0.04], [848.61, 2.84], [848.62, 4.49], [848.63, 3.98], [848.64, 4.3], [848.65, 0.56], [848.66, 0.55], [848.67, 6.42], [848.68, 9.96], [848.69, 3.38], [848.7, 3.05], [848.71, 37.98], [848.72, 10.44], [848.73, 2.64]], "timestamp": "2025-12-19T18:42:59.225830+00:00"}, {"symbol": "BNBUSDT", "bids": [[848.5, 8.17], [848.49, 0.02], [848.48, 0.02], [848.46, 0.02], [848.45, 0.01], [848.44, 0.01], [848.43, 0.03], [848.42, 0.29], [848.41, 7.14], [848.4, 31.82], [848.39, 2.06], [848.38, 10.05], [848.36, 5.2], [848.35, 1.24], [848.34, 7.76], [848.33, 5.73], [848.32, 7.02], [848.31, 7.05], [848.3, 0.42], [848.29, 19.92]], "asks": [[848.51, 25.38], [848.52, 7.66], [848.53, 8.19], [848.54, 48.69], [848.55, 0.01], [848.56, 6.86], [848.57, 11.88], [848.58, 2.78], [848.59, 9.58], [848.6, 14.92], [848.61, 4.69], [848.62, 17.94], [848.63, 12.24], [848.64, 18.04], [848.65, 8.88], [848.66, 0.62], [848.67, 7.4], [848.68, 7.44], [848.69, 7.47], [848.7, 4.31]], "timestamp": "2025-12-19T18:43:52.372285+00:00"}, {"symbol": "BNBUSDT", "bids": [[848.56, 40.75], [848.55, 4.93], [848.54, 13.48], [848.53, 8.79], [848.52, 14.31], [848.51, 10.85], [848.5, 17.19], [848.49, 0.02], [848.48, 0.24], [848.47, 0.12], [848.46, 1.69], [848.45, 2.44], [848.44, 5.44], [848.43, 0.49], [848.42, 6.46], [848.41, 0.23], [848.4, 31.85], [848.39, 7.72], [848.38, 0.08], [848.37, 0.2]], "asks": [[848.57, 11.61], [848.58, 1.0], [848.59, 0.59], [848.6, 0.04], [848.61, 0.07], [848.62, 5.79], [848.64, 5.75], [848.65, 0.03], [848.66, 11.06], [848.67, 9.72], [848.68, 7.53], [848.69, 3.76], [848.7, 6.42], [848.71, 6.73], [848.72, 12.74], [848.73, 53.85], [848.74, 3.03], [848.75, 8.85], [848.76, 15.63], [848.77, 2.51]], "timestamp": "2025-12-19T18:44:45.416073+00:00"}, {"symbol": "BNBUSDT", "bids": [[848.24, 0.74], [848.23, 1.19], [848.22, 0.98], [848.21, 0.01], [848.2, 0.04], [848.19, 0.02], [848.18, 0.03], [848.16, 1.37], [848.15, 3.77], [848.14, 0.41], [848.13, 0.6], [848.12, 2.09], [848.11, 3.46], [848.1, 10.3], [848.09, 5.73], [848.08, 11.84], [848.07, 11.03], [848.06, 31.06], [848.05, 3.57], [848.04, 4.37]], "asks": [[848.25, 29.65], [848.26, 0.01], [848.27, 33.58], [848.28, 19.48], [848.29, 15.95], [848.3, 1.63], [848.31, 19.66], [848.32, 58.54], [848.33, 15.17], [848.34, 17.38], [848.35, 2.06], [848.36, 9.74], [848.37, 2.67], [848.38, 3.83], [848.39, 0.67], [848.4, 9.28], [848.41, 20.7], [848.42, 23.6], [848.43, 9.09], [848.44, 22.98]], "timestamp": "2025-12-19T18:45:39.571557+00:00"}, {"symbol": "BNBUSDT", "bids": [[847.81, 46.49], [847.8, 17.64], [847.79, 16.24], [847.78, 0.03], [847.76, 2.55], [847.75, 1.57], [847.74, 4.8], [847.73, 2.22], [847.72, 0.26], [847.71, 3.54], [847.7, 4.54], [847.69, 29.11], [847.68, 3.4], [847.67, 3.18], [847.66, 14.65], [847.65, 3.85], [847.64, 0.67], [847.63, 0.38], [847.62, 4.16], [847.61, 11.64]], "asks": [[847.82, 4.66], [847.84, 0.03], [847.87, 2.38], [847.88, 4.11], [847.89, 4.1], [847.9, 2.82], [847.91, 1.31], [847.92, 0.31], [847.93, 1.04], [847.94, 2.3], [847.95, 8.73], [847.96, 18.91], [847.97, 39.47], [847.98, 0.16], [847.99, 2.56], [848.0, 11.56], [848.01, 7.67], [848.02, 0.17], [848.03, 11.05], [848.04, 6.2]], "timestamp": "2025-12-19T18:46:32.425331+00:00"}, {"symbol": "BNBUSDT", "bids": [[857.26, 13.42], [857.25, 0.49], [857.24, 0.13], [857.23, 0.09], [857.22, 0.02], [857.2, 15.37], [857.19, 6.8], [857.18, 0.7], [857.17, 87.99], [857.16, 0.02], [857.15, 0.59], [857.14, 1.31], [857.13, 3.2], [857.12, 5.43], [857.11, 0.79], [857.1, 1.75], [857.09, 1.37], [857.08, 18.7], [857.07, 17.22], [857.06, 14.24]], "asks": [[857.27, 31.5], [857.28, 0.02], [857.29, 12.87], [857.3, 11.02], [857.31, 6.79], [857.32, 27.25], [857.33, 20.73], [857.34, 30.05], [857.35, 16.94], [857.36, 22.67], [857.37, 9.13], [857.38, 6.19], [857.39, 9.82], [857.4, 25.04], [857.41, 10.69], [857.42, 11.8], [857.43, 5.25], [857.44, 9.77], [857.45, 6.52], [857.46, 28.83]], "timestamp": "2025-12-19T22:12:40.196219+00:00"}, {"symbol": "BNBUSDT", "bids": [[856.38, 24.61], [856.37, 1.17], [856.36, 1.21], [856.35, 0.03], [856.34, 2.08], [856.33, 4.85], [856.32, 4.87], [856.31, 3.26], [856.29, 1.19], [856.28, 11.49], [856.27, 3.49], [856.26, 14.64], [856.25, 0.75], [856.24, 5.31], [856.23, 12.25], [856.22, 0.44], [856.21, 11.03], [856.2, 8.43], [856.19, 3.94], [856.18, 8.17]], "asks": [[856.39, 7.02], [856.4, 0.04], [856.41, 0.11], [856.42, 0.06], [856.43, 1.09], [856.44, 1.87], [856.47, 9.2], [856.48, 5.82], [856.49, 8.8], [856.5, 6.09], [856.51, 9.79], [856.52, 17.45], [856.53, 2.53], [856.54, 10.11], [856.55, 25.41], [856.56, 13.27], [856.57, 12.34], [856.58, 5.57], [856.59, 11.6], [856.6, 23.68]], "timestamp": "2025-12-19T22:13:33.638671+00:00"}, {"symbol": "BNBUSDT", "bids": [[856.37, 0.53], [856.36, 0.03], [856.34, 0.06], [856.33, 0.11], [856.32, 0.02], [856.29, 0.01], [856.28, 1.71], [856.27, 3.05], [856.26, 2.31], [856.25, 5.1], [856.24, 0.29], [856.23, 3.44], [856.22, 11.7], [856.21, 7.71], [856.2, 2.45], [856.19, 2.95], [856.18, 8.29], [856.17, 1.63], [856.16, 10.46], [856.15, 4.94]], "asks": [[856.38, 37.62], [856.39, 0.17], [856.4, 2.68], [856.41, 8.75], [856.42, 15.44], [856.43, 30.77], [856.44, 14.76], [856.45, 11.17], [856.46, 8.62], [856.47, 10.34], [856.48, 12.24], [856.49, 4.09], [856.5, 4.92], [856.51, 5.09], [856.52, 15.26], [856.53, 33.69], [856.54, 9.26], [856.55, 9.09], [856.56, 10.15], [856.57, 5.13]], "timestamp": "2025-12-19T22:14:27.205403+00:00"}, {"symbol": "BNBUSDT", "bids": [[857.05, 72.66], [857.04, 6.77], [857.03, 20.5], [857.02, 17.68], [857.01, 0.16], [857.0, 23.13], [856.99, 14.81], [856.98, 13.61], [856.97, 14.52], [856.96, 16.92], [856.95, 7.81], [856.94, 0.23], [856.93, 6.12], [856.92, 15.87], [856.91, 12.88], [856.9, 0.01], [856.88, 0.13], [856.87, 0.01], [856.86, 4.37], [856.85, 5.55]], "asks": [[857.06, 7.23], [857.07, 0.01], [857.08, 2.54], [857.1, 0.04], [857.12, 7.42], [857.13, 0.05], [857.14, 2.4], [857.15, 2.6], [857.16, 4.07], [857.17, 6.14], [857.18, 30.18], [857.19, 7.99], [857.2, 0.91], [857.21, 4.18], [857.22, 9.31], [857.23, 14.79], [857.24, 32.56], [857.25, 6.82], [857.26, 8.76], [857.27, 7.04]], "timestamp": "2025-12-19T22:15:20.964187+00:00"}, {"symbol": "BNBUSDT", "bids": [[856.48, 9.42], [856.47, 0.02], [856.46, 0.02], [856.44, 2.34], [856.42, 3.57], [856.41, 0.1], [856.4, 4.13], [856.39, 5.26], [856.38, 0.6], [856.37, 5.34], [856.36, 1.36], [856.35, 0.61], [856.34, 1.86], [856.33, 2.38], [856.32, 5.27], [856.31, 0.03], [856.3, 1.21], [856.29, 12.93], [856.28, 0.02], [856.27, 6.49]], "asks": [[856.49, 41.82], [856.5, 0.21], [856.51, 9.37], [856.52, 22.47], [856.53, 13.24], [856.54, 2.67], [856.55, 9.21], [856.56, 0.6], [856.57, 1.31], [856.58, 2.39], [856.59, 1.2], [856.6, 5.06], [856.61, 19.98], [856.62, 20.75], [856.63, 8.71], [856.64, 11.82], [856.65, 7.77], [856.66, 5.42], [856.67, 9.48], [856.68, 6.91]], "timestamp": "2025-12-19T22:16:14.520254+00:00"}, {"symbol": "BNBUSDT", "bids": [[856.42, 21.81], [856.41, 8.72], [856.4, 8.65], [856.39, 5.66], [856.38, 1.4], [856.37, 2.52], [856.36, 0.19], [856.35, 2.72], [856.34, 4.81], [856.33, 2.23], [856.32, 25.57], [856.31, 4.23], [856.3, 0.11], [856.29, 0.49], [856.28, 13.12], [856.27, 13.26], [856.26, 4.89], [856.25, 5.71], [856.24, 8.39], [856.23, 2.4]], "asks": [[856.43, 2.79], [856.44, 0.88], [856.46, 0.31], [856.48, 2.05], [856.5, 6.03], [856.51, 0.15], [856.52, 5.21], [856.53, 8.76], [856.54, 5.48], [856.55, 18.9], [856.56, 8.98], [856.57, 14.67], [856.58, 6.14], [856.59, 0.75], [856.6, 26.53], [856.61, 11.59], [856.62, 11.55], [856.63, 8.74], [856.64, 27.2], [856.65, 40.16]], "timestamp": "2025-12-19T22:17:10.534216+00:00"}, {"symbol": "BNBUSDT", "bids": [[856.38, 3.92], [856.36, 0.3], [856.35, 0.04], [856.34, 0.01], [856.32, 0.02], [856.31, 0.29], [856.3, 5.25], [856.29, 0.16], [856.28, 1.71], [856.27, 4.44], [856.26, 0.74], [856.25, 0.7], [856.24, 7.3], [856.23, 10.48], [856.22, 9.51], [856.21, 2.77], [856.2, 6.57], [856.19, 7.19], [856.18, 4.71], [856.17, 0.04]], "asks": [[856.39, 30.73], [856.4, 3.65], [856.41, 5.84], [856.42, 13.27], [856.43, 4.98], [856.44, 12.94], [856.45, 17.97], [856.46, 13.11], [856.47, 22.87], [856.48, 27.28], [856.49, 2.93], [856.5, 2.27], [856.51, 1.05], [856.52, 3.49], [856.53, 4.28], [856.54, 5.57], [856.55, 7.11], [856.56, 6.64], [856.57, 7.38], [856.58, 5.7]], "timestamp": "2025-12-19T22:18:06.633819+00:00"}, {"symbol": "BNBUSDT", "bids": [[856.56, 52.93], [856.55, 12.95], [856.54, 5.03], [856.53, 1.15], [856.52, 7.93], [856.51, 8.4], [856.5, 11.39], [856.49, 12.07], [856.48, 21.2], [856.47, 9.4], [856.46, 10.62], [856.45, 5.7], [856.44, 5.6], [856.43, 0.66], [856.42, 4.27], [856.41, 21.5], [856.4, 5.49], [856.39, 1.66], [856.38, 5.03], [856.37, 1.54]], "asks": [[856.57, 2.38], [856.58, 0.03], [856.59, 0.07], [856.6, 0.04], [856.61, 0.02], [856.63, 0.01], [856.64, 0.61], [856.65, 6.17], [856.66, 10.7], [856.67, 7.77], [856.68, 19.89], [856.69, 1.78], [856.7, 10.6], [856.71, 16.26], [856.72, 36.25], [856.73, 2.11], [856.74, 2.96], [856.75, 1.46], [856.76, 5.24], [856.77, 12.57]], "timestamp": "2025-12-19T22:18:59.590835+00:00"}, {"symbol": "BNBUSDT", "bids": [[856.56, 13.42], [856.55, 15.29], [856.54, 15.18], [856.53, 10.41], [856.52, 23.99], [856.51, 14.26], [856.5, 13.21], [856.49, 15.66], [856.48, 5.44], [856.47, 11.79], [856.46, 6.6], [856.45, 0.51], [856.44, 16.06], [856.43, 4.32], [856.42, 0.42], [856.41, 6.49], [856.4, 1.96], [856.39, 2.93], [856.38, 0.1], [856.37, 12.5]], "asks": [[856.57, 8.94], [856.58, 0.09], [856.6, 0.04], [856.61, 0.08], [856.62, 0.26], [856.63, 6.19], [856.64, 4.08], [856.65, 2.98], [856.66, 10.87], [856.67, 3.33], [856.68, 10.75], [856.69, 12.32], [856.7, 0.01], [856.71, 18.03], [856.72, 10.51], [856.73, 1.63], [856.74, 28.24], [856.75, 0.87], [856.76, 6.12], [856.77, 5.89]], "timestamp": "2025-12-19T22:19:54.066054+00:00"}, {"symbol": "BNBUSDT", "bids": [[856.64, 49.62], [856.63, 0.03], [856.6, 0.01], [856.59, 1.58], [856.58, 7.02], [856.57, 4.52], [856.56, 1.02], [856.55, 1.77], [856.54, 7.09], [856.53, 0.02], [856.52, 4.67], [856.51, 2.98], [856.5, 15.5], [856.49, 2.38], [856.48, 15.56], [856.47, 5.09], [856.46, 9.07], [856.45, 10.78], [856.44, 12.05], [856.43, 6.08]], "asks": [[856.65, 3.81], [856.66, 0.2], [856.67, 0.13], [856.68, 0.03], [856.7, 0.03], [856.72, 6.69], [856.73, 0.94], [856.74, 6.91], [856.75, 0.87], [856.76, 8.62], [856.77, 12.47], [856.79, 6.34], [856.8, 13.83], [856.81, 0.41], [856.82, 3.74], [856.83, 10.12], [856.84, 14.39], [856.85, 34.8], [856.86, 22.75], [856.87, 4.01]], "timestamp": "2025-12-19T22:20:46.992489+00:00"}, {"symbol": "BNBUSDT", "bids": [[856.78, 41.67], [856.77, 0.01], [856.76, 10.0], [856.75, 8.93], [856.74, 17.22], [856.73, 13.74], [856.72, 17.5], [856.71, 11.3], [856.7, 11.75], [856.69, 16.5], [856.68, 8.39], [856.67, 14.95], [856.66, 0.02], [856.64, 0.05], [856.63, 0.18], [856.62, 5.69], [856.61, 0.02], [856.6, 0.02], [856.59, 1.42], [856.58, 5.37]], "asks": [[856.79, 46.06], [856.8, 0.08], [856.81, 3.25], [856.82, 0.21], [856.83, 0.04], [856.84, 2.96], [856.86, 2.28], [856.87, 6.57], [856.88, 7.32], [856.89, 4.83], [856.9, 24.77], [856.91, 1.24], [856.92, 0.05], [856.93, 0.28], [856.94, 0.2], [856.95, 0.91], [856.96, 6.86], [856.97, 12.15], [856.98, 14.34], [857.0, 24.55]], "timestamp": "2025-12-19T22:21:39.396181+00:00"}, {"symbol": "BNBUSDT", "bids": [[856.47, 1.65], [856.46, 0.14], [856.45, 0.07], [856.44, 0.23], [856.4, 5.3], [856.39, 2.1], [856.38, 3.84], [856.37, 0.66], [856.36, 7.91], [856.35, 2.39], [856.34, 0.13], [856.33, 6.83], [856.32, 5.29], [856.31, 6.82], [856.3, 1.17], [856.29, 20.96], [856.28, 11.92], [856.27, 5.9], [856.26, 22.65], [856.25, 1.08]], "asks": [[856.48, 52.85], [856.49, 73.97], [856.5, 6.57], [856.51, 2.75], [856.52, 11.29], [856.53, 10.27], [856.54, 3.6], [856.55, 1.72], [856.56, 8.53], [856.57, 12.07], [856.58, 2.91], [856.59, 23.8], [856.6, 15.15], [856.61, 5.29], [856.62, 13.67], [856.63, 14.44], [856.64, 2.19], [856.65, 0.36], [856.66, 1.0], [856.67, 2.47]], "timestamp": "2025-12-19T22:22:31.764728+00:00"}, {"symbol": "BNBUSDT", "bids": [[856.67, 0.24], [856.66, 0.13], [856.65, 0.08], [856.64, 5.3], [856.61, 0.28], [856.6, 0.21], [856.59, 0.03], [856.58, 1.51], [856.57, 7.11], [856.56, 4.74], [856.55, 19.98], [856.54, 0.04], [856.53, 0.92], [856.52, 2.9], [856.51, 4.13], [856.5, 7.23], [856.49, 0.08], [856.48, 4.92], [856.47, 13.31], [856.46, 1.17]], "asks": [[856.68, 38.39], [856.69, 66.92], [856.7, 0.44], [856.71, 10.9], [856.72, 4.82], [856.73, 21.7], [856.74, 2.77], [856.75, 1.67], [856.76, 2.38], [856.77, 6.09], [856.78, 7.2], [856.79, 5.69], [856.8, 23.25], [856.81, 6.9], [856.82, 1.33], [856.83, 3.01], [856.84, 4.48], [856.85, 7.89], [856.86, 15.14], [856.87, 29.94]], "timestamp": "2025-12-19T22:23:25.130142+00:00"}, {"symbol": "BNBUSDT", "bids": [[856.48, 1.34], [856.47, 1.56], [856.46, 0.01], [856.45, 0.18], [856.44, 0.02], [856.43, 0.02], [856.41, 0.28], [856.4, 0.63], [856.39, 1.45], [856.38, 4.05], [856.37, 7.68], [856.36, 4.33], [856.35, 11.52], [856.34, 0.01], [856.33, 9.6], [856.32, 0.75], [856.31, 16.33], [856.3, 28.64], [856.29, 26.51], [856.28, 8.43]], "asks": [[856.49, 46.68], [856.5, 15.9], [856.51, 11.67], [856.52, 8.26], [856.53, 6.66], [856.54, 8.89], [856.55, 8.95], [856.56, 20.4], [856.57, 0.39], [856.58, 0.96], [856.59, 0.55], [856.6, 5.97], [856.61, 5.89], [856.62, 2.59], [856.63, 0.89], [856.64, 18.75], [856.65, 2.96], [856.66, 4.79], [856.67, 6.19], [856.68, 6.09]], "timestamp": "2025-12-19T22:24:18.988970+00:00"}, {"symbol": "BNBUSDT", "bids": [[856.28, 11.09], [856.27, 0.11], [856.25, 4.26], [856.24, 0.04], [856.23, 0.46], [856.21, 0.49], [856.2, 2.87], [856.19, 1.22], [856.18, 1.19], [856.17, 6.72], [856.16, 0.05], [856.15, 7.77], [856.14, 3.33], [856.13, 4.71], [856.12, 37.66], [856.11, 14.1], [856.1, 9.55], [856.09, 0.56], [856.08, 4.59], [856.07, 2.6]], "asks": [[856.29, 49.53], [856.3, 17.75], [856.31, 0.15], [856.32, 7.52], [856.33, 7.64], [856.35, 7.91], [856.36, 27.16], [856.37, 11.59], [856.38, 11.55], [856.39, 5.02], [856.4, 0.82], [856.41, 2.05], [856.42, 2.25], [856.43, 12.88], [856.44, 5.9], [856.45, 3.91], [856.46, 9.54], [856.47, 1.0], [856.48, 10.62], [856.49, 19.83]], "timestamp": "2025-12-19T22:25:12.774460+00:00"}, {"symbol": "BNBUSDT", "bids": [[856.68, 8.7], [856.67, 0.04], [856.66, 0.3], [856.64, 0.03], [856.62, 0.13], [856.61, 2.07], [856.6, 0.22], [856.59, 1.5], [856.58, 6.86], [856.57, 0.59], [856.56, 8.52], [856.55, 20.45], [856.54, 5.51], [856.52, 13.19], [856.51, 9.25], [856.5, 0.94], [856.49, 5.29], [856.48, 47.11], [856.47, 14.33], [856.46, 1.0]], "asks": [[856.69, 27.19], [856.7, 0.14], [856.71, 0.11], [856.72, 10.72], [856.73, 14.93], [856.74, 12.15], [856.75, 16.57], [856.76, 21.0], [856.77, 2.48], [856.78, 0.24], [856.79, 3.54], [856.8, 11.26], [856.81, 3.39], [856.82, 11.56], [856.83, 6.39], [856.84, 2.18], [856.85, 2.37], [856.86, 0.04], [856.87, 3.42], [856.88, 2.85]], "timestamp": "2025-12-19T22:26:05.251274+00:00"}, {"symbol": "BNBUSDT", "bids": [[856.81, 16.18], [856.8, 0.03], [856.79, 2.78], [856.77, 5.18], [856.76, 15.53], [856.75, 10.04], [856.74, 0.87], [856.73, 0.57], [856.72, 11.41], [856.71, 2.97], [856.7, 6.2], [856.69, 2.8], [856.68, 12.22], [856.67, 3.7], [856.65, 0.23], [856.64, 2.59], [856.63, 0.25], [856.62, 1.52], [856.61, 1.96], [856.6, 6.82]], "asks": [[856.82, 51.67], [856.83, 0.05], [856.84, 0.4], [856.85, 0.2], [856.87, 0.76], [856.88, 6.24], [856.89, 17.04], [856.9, 2.45], [856.91, 6.0], [856.92, 12.63], [856.93, 7.91], [856.94, 0.02], [856.95, 3.86], [856.96, 38.64], [856.97, 1.99], [856.98, 12.08], [856.99, 5.85], [857.0, 8.07], [857.01, 0.84], [857.02, 9.77]], "timestamp": "2025-12-19T22:26:58.606950+00:00"}, {"symbol": "BNBUSDT", "bids": [[856.73, 16.82], [856.72, 9.24], [856.71, 6.56], [856.68, 13.15], [856.67, 9.74], [856.66, 0.01], [856.65, 11.23], [856.64, 18.21], [856.63, 1.18], [856.62, 4.14], [856.61, 5.62], [856.6, 0.02], [856.59, 4.82], [856.58, 3.34], [856.57, 12.02], [856.56, 10.07], [856.55, 2.04], [856.54, 26.57], [856.53, 12.7], [856.52, 8.62]], "asks": [[856.74, 11.49], [856.76, 1.21], [856.77, 0.42], [856.78, 0.25], [856.79, 2.78], [856.8, 3.03], [856.81, 9.01], [856.82, 7.93], [856.83, 14.42], [856.84, 15.4], [856.85, 3.39], [856.86, 6.14], [856.87, 3.94], [856.88, 2.11], [856.89, 4.0], [856.9, 3.21], [856.91, 2.12], [856.92, 6.68], [856.93, 1.61], [856.94, 5.88]], "timestamp": "2025-12-19T22:27:51.464993+00:00"}, {"symbol": "BNBUSDT", "bids": [[856.56, 6.37], [856.54, 2.26], [856.53, 4.01], [856.52, 4.04], [856.51, 5.27], [856.5, 0.01], [856.49, 0.93], [856.48, 2.19], [856.47, 5.44], [856.46, 2.75], [856.45, 4.12], [856.44, 1.17], [856.43, 4.69], [856.42, 0.09], [856.41, 1.36], [856.4, 8.66], [856.39, 9.69], [856.38, 6.34], [856.37, 9.49], [856.36, 1.97]], "asks": [[856.57, 26.99], [856.58, 0.22], [856.6, 0.02], [856.61, 11.92], [856.62, 61.69], [856.63, 1.86], [856.64, 2.55], [856.65, 5.62], [856.66, 6.83], [856.67, 0.94], [856.68, 4.46], [856.69, 12.81], [856.7, 1.34], [856.71, 6.72], [856.72, 8.38], [856.73, 9.02], [856.74, 0.99], [856.75, 9.23], [856.76, 7.17], [856.77, 6.39]], "timestamp": "2025-12-19T22:28:44.913971+00:00"}, {"symbol": "BNBUSDT", "bids": [[856.64, 22.09], [856.63, 1.92], [856.62, 6.05], [856.61, 0.7], [856.6, 8.09], [856.59, 5.95], [856.58, 6.33], [856.57, 1.03], [856.56, 4.16], [856.55, 10.06], [856.54, 6.39], [856.53, 0.01], [856.52, 3.52], [856.51, 0.12], [856.5, 0.37], [856.49, 3.51], [856.48, 0.03], [856.47, 0.59], [856.46, 0.48], [856.45, 4.25]], "asks": [[856.65, 50.35], [856.66, 0.06], [856.67, 0.02], [856.68, 0.23], [856.69, 0.94], [856.71, 0.02], [856.72, 2.48], [856.73, 4.03], [856.74, 4.66], [856.75, 9.96], [856.76, 10.89], [856.77, 10.1], [856.78, 5.83], [856.8, 5.87], [856.81, 4.34], [856.82, 4.97], [856.83, 11.08], [856.84, 8.67], [856.85, 10.64], [856.86, 32.05]], "timestamp": "2025-12-19T22:29:38.776651+00:00"}, {"symbol": "BNBUSDT", "bids": [[856.56, 3.64], [856.55, 0.07], [856.54, 0.1], [856.53, 3.12], [856.52, 0.04], [856.51, 0.1], [856.5, 0.47], [856.49, 0.04], [856.48, 0.04], [856.47, 0.12], [856.46, 0.55], [856.45, 2.41], [856.44, 3.76], [856.43, 5.58], [856.42, 7.13], [856.41, 9.07], [856.4, 6.52], [856.39, 12.21], [856.38, 0.01], [856.37, 10.52]], "asks": [[856.57, 76.7], [856.58, 6.58], [856.59, 6.46], [856.6, 0.49], [856.61, 5.34], [856.63, 7.32], [856.64, 0.98], [856.65, 0.97], [856.66, 3.22], [856.67, 18.74], [856.68, 2.07], [856.69, 0.59], [856.7, 0.17], [856.71, 3.52], [856.72, 0.03], [856.73, 6.1], [856.74, 4.53], [856.75, 3.71], [856.76, 19.66], [856.77, 10.0]], "timestamp": "2025-12-19T22:30:33.050554+00:00"}, {"symbol": "BNBUSDT", "bids": [[856.25, 4.76], [856.24, 0.75], [856.2, 0.21], [856.19, 3.32], [856.18, 1.47], [856.17, 10.8], [856.16, 10.46], [856.15, 2.93], [856.14, 0.16], [856.13, 3.42], [856.12, 0.01], [856.11, 3.17], [856.09, 2.57], [856.08, 13.18], [856.07, 0.01], [856.06, 1.72], [856.05, 8.37], [856.04, 12.29], [856.03, 7.66], [856.02, 11.15]], "asks": [[856.26, 23.8], [856.27, 0.14], [856.28, 0.22], [856.3, 1.3], [856.31, 2.44], [856.32, 12.32], [856.33, 4.03], [856.34, 1.81], [856.35, 10.11], [856.36, 7.96], [856.37, 1.8], [856.38, 2.79], [856.39, 25.22], [856.4, 20.07], [856.41, 4.18], [856.42, 3.01], [856.43, 14.58], [856.44, 6.82], [856.45, 10.16], [856.46, 7.4]], "timestamp": "2025-12-19T22:31:26.811461+00:00"}, {"symbol": "BNBUSDT", "bids": [[856.4, 11.89], [856.39, 5.26], [856.38, 0.02], [856.36, 0.14], [856.35, 0.02], [856.34, 0.01], [856.33, 0.19], [856.32, 0.02], [856.31, 0.38], [856.3, 0.24], [856.29, 0.83], [856.28, 4.46], [856.27, 6.91], [856.26, 7.11], [856.25, 11.44], [856.24, 1.88], [856.23, 5.1], [856.22, 5.25], [856.21, 19.61], [856.2, 2.32]], "asks": [[856.41, 15.64], [856.42, 0.02], [856.43, 4.33], [856.44, 17.85], [856.45, 3.35], [856.46, 1.34], [856.47, 9.68], [856.48, 8.92], [856.49, 2.02], [856.5, 0.43], [856.51, 7.1], [856.52, 8.95], [856.53, 5.91], [856.54, 5.12], [856.55, 4.9], [856.56, 23.85], [856.57, 4.48], [856.58, 3.73], [856.59, 6.73], [856.6, 11.28]], "timestamp": "2025-12-19T22:32:20.274606+00:00"}, {"symbol": "BNBUSDT", "bids": [[856.66, 16.2], [856.65, 0.22], [856.64, 5.73], [856.63, 0.28], [856.62, 0.02], [856.6, 0.35], [856.59, 0.05], [856.57, 1.89], [856.56, 10.69], [856.55, 3.14], [856.54, 0.78], [856.53, 15.27], [856.52, 13.36], [856.51, 21.8], [856.5, 2.08], [856.49, 2.66], [856.48, 16.78], [856.47, 8.83], [856.46, 1.02], [856.45, 0.65]], "asks": [[856.67, 15.78], [856.68, 2.2], [856.69, 0.1], [856.71, 1.09], [856.72, 22.12], [856.73, 11.95], [856.74, 10.23], [856.75, 8.45], [856.76, 12.58], [856.77, 0.38], [856.78, 1.31], [856.79, 0.05], [856.8, 2.66], [856.81, 5.49], [856.82, 17.87], [856.83, 0.54], [856.84, 11.74], [856.85, 4.3], [856.86, 10.22], [856.87, 3.13]], "timestamp": "2025-12-19T22:33:13.515787+00:00"}, {"symbol": "BNBUSDT", "bids": [[856.68, 0.88], [856.67, 0.02], [856.66, 0.04], [856.65, 1.56], [856.64, 0.03], [856.63, 0.05], [856.6, 2.05], [856.59, 1.2], [856.58, 0.34], [856.57, 0.02], [856.56, 8.11], [856.55, 5.42], [856.54, 0.01], [856.53, 4.4], [856.52, 6.75], [856.51, 21.54], [856.5, 0.03], [856.49, 3.95], [856.48, 6.22], [856.47, 7.61]], "asks": [[856.69, 74.66], [856.7, 3.35], [856.71, 10.23], [856.72, 13.0], [856.73, 11.09], [856.74, 0.02], [856.75, 2.03], [856.76, 10.01], [856.77, 16.62], [856.78, 0.3], [856.79, 13.22], [856.8, 3.1], [856.81, 3.46], [856.82, 8.66], [856.83, 12.35], [856.84, 1.81], [856.85, 5.08], [856.86, 0.28], [856.87, 0.49], [856.88, 6.79]], "timestamp": "2025-12-19T22:34:07.172399+00:00"}, {"symbol": "BNBUSDT", "bids": [[856.38, 19.96], [856.37, 0.34], [856.36, 0.33], [856.35, 0.03], [856.34, 0.83], [856.32, 3.22], [856.31, 0.76], [856.3, 0.02], [856.29, 10.38], [856.28, 12.84], [856.27, 2.79], [856.26, 3.59], [856.25, 10.4], [856.24, 6.99], [856.23, 2.92], [856.22, 9.41], [856.21, 21.28], [856.2, 2.83], [856.19, 2.25], [856.18, 6.65]], "asks": [[856.39, 5.28], [856.4, 0.04], [856.42, 2.85], [856.43, 2.1], [856.44, 0.18], [856.45, 0.33], [856.46, 1.34], [856.47, 2.13], [856.48, 10.62], [856.49, 6.7], [856.5, 10.38], [856.51, 0.78], [856.52, 20.38], [856.53, 11.23], [856.54, 8.15], [856.55, 4.67], [856.56, 0.05], [856.57, 2.28], [856.58, 0.44], [856.59, 8.4]], "timestamp": "2025-12-19T22:35:02.462387+00:00"}, {"symbol": "BNBUSDT", "bids": [[856.43, 55.26], [856.42, 9.52], [856.41, 9.94], [856.4, 3.14], [856.39, 2.82], [856.38, 10.35], [856.37, 2.49], [856.36, 1.05], [856.35, 0.11], [856.34, 4.81], [856.33, 18.73], [856.32, 17.88], [856.31, 22.19], [856.3, 14.69], [856.29, 6.15], [856.28, 6.77], [856.27, 0.51], [856.26, 9.02], [856.25, 31.58], [856.24, 4.6]], "asks": [[856.44, 0.85], [856.45, 0.4], [856.48, 0.03], [856.5, 0.26], [856.51, 0.04], [856.52, 0.78], [856.53, 0.22], [856.54, 9.56], [856.55, 10.82], [856.56, 2.49], [856.57, 1.05], [856.58, 4.01], [856.59, 4.61], [856.6, 8.86], [856.61, 6.76], [856.62, 21.6], [856.63, 9.48], [856.64, 6.33], [856.65, 1.4], [856.66, 2.76]], "timestamp": "2025-12-19T22:35:56.229358+00:00"}, {"symbol": "BNBUSDT", "bids": [[856.41, 0.72], [856.4, 0.2], [856.39, 0.15], [856.37, 5.42], [856.36, 0.02], [856.35, 1.0], [856.34, 0.01], [856.32, 0.03], [856.31, 0.32], [856.3, 0.03], [856.29, 2.11], [856.28, 2.52], [856.27, 2.57], [856.26, 6.44], [856.25, 7.28], [856.24, 6.67], [856.23, 1.21], [856.22, 9.41], [856.21, 19.29], [856.2, 3.55]], "asks": [[856.42, 52.57], [856.43, 6.21], [856.44, 8.61], [856.45, 6.13], [856.46, 19.9], [856.47, 4.64], [856.48, 0.81], [856.49, 0.37], [856.5, 2.46], [856.51, 5.34], [856.52, 4.71], [856.53, 0.48], [856.54, 3.35], [856.55, 8.72], [856.56, 0.65], [856.57, 5.32], [856.58, 2.9], [856.59, 3.46], [856.6, 8.61], [856.61, 3.38]], "timestamp": "2025-12-19T22:36:49.888068+00:00"}, {"symbol": "BNBUSDT", "bids": [[856.69, 32.26], [856.68, 1.39], [856.67, 3.42], [856.66, 0.88], [856.64, 0.01], [856.63, 6.17], [856.62, 1.68], [856.61, 16.43], [856.6, 1.82], [856.59, 3.82], [856.58, 0.5], [856.57, 1.94], [856.56, 8.74], [856.55, 6.2], [856.54, 7.32], [856.53, 7.35], [856.52, 10.36], [856.51, 7.94], [856.5, 5.91], [856.49, 30.6]], "asks": [[856.7, 0.35], [856.71, 1.96], [856.72, 0.05], [856.73, 0.13], [856.74, 0.54], [856.76, 4.25], [856.77, 1.57], [856.78, 3.47], [856.79, 1.19], [856.8, 7.75], [856.81, 3.62], [856.82, 8.34], [856.83, 20.93], [856.84, 13.19], [856.85, 14.72], [856.86, 9.23], [856.87, 3.31], [856.88, 36.76], [856.89, 14.08], [856.9, 6.86]], "timestamp": "2025-12-19T22:37:43.546437+00:00"}, {"symbol": "BNBUSDT", "bids": [[857.17, 17.68], [857.16, 0.95], [857.15, 0.3], [857.14, 0.04], [857.13, 0.3], [857.12, 1.12], [857.11, 1.84], [857.1, 9.98], [857.09, 1.98], [857.08, 5.76], [857.07, 12.55], [857.06, 4.03], [857.05, 21.23], [857.04, 3.52], [857.03, 9.89], [857.02, 7.7], [857.01, 3.5], [857.0, 0.42], [856.99, 0.02], [856.98, 2.27]], "asks": [[857.18, 0.37], [857.2, 0.03], [857.24, 0.49], [857.25, 5.75], [857.26, 21.53], [857.27, 11.76], [857.28, 0.58], [857.29, 0.42], [857.3, 1.46], [857.31, 5.56], [857.32, 2.37], [857.33, 11.28], [857.34, 5.9], [857.35, 15.53], [857.36, 21.33], [857.37, 16.56], [857.38, 1.73], [857.39, 2.78], [857.4, 86.58], [857.41, 0.73]], "timestamp": "2025-12-19T22:38:38.330599+00:00"}, {"symbol": "BNBUSDT", "bids": [[856.69, 11.12], [856.68, 1.06], [856.67, 0.81], [856.66, 0.89], [856.65, 0.3], [856.64, 3.91], [856.63, 6.72], [856.62, 3.43], [856.61, 6.74], [856.6, 9.41], [856.59, 6.37], [856.58, 2.76], [856.57, 6.6], [856.56, 12.04], [856.55, 5.34], [856.54, 13.33], [856.53, 11.42], [856.52, 11.69], [856.51, 0.38], [856.5, 3.29]], "asks": [[856.7, 9.58], [856.71, 0.02], [856.72, 0.3], [856.76, 0.2], [856.77, 8.05], [856.78, 9.33], [856.79, 0.92], [856.8, 6.24], [856.81, 1.66], [856.82, 1.06], [856.83, 7.59], [856.84, 0.76], [856.85, 6.01], [856.86, 7.56], [856.87, 0.16], [856.88, 6.34], [856.89, 19.58], [856.9, 1.13], [856.91, 4.02], [856.92, 3.74]], "timestamp": "2025-12-19T22:39:31.887149+00:00"}, {"symbol": "BNBUSDT", "bids": [[856.84, 1.34], [856.83, 0.27], [856.82, 5.26], [856.81, 0.84], [856.8, 1.25], [856.78, 0.91], [856.76, 6.15], [856.75, 2.41], [856.74, 5.65], [856.73, 2.03], [856.72, 2.16], [856.71, 1.86], [856.7, 0.02], [856.69, 1.98], [856.68, 11.23], [856.67, 5.83], [856.66, 0.89], [856.65, 3.69], [856.64, 4.09], [856.63, 4.48]], "asks": [[856.85, 91.56], [856.86, 1.04], [856.87, 2.26], [856.88, 0.45], [856.89, 0.48], [856.9, 2.18], [856.91, 0.16], [856.92, 5.1], [856.93, 25.05], [856.94, 0.01], [856.95, 1.04], [856.96, 5.36], [856.97, 3.47], [856.98, 0.2], [857.0, 7.49], [857.01, 1.16], [857.02, 28.41], [857.03, 6.22], [857.04, 9.52], [857.05, 15.12]], "timestamp": "2025-12-19T22:40:25.340199+00:00"}, {"symbol": "BNBUSDT", "bids": [[857.22, 11.55], [857.21, 1.3], [857.2, 1.32], [857.19, 0.88], [857.17, 0.34], [857.16, 5.0], [857.15, 0.6], [857.14, 0.01], [857.13, 0.03], [857.12, 6.07], [857.11, 5.55], [857.1, 0.62], [857.09, 3.51], [857.08, 11.06], [857.07, 11.77], [857.06, 12.5], [857.05, 7.13], [857.04, 4.36], [857.03, 32.17], [857.02, 15.81]], "asks": [[857.23, 8.76], [857.24, 0.29], [857.25, 0.01], [857.26, 0.28], [857.27, 0.03], [857.28, 0.31], [857.29, 2.41], [857.3, 11.87], [857.31, 0.03], [857.32, 6.8], [857.33, 4.87], [857.34, 21.91], [857.35, 1.01], [857.36, 0.72], [857.37, 21.71], [857.38, 0.04], [857.39, 5.57], [857.4, 81.86], [857.41, 3.27], [857.42, 13.43]], "timestamp": "2025-12-19T22:41:18.467517+00:00"}, {"symbol": "BNBUSDT", "bids": [[857.09, 19.59], [857.08, 45.47], [857.07, 2.18], [857.06, 6.35], [857.05, 0.13], [857.04, 0.54], [857.03, 7.59], [857.02, 14.2], [857.01, 0.01], [857.0, 67.67], [856.99, 6.69], [856.98, 14.68], [856.97, 3.72], [856.96, 5.71], [856.95, 0.01], [856.94, 1.17], [856.93, 12.08], [856.92, 6.27], [856.91, 4.83], [856.9, 3.11]], "asks": [[857.1, 0.92], [857.11, 0.03], [857.12, 0.21], [857.13, 0.55], [857.14, 0.19], [857.16, 1.51], [857.17, 5.42], [857.18, 0.53], [857.19, 2.44], [857.2, 0.32], [857.21, 4.63], [857.22, 4.7], [857.23, 14.27], [857.24, 13.43], [857.25, 1.63], [857.26, 0.29], [857.27, 8.51], [857.28, 8.49], [857.29, 17.27], [857.3, 2.68]], "timestamp": "2025-12-19T22:42:10.870859+00:00"}, {"symbol": "BNBUSDT", "bids": [[857.26, 0.47], [857.24, 0.42], [857.23, 0.01], [857.21, 0.01], [857.2, 0.03], [857.19, 2.32], [857.18, 1.13], [857.17, 12.19], [857.16, 6.59], [857.15, 2.98], [857.14, 0.01], [857.13, 0.01], [857.12, 8.58], [857.11, 0.8], [857.1, 1.54], [857.09, 13.77], [857.08, 40.22], [857.07, 7.87], [857.06, 8.61], [857.05, 0.48]], "asks": [[857.27, 89.68], [857.28, 9.3], [857.29, 41.88], [857.3, 16.84], [857.31, 0.42], [857.32, 2.05], [857.33, 5.26], [857.34, 0.11], [857.35, 2.08], [857.36, 5.21], [857.37, 10.99], [857.38, 26.04], [857.39, 15.76], [857.4, 90.31], [857.41, 7.76], [857.42, 30.68], [857.43, 18.02], [857.44, 21.25], [857.45, 11.17], [857.46, 3.5]], "timestamp": "2025-12-19T22:43:04.061478+00:00"}, {"symbol": "BNBUSDT", "bids": [[857.13, 1.5], [857.12, 0.62], [857.11, 0.33], [857.09, 4.6], [857.08, 32.62], [857.07, 2.19], [857.06, 7.86], [857.05, 0.05], [857.04, 3.39], [857.03, 8.49], [857.02, 17.32], [857.01, 27.18], [857.0, 68.52], [856.99, 1.63], [856.98, 0.06], [856.97, 0.06], [856.96, 1.22], [856.94, 0.17], [856.93, 1.49], [856.92, 1.93]], "asks": [[857.14, 11.08], [857.15, 8.16], [857.16, 0.62], [857.17, 35.83], [857.18, 0.13], [857.19, 0.63], [857.2, 8.06], [857.21, 13.02], [857.22, 11.5], [857.23, 6.4], [857.24, 12.76], [857.25, 15.39], [857.26, 0.51], [857.27, 7.73], [857.28, 5.83], [857.29, 9.58], [857.3, 0.11], [857.31, 16.2], [857.32, 9.65], [857.33, 6.4]], "timestamp": "2025-12-19T22:43:57.619575+00:00"}, {"symbol": "BNBUSDT", "bids": [[857.27, 1.78], [857.25, 0.4], [857.23, 1.4], [857.22, 5.51], [857.21, 9.26], [857.2, 0.28], [857.19, 0.63], [857.18, 4.31], [857.17, 2.54], [857.16, 0.35], [857.15, 4.41], [857.14, 9.27], [857.13, 6.31], [857.12, 6.02], [857.11, 6.52], [857.1, 8.81], [857.09, 9.75], [857.08, 8.17], [857.07, 12.35], [857.06, 8.35]], "asks": [[857.28, 28.6], [857.29, 2.62], [857.3, 12.41], [857.31, 0.87], [857.32, 2.2], [857.33, 0.27], [857.34, 1.86], [857.35, 10.21], [857.36, 0.96], [857.37, 6.36], [857.38, 4.72], [857.39, 16.62], [857.4, 89.22], [857.41, 4.58], [857.42, 3.96], [857.43, 13.88], [857.44, 9.21], [857.45, 18.69], [857.46, 2.31], [857.47, 3.62]], "timestamp": "2025-12-19T22:44:50.752033+00:00"}, {"symbol": "BNBUSDT", "bids": [[857.24, 23.86], [857.23, 6.0], [857.22, 0.48], [857.21, 0.01], [857.2, 0.14], [857.19, 1.17], [857.18, 0.27], [857.17, 2.79], [857.16, 6.74], [857.15, 7.98], [857.14, 8.91], [857.13, 6.66], [857.12, 7.31], [857.11, 11.56], [857.1, 5.59], [857.09, 12.99], [857.08, 10.06], [857.07, 19.65], [857.06, 9.12], [857.05, 20.82]], "asks": [[857.25, 3.11], [857.27, 0.01], [857.28, 0.53], [857.29, 2.19], [857.31, 0.02], [857.32, 2.91], [857.33, 0.91], [857.34, 5.98], [857.35, 9.23], [857.36, 2.55], [857.37, 19.16], [857.38, 2.72], [857.39, 16.37], [857.4, 88.15], [857.41, 31.01], [857.42, 2.09], [857.43, 5.78], [857.44, 1.04], [857.45, 5.33], [857.46, 0.05]], "timestamp": "2025-12-19T22:45:44.313001+00:00"}, {"symbol": "BNBUSDT", "bids": [[857.38, 11.04], [857.37, 0.58], [857.36, 0.14], [857.35, 0.02], [857.34, 0.03], [857.33, 0.15], [857.32, 6.57], [857.31, 0.84], [857.3, 0.62], [857.28, 16.19], [857.27, 33.17], [857.26, 8.3], [857.25, 2.37], [857.24, 5.45], [857.23, 1.91], [857.21, 3.04], [857.2, 0.59], [857.19, 3.45], [857.18, 8.66], [857.17, 0.89]], "asks": [[857.39, 62.94], [857.4, 86.21], [857.41, 27.93], [857.42, 2.42], [857.43, 0.98], [857.44, 3.57], [857.45, 5.09], [857.46, 4.22], [857.47, 1.37], [857.48, 0.28], [857.49, 9.67], [857.5, 5.04], [857.51, 20.19], [857.52, 5.32], [857.53, 0.22], [857.54, 3.02], [857.55, 5.31], [857.56, 7.2], [857.57, 6.82], [857.58, 10.43]], "timestamp": "2025-12-19T22:46:37.670286+00:00"}, {"symbol": "BNBUSDT", "bids": [[857.17, 38.92], [857.16, 0.21], [857.15, 2.42], [857.14, 13.1], [857.13, 0.31], [857.12, 0.01], [857.11, 9.02], [857.1, 24.92], [857.09, 0.13], [857.08, 5.07], [857.07, 2.67], [857.06, 8.17], [857.05, 8.7], [857.04, 20.22], [857.03, 16.88], [857.02, 2.95], [857.01, 7.59], [857.0, 6.2], [856.99, 0.26], [856.98, 22.93]], "asks": [[857.18, 0.3], [857.19, 0.02], [857.2, 0.03], [857.22, 0.05], [857.24, 0.06], [857.25, 1.78], [857.27, 0.46], [857.28, 5.37], [857.29, 2.8], [857.3, 16.82], [857.31, 4.85], [857.32, 8.15], [857.33, 13.22], [857.34, 9.84], [857.35, 7.31], [857.36, 55.94], [857.37, 8.21], [857.38, 2.5], [857.39, 55.04], [857.4, 80.85]], "timestamp": "2025-12-19T22:47:31.020783+00:00"}, {"symbol": "BNBUSDT", "bids": [[856.84, 11.18], [856.83, 0.27], [856.82, 2.02], [856.81, 2.72], [856.8, 5.87], [856.79, 5.09], [856.78, 4.07], [856.77, 9.17], [856.76, 6.99], [856.75, 31.44], [856.74, 3.47], [856.73, 3.84], [856.72, 7.74], [856.71, 7.5], [856.7, 6.55], [856.69, 6.6], [856.68, 13.72], [856.67, 30.74], [856.66, 0.02], [856.65, 1.04]], "asks": [[856.85, 0.96], [856.88, 0.01], [856.91, 0.4], [856.92, 15.89], [856.93, 7.3], [856.94, 0.52], [856.95, 9.81], [856.96, 5.72], [856.97, 3.95], [856.98, 14.14], [856.99, 14.54], [857.0, 8.51], [857.01, 42.73], [857.02, 0.02], [857.03, 0.04], [857.04, 6.1], [857.05, 5.35], [857.06, 20.56], [857.07, 0.2], [857.08, 6.71]], "timestamp": "2025-12-19T22:48:24.371543+00:00"}, {"symbol": "BNBUSDT", "bids": [[856.77, 2.19], [856.76, 1.68], [856.75, 0.09], [856.74, 5.26], [856.73, 0.41], [856.72, 1.68], [856.7, 4.04], [856.69, 0.03], [856.68, 5.41], [856.67, 1.43], [856.66, 3.51], [856.65, 2.14], [856.64, 5.7], [856.63, 10.02], [856.62, 1.64], [856.61, 7.67], [856.6, 11.29], [856.59, 2.78], [856.58, 2.47], [856.57, 10.38]], "asks": [[856.78, 7.69], [856.8, 0.26], [856.81, 23.56], [856.82, 5.26], [856.83, 0.21], [856.84, 7.91], [856.85, 23.67], [856.86, 0.01], [856.87, 0.43], [856.88, 15.66], [856.89, 11.03], [856.9, 6.28], [856.91, 0.72], [856.92, 42.03], [856.93, 0.09], [856.94, 5.38], [856.95, 3.52], [856.96, 3.91], [856.97, 0.04], [856.98, 10.03]], "timestamp": "2025-12-19T22:49:18.440200+00:00"}, {"symbol": "BNBUSDT", "bids": [[856.8, 1.62], [856.79, 0.13], [856.78, 0.3], [856.76, 0.15], [856.75, 0.49], [856.74, 0.02], [856.72, 8.97], [856.71, 12.6], [856.7, 4.92], [856.69, 2.66], [856.68, 6.47], [856.67, 2.4], [856.66, 0.01], [856.65, 1.41], [856.64, 7.78], [856.63, 10.78], [856.62, 2.02], [856.61, 8.63], [856.6, 4.46], [856.59, 9.69]], "asks": [[856.81, 16.25], [856.82, 0.01], [856.83, 0.07], [856.84, 0.01], [856.86, 0.22], [856.87, 2.25], [856.88, 17.93], [856.89, 13.18], [856.9, 2.59], [856.91, 9.89], [856.92, 6.47], [856.93, 1.0], [856.94, 7.43], [856.95, 13.91], [856.96, 7.47], [856.97, 9.23], [856.98, 14.71], [856.99, 0.41], [857.0, 36.85], [857.01, 0.08]], "timestamp": "2025-12-19T22:50:11.482547+00:00"}, {"symbol": "BNBUSDT", "bids": [[856.97, 16.22], [856.96, 0.3], [856.95, 1.27], [856.94, 3.25], [856.93, 3.29], [856.92, 15.74], [856.91, 0.34], [856.9, 1.61], [856.89, 2.58], [856.88, 10.23], [856.87, 2.36], [856.86, 7.39], [856.85, 5.11], [856.84, 0.67], [856.83, 2.4], [856.82, 5.18], [856.81, 2.5], [856.8, 26.87], [856.79, 0.72], [856.78, 1.77]], "asks": [[856.98, 2.77], [856.99, 0.02], [857.0, 0.24], [857.01, 0.07], [857.02, 0.07], [857.03, 0.89], [857.04, 0.28], [857.05, 16.11], [857.06, 0.01], [857.07, 0.27], [857.08, 19.47], [857.09, 0.59], [857.1, 3.0], [857.11, 7.4], [857.12, 34.67], [857.13, 7.49], [857.14, 1.04], [857.15, 34.42], [857.16, 7.58], [857.17, 7.35]], "timestamp": "2025-12-19T22:51:05.345656+00:00"}, {"symbol": "BNBUSDT", "bids": [[857.17, 12.9], [857.16, 0.17], [857.15, 1.61], [857.14, 0.03], [857.12, 0.01], [857.11, 0.18], [857.1, 1.74], [857.09, 5.92], [857.08, 7.14], [857.07, 1.25], [857.06, 0.03], [857.05, 0.28], [857.04, 18.4], [857.03, 3.01], [857.02, 0.68], [857.01, 11.64], [857.0, 23.54], [856.99, 5.01], [856.98, 4.82], [856.97, 4.92]], "asks": [[857.18, 54.99], [857.19, 0.72], [857.2, 0.13], [857.21, 21.44], [857.22, 0.05], [857.23, 3.65], [857.24, 17.54], [857.25, 24.13], [857.26, 5.67], [857.27, 0.95], [857.28, 16.43], [857.29, 2.56], [857.3, 4.34], [857.31, 5.35], [857.32, 24.48], [857.33, 6.41], [857.34, 4.02], [857.35, 14.59], [857.36, 1.49], [857.37, 8.51]], "timestamp": "2025-12-19T22:51:59.208854+00:00"}, {"symbol": "BNBUSDT", "bids": [[856.96, 0.08], [856.95, 0.02], [856.93, 0.02], [856.92, 1.41], [856.91, 0.03], [856.9, 0.46], [856.89, 0.61], [856.88, 5.44], [856.87, 5.27], [856.86, 9.16], [856.85, 0.57], [856.84, 5.41], [856.83, 14.49], [856.82, 2.97], [856.81, 7.74], [856.8, 11.49], [856.79, 11.57], [856.78, 8.91], [856.77, 3.23], [856.76, 14.25]], "asks": [[856.97, 96.85], [856.98, 2.12], [856.99, 2.84], [857.0, 0.42], [857.01, 9.31], [857.02, 1.5], [857.03, 0.94], [857.04, 5.41], [857.05, 39.27], [857.06, 0.22], [857.07, 0.01], [857.08, 9.14], [857.09, 12.21], [857.1, 11.99], [857.11, 0.02], [857.12, 22.53], [857.13, 3.33], [857.14, 6.66], [857.15, 7.83], [857.16, 17.68]], "timestamp": "2025-12-19T22:52:52.763836+00:00"}, {"symbol": "BNBUSDT", "bids": [[856.87, 9.37], [856.86, 0.14], [856.85, 0.15], [856.84, 0.01], [856.83, 1.74], [856.82, 3.5], [856.81, 0.28], [856.8, 7.56], [856.79, 1.49], [856.78, 5.96], [856.77, 8.1], [856.76, 8.27], [856.75, 3.93], [856.74, 27.75], [856.73, 0.01], [856.72, 4.09], [856.71, 0.42], [856.7, 2.47], [856.69, 1.48], [856.68, 12.77]], "asks": [[856.88, 16.53], [856.89, 2.01], [856.9, 0.02], [856.92, 3.3], [856.93, 6.07], [856.94, 7.52], [856.96, 10.53], [856.97, 6.99], [856.98, 0.1], [856.99, 0.55], [857.0, 4.19], [857.01, 3.56], [857.02, 3.52], [857.03, 2.34], [857.04, 20.9], [857.05, 32.81], [857.06, 10.23], [857.07, 5.89], [857.08, 3.59], [857.09, 8.56]], "timestamp": "2025-12-19T22:53:46.511785+00:00"}, {"symbol": "BNBUSDT", "bids": [[856.87, 5.59], [856.86, 0.66], [856.85, 0.22], [856.84, 0.01], [856.83, 0.03], [856.82, 0.28], [856.81, 0.02], [856.8, 5.16], [856.79, 5.0], [856.78, 8.36], [856.77, 2.78], [856.76, 0.09], [856.75, 7.2], [856.74, 30.92], [856.73, 0.01], [856.72, 7.74], [856.71, 0.42], [856.7, 8.04], [856.69, 7.78], [856.68, 19.09]], "asks": [[856.88, 16.03], [856.89, 0.04], [856.92, 0.78], [856.93, 1.8], [856.94, 10.35], [856.95, 0.84], [856.96, 3.87], [856.97, 9.02], [856.98, 14.15], [856.99, 0.68], [857.0, 12.09], [857.01, 8.07], [857.02, 13.4], [857.03, 8.47], [857.04, 21.91], [857.05, 36.24], [857.06, 1.01], [857.07, 2.39], [857.08, 2.59], [857.09, 8.57]], "timestamp": "2025-12-19T22:54:40.182590+00:00"}, {"symbol": "BNBUSDT", "bids": [[856.81, 20.6], [856.8, 1.86], [856.79, 4.15], [856.78, 0.96], [856.77, 1.92], [856.76, 2.0], [856.75, 2.59], [856.74, 0.38], [856.73, 2.86], [856.72, 7.69], [856.71, 0.97], [856.7, 0.84], [856.69, 7.38], [856.68, 10.82], [856.67, 2.33], [856.66, 7.16], [856.64, 9.06], [856.63, 0.83], [856.62, 1.58], [856.61, 6.59]], "asks": [[856.82, 9.87], [856.83, 2.33], [856.84, 0.08], [856.85, 0.09], [856.86, 0.04], [856.87, 0.62], [856.88, 0.01], [856.89, 0.9], [856.9, 5.38], [856.91, 0.28], [856.92, 13.31], [856.93, 4.58], [856.94, 6.65], [856.95, 6.76], [856.96, 13.68], [856.97, 4.59], [856.98, 10.32], [856.99, 18.72], [857.0, 41.56], [857.01, 1.97]], "timestamp": "2025-12-19T22:55:33.924692+00:00"}, {"symbol": "BNBUSDT", "bids": [[856.81, 2.37], [856.8, 1.89], [856.79, 0.67], [856.78, 0.24], [856.77, 5.29], [856.76, 1.01], [856.75, 3.68], [856.74, 0.09], [856.73, 0.63], [856.72, 0.31], [856.71, 4.59], [856.7, 0.16], [856.69, 6.32], [856.68, 4.31], [856.67, 1.46], [856.66, 5.41], [856.65, 1.61], [856.64, 3.66], [856.63, 1.51], [856.62, 1.58]], "asks": [[856.82, 53.99], [856.83, 10.76], [856.84, 0.29], [856.85, 0.47], [856.86, 0.27], [856.87, 10.98], [856.88, 6.38], [856.89, 18.74], [856.9, 9.26], [856.91, 6.74], [856.92, 0.59], [856.93, 14.82], [856.94, 6.43], [856.95, 14.94], [856.96, 23.51], [856.97, 17.82], [856.98, 8.19], [856.99, 13.41], [857.0, 41.65], [857.01, 5.26]], "timestamp": "2025-12-19T22:56:26.473873+00:00"}, {"symbol": "BNBUSDT", "bids": [[856.52, 17.51], [856.51, 0.41], [856.5, 1.16], [856.49, 0.72], [856.48, 0.02], [856.46, 3.52], [856.45, 0.05], [856.44, 3.27], [856.43, 1.25], [856.42, 2.42], [856.41, 5.25], [856.4, 4.76], [856.39, 10.21], [856.38, 14.65], [856.37, 12.38], [856.36, 5.04], [856.35, 14.39], [856.34, 7.02], [856.33, 17.1], [856.32, 10.6]], "asks": [[856.53, 14.83], [856.54, 0.02], [856.55, 0.02], [856.56, 0.13], [856.57, 0.02], [856.58, 0.01], [856.59, 5.25], [856.6, 0.02], [856.61, 12.06], [856.62, 13.98], [856.63, 10.08], [856.64, 38.52], [856.65, 8.12], [856.66, 8.7], [856.67, 10.76], [856.68, 11.48], [856.69, 4.14], [856.7, 0.44], [856.71, 3.92], [856.72, 11.68]], "timestamp": "2025-12-19T22:57:19.518390+00:00"}, {"symbol": "BNBUSDT", "bids": [[856.52, 25.37], [856.51, 0.93], [856.5, 1.51], [856.49, 0.26], [856.48, 3.57], [856.47, 6.96], [856.46, 0.66], [856.45, 0.05], [856.44, 0.57], [856.43, 1.69], [856.42, 1.39], [856.41, 4.38], [856.4, 10.12], [856.39, 0.02], [856.38, 11.4], [856.37, 8.59], [856.36, 9.41], [856.35, 6.54], [856.34, 6.19], [856.33, 22.1]], "asks": [[856.53, 9.23], [856.54, 0.02], [856.56, 6.04], [856.57, 0.02], [856.58, 0.22], [856.59, 3.52], [856.6, 13.41], [856.61, 3.93], [856.62, 3.93], [856.63, 8.55], [856.64, 14.59], [856.65, 0.85], [856.66, 4.51], [856.67, 13.38], [856.68, 8.38], [856.69, 12.11], [856.7, 0.19], [856.71, 13.79], [856.72, 42.47], [856.73, 12.02]], "timestamp": "2025-12-19T22:58:12.253706+00:00"}, {"symbol": "BNBUSDT", "bids": [[856.61, 7.28], [856.6, 0.35], [856.59, 5.41], [856.58, 0.13], [856.56, 1.39], [856.55, 2.03], [856.54, 0.01], [856.53, 0.02], [856.52, 8.48], [856.51, 3.82], [856.5, 2.34], [856.49, 5.52], [856.48, 0.02], [856.47, 7.36], [856.46, 2.33], [856.45, 1.7], [856.44, 12.32], [856.43, 0.94], [856.42, 6.58], [856.41, 1.5]], "asks": [[856.62, 56.57], [856.63, 0.08], [856.64, 2.39], [856.65, 0.25], [856.66, 0.67], [856.67, 8.14], [856.68, 2.23], [856.69, 8.08], [856.7, 34.36], [856.71, 2.12], [856.72, 7.04], [856.73, 4.42], [856.74, 0.02], [856.75, 0.31], [856.76, 4.07], [856.77, 2.09], [856.78, 0.01], [856.79, 8.24], [856.8, 17.64], [856.81, 30.13]], "timestamp": "2025-12-19T22:59:04.785808+00:00"}, {"symbol": "BNBUSDT", "bids": [[856.81, 11.49], [856.8, 1.06], [856.79, 0.2], [856.78, 0.02], [856.77, 0.02], [856.76, 0.27], [856.75, 0.03], [856.74, 3.46], [856.73, 21.75], [856.72, 5.24], [856.71, 3.42], [856.7, 0.42], [856.69, 22.19], [856.68, 2.81], [856.67, 9.96], [856.66, 0.28], [856.65, 3.79], [856.64, 9.78], [856.63, 6.77], [856.62, 0.38]], "asks": [[856.82, 53.89], [856.83, 0.01], [856.84, 0.39], [856.86, 0.02], [856.87, 1.89], [856.88, 0.04], [856.9, 0.02], [856.91, 3.62], [856.92, 10.61], [856.93, 13.51], [856.94, 0.12], [856.95, 4.76], [856.96, 34.63], [856.97, 1.2], [856.98, 8.66], [856.99, 0.63], [857.0, 14.18], [857.01, 1.64], [857.02, 6.94], [857.03, 12.66]], "timestamp": "2025-12-19T22:59:58.340496+00:00"}, {"symbol": "BNBUSDT", "bids": [[856.39, 43.1], [856.38, 0.46], [856.37, 0.13], [856.36, 3.0], [856.35, 0.07], [856.34, 0.02], [856.33, 16.51], [856.32, 2.43], [856.31, 6.3], [856.3, 3.3], [856.29, 4.95], [856.28, 2.8], [856.27, 4.33], [856.26, 0.02], [856.25, 9.06], [856.24, 5.14], [856.23, 7.36], [856.22, 19.03], [856.21, 19.27], [856.2, 8.85]], "asks": [[856.4, 59.98], [856.41, 0.03], [856.44, 4.39], [856.45, 0.66], [856.46, 0.32], [856.48, 7.28], [856.49, 7.3], [856.5, 1.41], [856.51, 24.1], [856.52, 31.16], [856.53, 13.46], [856.54, 11.49], [856.55, 13.54], [856.56, 14.35], [856.57, 5.02], [856.58, 0.01], [856.59, 0.63], [856.6, 7.17], [856.61, 10.28], [856.62, 2.38]], "timestamp": "2025-12-19T23:00:52.512222+00:00"}, {"symbol": "BNBUSDT", "bids": [[855.88, 12.96], [855.87, 2.37], [855.86, 0.83], [855.85, 11.12], [855.84, 11.73], [855.83, 10.8], [855.82, 2.0], [855.81, 0.02], [855.8, 11.6], [855.79, 2.77], [855.78, 7.56], [855.77, 5.13], [855.76, 7.49], [855.75, 3.68], [855.74, 0.01], [855.73, 0.02], [855.72, 18.92], [855.71, 6.57], [855.7, 13.94], [855.69, 35.01]], "asks": [[855.89, 46.74], [855.9, 0.03], [855.92, 5.4], [855.93, 1.56], [855.96, 0.11], [855.97, 2.44], [855.98, 15.5], [855.99, 5.49], [856.0, 0.52], [856.01, 2.55], [856.02, 4.15], [856.03, 7.84], [856.04, 9.31], [856.05, 3.88], [856.06, 1.09], [856.07, 10.98], [856.08, 16.0], [856.09, 9.64], [856.1, 13.05], [856.11, 9.32]], "timestamp": "2025-12-19T23:01:45.754346+00:00"}, {"symbol": "BNBUSDT", "bids": [[855.85, 1.71], [855.84, 3.92], [855.83, 3.24], [855.82, 0.26], [855.81, 0.07], [855.8, 0.13], [855.79, 0.03], [855.78, 2.96], [855.77, 2.3], [855.76, 4.59], [855.75, 11.61], [855.74, 6.14], [855.73, 7.28], [855.72, 17.5], [855.71, 26.28], [855.7, 6.22], [855.69, 25.05], [855.68, 157.32], [855.67, 1003.88], [855.66, 2.77]], "asks": [[855.86, 43.73], [855.87, 8.18], [855.88, 0.45], [855.89, 21.01], [855.9, 0.35], [855.92, 0.01], [855.93, 1.96], [855.94, 0.02], [855.95, 25.76], [855.96, 25.46], [855.97, 3.32], [855.98, 18.43], [855.99, 24.12], [856.0, 122.44], [856.01, 2.93], [856.02, 4.03], [856.03, 2.14], [856.04, 0.23], [856.05, 11.45], [856.06, 5.92]], "timestamp": "2025-12-19T23:02:38.906070+00:00"}, {"symbol": "BNBUSDT", "bids": [[855.92, 16.65], [855.91, 1.93], [855.9, 7.22], [855.89, 0.34], [855.88, 2.45], [855.87, 2.75], [855.86, 1.71], [855.85, 9.54], [855.84, 7.76], [855.83, 0.11], [855.82, 3.9], [855.81, 6.37], [855.8, 3.26], [855.79, 5.43], [855.78, 4.73], [855.77, 12.6], [855.76, 5.96], [855.75, 9.22], [855.74, 14.08], [855.73, 11.23]], "asks": [[855.93, 23.49], [855.94, 0.01], [855.95, 0.39], [855.96, 0.02], [855.98, 0.28], [855.99, 0.24], [856.0, 6.14], [856.01, 6.26], [856.02, 0.04], [856.03, 0.22], [856.04, 6.68], [856.05, 2.17], [856.06, 6.03], [856.07, 12.15], [856.08, 13.02], [856.09, 7.14], [856.1, 7.62], [856.11, 14.01], [856.12, 37.54], [856.13, 7.97]], "timestamp": "2025-12-19T23:03:31.952030+00:00"}