[{"id": "789062759", "price": 856.61, "amount": 0.03, "side": "buy", "timestamp": 1766187723294}, {"id": "789062760", "price": 856.6, "amount": 0.04, "side": "sell", "timestamp": 1766187723501}, {"id": "789062761", "price": 856.61, "amount": 10.58, "side": "buy", "timestamp": 1766187723578}, {"id": "789062762", "price": 856.6, "amount": 0.01, "side": "sell", "timestamp": 1766187724421}, {"id": "789062763", "price": 856.61, "amount": 0.01, "side": "buy", "timestamp": 1766187726268}, {"id": "789062764", "price": 856.61, "amount": 0.02, "side": "buy", "timestamp": 1766187726629}, {"id": "789062765", "price": 856.61, "amount": 0.93, "side": "buy", "timestamp": 1766187727406}, {"id": "789062766", "price": 856.6, "amount": 0.05, "side": "sell", "timestamp": 1766187728161}, {"id": "789062767", "price": 856.6, "amount": 0.01, "side": "sell", "timestamp": 1766187728605}, {"id": "789062768", "price": 856.61, "amount": 0.11, "side": "buy", "timestamp": 1766187728827}, {"id": "789062769", "price": 856.61, "amount": 8.61, "side": "buy", "timestamp": 1766187729675}, {"id": "789062770", "price": 856.63, "amount": 0.17, "side": "buy", "timestamp": 1766187729693}, {"id": "789062771", "price": 856.64, "amount": 2.34, "side": "buy", "timestamp": 1766187729711}, {"id": "789062772", "price": 856.68, "amount": 4.86, "side": "buy", "timestamp": 1766187729719}, {"id": "789062773", "price": 856.69, "amount": 0.03, "side": "sell", "timestamp": 1766187730260}, {"id": "789062774", "price": 856.7, "amount": 0.02, "side": "buy", "timestamp": 1766187730340}, {"id": "789062775", "price": 856.71, "amount": 0.22, "side": "buy", "timestamp": 1766187730340}, {"id": "789062776", "price": 856.71, "amount": 0.12, "side": "buy", "timestamp": 1766187730562}, {"id": "789062777", "price": 856.71, "amount": 0.31, "side": "buy", "timestamp": 1766187730672}, {"id": "789062778", "price": 856.72, "amount": 0.02, "side": "buy", "timestamp": 1766187730672}, {"id": "789062779", "price": 856.74, "amount": 0.01, "side": "buy", "timestamp": 1766187730672}, {"id": "789062780", "price": 856.75, "amount": 0.02, "side": "buy", "timestamp": 1766187730672}, {"id": "789062781", "price": 856.76, "amount": 0.13, "side": "buy", "timestamp": 1766187730676}, {"id": "789062782", "price": 856.75, "amount": 3.1, "side": "sell", "timestamp": 1766187731080}, {"id": "789062783", "price": 856.74, "amount": 0.04, "side": "sell", "timestamp": 1766187731089}, {"id": "789062784", "price": 856.72, "amount": 0.01, "side": "sell", "timestamp": 1766187731096}, {"id": "789062785", "price": 856.7, "amount": 0.62, "side": "sell", "timestamp": 1766187731181}, {"id": "789062786", "price": 856.7, "amount": 0.11, "side": "sell", "timestamp": 1766187731494}, {"id": "789062787", "price": 856.71, "amount": 0.02, "side": "buy", "timestamp": 1766187731509}, {"id": "789062788", "price": 856.7, "amount": 0.85, "side": "sell", "timestamp": 1766187731604}, {"id": "789062789", "price": 856.71, "amount": 0.02, "side": "buy", "timestamp": 1766187731789}, {"id": "789062790", "price": 856.7, "amount": 0.1, "side": "sell", "timestamp": 1766187731839}, {"id": "789062791", "price": 856.67, "amount": 0.03, "side": "sell", "timestamp": 1766187732046}, {"id": "789062792", "price": 856.64, "amount": 0.03, "side": "sell", "timestamp": 1766187732055}, {"id": "789062793", "price": 856.63, "amount": 0.01, "side": "sell", "timestamp": 1766187732689}, {"id": "789062794", "price": 856.63, "amount": 1.35, "side": "sell", "timestamp": 1766187734052}, {"id": "789062795", "price": 856.64, "amount": 0.05, "side": "buy", "timestamp": 1766187735916}, {"id": "789062796", "price": 856.63, "amount": 0.01, "side": "sell", "timestamp": 1766187737533}, {"id": "789062797", "price": 856.64, "amount": 0.08, "side": "buy", "timestamp": 1766187738156}, {"id": "789062798", "price": 856.63, "amount": 0.01, "side": "sell", "timestamp": 1766187741093}, {"id": "789062799", "price": 856.64, "amount": 0.03, "side": "buy", "timestamp": 1766187741371}, {"id": "789062800", "price": 856.63, "amount": 0.06, "side": "sell", "timestamp": 1766187741407}, {"id": "789062801", "price": 856.64, "amount": 0.02, "side": "buy", "timestamp": 1766187742256}, {"id": "789062802", "price": 856.64, "amount": 9.68, "side": "buy", "timestamp": 1766187742603}, {"id": "789062803", "price": 856.65, "amount": 0.01, "side": "buy", "timestamp": 1766187742609}, {"id": "789062804", "price": 856.67, "amount": 1.39, "side": "buy", "timestamp": 1766187742669}, {"id": "789062805", "price": 856.68, "amount": 0.01, "side": "buy", "timestamp": 1766187742669}, {"id": "789062806", "price": 856.71, "amount": 0.04, "side": "buy", "timestamp": 1766187742669}, {"id": "789062807", "price": 856.72, "amount": 0.02, "side": "buy", "timestamp": 1766187742669}, {"id": "789062808", "price": 856.73, "amount": 2.31, "side": "buy", "timestamp": 1766187742669}, {"id": "789062905", "price": 857.28, "amount": 0.15, "side": "buy", "timestamp": 1766187779748}, {"id": "789062906", "price": 857.28, "amount": 0.13, "side": "buy", "timestamp": 1766187780476}, {"id": "789062907", "price": 857.28, "amount": 2.36, "side": "buy", "timestamp": 1766187780824}, {"id": "789062908", "price": 857.27, "amount": 0.01, "side": "sell", "timestamp": 1766187780954}, {"id": "789062909", "price": 857.27, "amount": 0.02, "side": "sell", "timestamp": 1766187781270}, {"id": "789062910", "price": 857.28, "amount": 0.06, "side": "buy", "timestamp": 1766187781462}, {"id": "789062911", "price": 857.27, "amount": 6.18, "side": "sell", "timestamp": 1766187782120}, {"id": "789062912", "price": 857.27, "amount": 0.04, "side": "sell", "timestamp": 1766187782931}, {"id": "789062913", "price": 857.27, "amount": 0.09, "side": "sell", "timestamp": 1766187783298}, {"id": "789062914", "price": 857.27, "amount": 0.05, "side": "sell", "timestamp": 1766187783497}, {"id": "789062915", "price": 857.28, "amount": 0.12, "side": "buy", "timestamp": 1766187783654}, {"id": "789062916", "price": 857.28, "amount": 0.01, "side": "buy", "timestamp": 1766187784319}, {"id": "789062917", "price": 857.28, "amount": 0.93, "side": "buy", "timestamp": 1766187784575}, {"id": "789062918", "price": 857.28, "amount": 1.16, "side": "buy", "timestamp": 1766187785004}, {"id": "789062919", "price": 857.28, "amount": 0.07, "side": "buy", "timestamp": 1766187785869}, {"id": "789062920", "price": 857.28, "amount": 3.0, "side": "buy", "timestamp": 1766187786613}, {"id": "789062921", "price": 857.28, "amount": 0.02, "side": "buy", "timestamp": 1766187788996}, {"id": "789062922", "price": 857.28, "amount": 2.39, "side": "buy", "timestamp": 1766187789236}, {"id": "789062923", "price": 857.28, "amount": 0.01, "side": "buy", "timestamp": 1766187789903}, {"id": "789062924", "price": 857.27, "amount": 8.07, "side": "sell", "timestamp": 1766187790064}, {"id": "789062925", "price": 857.26, "amount": 0.18, "side": "sell", "timestamp": 1766187790067}, {"id": "789062926", "price": 857.25, "amount": 0.13, "side": "buy", "timestamp": 1766187790331}, {"id": "789062927", "price": 857.24, "amount": 0.11, "side": "sell", "timestamp": 1766187790542}, {"id": "789062928", "price": 857.23, "amount": 0.02, "side": "sell", "timestamp": 1766187790542}, {"id": "789062929", "price": 857.2, "amount": 0.02, "side": "sell", "timestamp": 1766187790542}, {"id": "789062930", "price": 857.19, "amount": 0.02, "side": "sell", "timestamp": 1766187790542}, {"id": "789062931", "price": 857.18, "amount": 0.01, "side": "sell", "timestamp": 1766187790542}, {"id": "789062932", "price": 857.16, "amount": 0.17, "side": "sell", "timestamp": 1766187790542}, {"id": "789062933", "price": 857.15, "amount": 0.04, "side": "sell", "timestamp": 1766187790542}, {"id": "789062934", "price": 857.13, "amount": 0.31, "side": "sell", "timestamp": 1766187790542}, {"id": "789062935", "price": 857.14, "amount": 2.36, "side": "buy", "timestamp": 1766187790545}, {"id": "789062936", "price": 857.13, "amount": 2.44, "side": "sell", "timestamp": 1766187790896}, {"id": "789062937", "price": 857.14, "amount": 0.19, "side": "buy", "timestamp": 1766187791048}, {"id": "789062938", "price": 857.14, "amount": 0.02, "side": "buy", "timestamp": 1766187791609}, {"id": "789062939", "price": 857.13, "amount": 0.01, "side": "sell", "timestamp": 1766187791682}, {"id": "789062940", "price": 857.14, "amount": 0.02, "side": "buy", "timestamp": 1766187792259}, {"id": "789062941", "price": 857.14, "amount": 0.02, "side": "buy", "timestamp": 1766187792463}, {"id": "789062942", "price": 857.14, "amount": 0.01, "side": "buy", "timestamp": 1766187792690}, {"id": "789062943", "price": 857.14, "amount": 0.04, "side": "buy", "timestamp": 1766187794337}, {"id": "789062944", "price": 857.13, "amount": 0.01, "side": "sell", "timestamp": 1766187794420}, {"id": "789062945", "price": 857.13, "amount": 4.88, "side": "sell", "timestamp": 1766187794802}, {"id": "789062946", "price": 857.14, "amount": 0.81, "side": "buy", "timestamp": 1766187795273}, {"id": "789062947", "price": 857.14, "amount": 0.06, "side": "buy", "timestamp": 1766187795969}, {"id": "789062948", "price": 857.13, "amount": 1.0, "side": "sell", "timestamp": 1766187796469}, {"id": "789062949", "price": 857.14, "amount": 0.02, "side": "buy", "timestamp": 1766187796774}, {"id": "789062950", "price": 857.13, "amount": 0.01, "side": "sell", "timestamp": 1766187797360}, {"id": "789062951", "price": 857.14, "amount": 1.56, "side": "buy", "timestamp": 1766187797555}, {"id": "789062952", "price": 857.14, "amount": 0.07, "side": "buy", "timestamp": 1766187798019}, {"id": "789062953", "price": 857.14, "amount": 0.25, "side": "buy", "timestamp": 1766187798298}, {"id": "789062954", "price": 857.13, "amount": 0.02, "side": "sell", "timestamp": 1766187798396}, {"id": "789063018", "price": 857.04, "amount": 0.04, "side": "buy", "timestamp": 1766187831780}, {"id": "789063019", "price": 857.03, "amount": 0.15, "side": "sell", "timestamp": 1766187832266}, {"id": "789063020", "price": 857.03, "amount": 0.04, "side": "sell", "timestamp": 1766187833023}, {"id": "789063021", "price": 857.04, "amount": 0.01, "side": "buy", "timestamp": 1766187833154}, {"id": "789063022", "price": 857.03, "amount": 0.97, "side": "sell", "timestamp": 1766187837218}, {"id": "789063023", "price": 857.04, "amount": 0.04, "side": "buy", "timestamp": 1766187837367}, {"id": "789063024", "price": 857.03, "amount": 0.22, "side": "sell", "timestamp": 1766187838717}, {"id": "789063025", "price": 857.04, "amount": 0.14, "side": "buy", "timestamp": 1766187839805}, {"id": "789063026", "price": 857.03, "amount": 0.04, "side": "sell", "timestamp": 1766187841086}, {"id": "789063027", "price": 857.03, "amount": 0.04, "side": "sell", "timestamp": 1766187841270}, {"id": "789063028", "price": 857.04, "amount": 10.82, "side": "buy", "timestamp": 1766187841937}, {"id": "789063029", "price": 857.05, "amount": 0.15, "side": "buy", "timestamp": 1766187841937}, {"id": "789063030", "price": 857.06, "amount": 0.13, "side": "buy", "timestamp": 1766187841938}, {"id": "789063031", "price": 857.07, "amount": 0.21, "side": "buy", "timestamp": 1766187841938}, {"id": "789063032", "price": 857.08, "amount": 0.07, "side": "buy", "timestamp": 1766187842048}, {"id": "789063033", "price": 857.08, "amount": 0.01, "side": "buy", "timestamp": 1766187843199}, {"id": "789063034", "price": 857.08, "amount": 0.27, "side": "buy", "timestamp": 1766187843449}, {"id": "789063035", "price": 857.08, "amount": 0.01, "side": "buy", "timestamp": 1766187843896}, {"id": "789063036", "price": 857.07, "amount": 0.04, "side": "sell", "timestamp": 1766187843933}, {"id": "789063037", "price": 857.07, "amount": 0.02, "side": "sell", "timestamp": 1766187844359}, {"id": "789063038", "price": 857.07, "amount": 0.03, "side": "sell", "timestamp": 1766187844697}, {"id": "789063039", "price": 857.07, "amount": 0.01, "side": "sell", "timestamp": 1766187844931}, {"id": "789063040", "price": 857.07, "amount": 0.01, "side": "sell", "timestamp": 1766187845174}, {"id": "789063041", "price": 857.08, "amount": 7.89, "side": "buy", "timestamp": 1766187845190}, {"id": "789063042", "price": 857.09, "amount": 0.26, "side": "buy", "timestamp": 1766187845190}, {"id": "789063043", "price": 857.11, "amount": 0.28, "side": "buy", "timestamp": 1766187845197}, {"id": "789063044", "price": 857.12, "amount": 0.03, "side": "buy", "timestamp": 1766187845197}, {"id": "789063045", "price": 857.13, "amount": 10.33, "side": "buy", "timestamp": 1766187845197}, {"id": "789063046", "price": 857.14, "amount": 0.04, "side": "buy", "timestamp": 1766187845212}, {"id": "789063047", "price": 857.16, "amount": 0.03, "side": "buy", "timestamp": 1766187845233}, {"id": "789063048", "price": 857.19, "amount": 0.02, "side": "buy", "timestamp": 1766187845249}, {"id": "789063049", "price": 857.2, "amount": 0.04, "side": "buy", "timestamp": 1766187845249}, {"id": "789063050", "price": 857.21, "amount": 0.03, "side": "buy", "timestamp": 1766187845249}, {"id": "789063051", "price": 857.22, "amount": 0.01, "side": "buy", "timestamp": 1766187845289}, {"id": "789063052", "price": 857.22, "amount": 0.62, "side": "buy", "timestamp": 1766187845502}, {"id": "789063053", "price": 857.21, "amount": 0.04, "side": "sell", "timestamp": 1766187846196}, {"id": "789063054", "price": 857.22, "amount": 0.04, "side": "buy", "timestamp": 1766187848293}, {"id": "789063055", "price": 857.21, "amount": 0.01, "side": "sell", "timestamp": 1766187849471}, {"id": "789063056", "price": 857.22, "amount": 1.29, "side": "buy", "timestamp": 1766187850262}, {"id": "789063057", "price": 857.21, "amount": 7.46, "side": "sell", "timestamp": 1766187850621}, {"id": "789063058", "price": 857.2, "amount": 0.03, "side": "sell", "timestamp": 1766187850625}, {"id": "789063059", "price": 857.2, "amount": 0.01, "side": "buy", "timestamp": 1766187851007}, {"id": "789063060", "price": 857.2, "amount": 0.93, "side": "buy", "timestamp": 1766187851384}, {"id": "789063061", "price": 857.19, "amount": 1.35, "side": "sell", "timestamp": 1766187851712}, {"id": "789063062", "price": 857.16, "amount": 0.02, "side": "sell", "timestamp": 1766187851717}, {"id": "789063063", "price": 857.14, "amount": 0.02, "side": "sell", "timestamp": 1766187851717}, {"id": "789063064", "price": 857.12, "amount": 0.01, "side": "sell", "timestamp": 1766187851732}, {"id": "789063065", "price": 857.1, "amount": 0.15, "side": "buy", "timestamp": 1766187851805}, {"id": "789063066", "price": 857.09, "amount": 1.16, "side": "sell", "timestamp": 1766187852054}, {"id": "789063067", "price": 857.1, "amount": 0.04, "side": "buy", "timestamp": 1766187852564}, {"id": "789063122", "price": 857.19, "amount": 0.04, "side": "sell", "timestamp": 1766187897351}, {"id": "789063123", "price": 857.2, "amount": 0.08, "side": "buy", "timestamp": 1766187898316}, {"id": "789063124", "price": 857.19, "amount": 0.01, "side": "sell", "timestamp": 1766187899671}, {"id": "789063125", "price": 857.19, "amount": 3.26, "side": "sell", "timestamp": 1766187900267}, {"id": "789063126", "price": 857.2, "amount": 3.32, "side": "buy", "timestamp": 1766187900317}, {"id": "789063127", "price": 857.19, "amount": 1.9, "side": "sell", "timestamp": 1766187900470}, {"id": "789063128", "price": 857.17, "amount": 0.01, "side": "sell", "timestamp": 1766187900477}, {"id": "789063129", "price": 857.16, "amount": 0.04, "side": "sell", "timestamp": 1766187900477}, {"id": "789063130", "price": 857.13, "amount": 0.05, "side": "sell", "timestamp": 1766187900477}, {"id": "789063131", "price": 857.12, "amount": 0.01, "side": "sell", "timestamp": 1766187900477}, {"id": "789063132", "price": 857.11, "amount": 0.38, "side": "sell", "timestamp": 1766187900477}, {"id": "789063133", "price": 857.09, "amount": 0.01, "side": "buy", "timestamp": 1766187900791}, {"id": "789063134", "price": 857.08, "amount": 0.02, "side": "sell", "timestamp": 1766187900966}, {"id": "789063135", "price": 857.08, "amount": 1.32, "side": "sell", "timestamp": 1766187901644}, {"id": "789063136", "price": 857.07, "amount": 0.02, "side": "sell", "timestamp": 1766187901654}, {"id": "789063137", "price": 857.06, "amount": 0.02, "side": "sell", "timestamp": 1766187901654}, {"id": "789063138", "price": 857.04, "amount": 0.04, "side": "sell", "timestamp": 1766187901654}, {"id": "789063139", "price": 857.01, "amount": 1.18, "side": "buy", "timestamp": 1766187902000}, {"id": "789063140", "price": 857.01, "amount": 5.82, "side": "buy", "timestamp": 1766187902244}, {"id": "789063141", "price": 857.0, "amount": 0.01, "side": "sell", "timestamp": 1766187902830}, {"id": "789063142", "price": 857.01, "amount": 0.25, "side": "buy", "timestamp": 1766187902843}, {"id": "789063143", "price": 857.01, "amount": 1.17, "side": "buy", "timestamp": 1766187902993}, {"id": "789063144", "price": 857.0, "amount": 0.16, "side": "sell", "timestamp": 1766187903024}, {"id": "789063145", "price": 857.0, "amount": 0.01, "side": "sell", "timestamp": 1766187903359}, {"id": "789063146", "price": 857.0, "amount": 0.04, "side": "sell", "timestamp": 1766187903474}, {"id": "789063147", "price": 857.0, "amount": 0.02, "side": "sell", "timestamp": 1766187903650}, {"id": "789063148", "price": 857.0, "amount": 0.02, "side": "sell", "timestamp": 1766187903751}, {"id": "789063149", "price": 857.0, "amount": 0.05, "side": "sell", "timestamp": 1766187903939}, {"id": "789063150", "price": 857.01, "amount": 0.01, "side": "buy", "timestamp": 1766187904012}, {"id": "789063151", "price": 857.01, "amount": 8.59, "side": "buy", "timestamp": 1766187904211}, {"id": "789063152", "price": 857.03, "amount": 0.13, "side": "buy", "timestamp": 1766187904215}, {"id": "789063153", "price": 857.04, "amount": 0.01, "side": "buy", "timestamp": 1766187904215}, {"id": "789063154", "price": 857.05, "amount": 9.17, "side": "buy", "timestamp": 1766187904215}, {"id": "789063155", "price": 857.06, "amount": 0.01, "side": "buy", "timestamp": 1766187904215}, {"id": "789063156", "price": 857.07, "amount": 0.79, "side": "buy", "timestamp": 1766187904215}, {"id": "789063157", "price": 857.08, "amount": 2.71, "side": "buy", "timestamp": 1766187904458}, {"id": "789063158", "price": 857.09, "amount": 0.08, "side": "buy", "timestamp": 1766187904458}, {"id": "789063159", "price": 857.1, "amount": 3.37, "side": "buy", "timestamp": 1766187904958}, {"id": "789063160", "price": 857.12, "amount": 0.02, "side": "buy", "timestamp": 1766187904970}, {"id": "789063161", "price": 857.14, "amount": 6.98, "side": "buy", "timestamp": 1766187905074}, {"id": "789063162", "price": 857.16, "amount": 0.02, "side": "buy", "timestamp": 1766187905080}, {"id": "789063163", "price": 857.17, "amount": 0.04, "side": "buy", "timestamp": 1766187905080}, {"id": "789063164", "price": 857.18, "amount": 0.01, "side": "sell", "timestamp": 1766187905223}, {"id": "789063165", "price": 857.18, "amount": 0.12, "side": "sell", "timestamp": 1766187905346}, {"id": "789063166", "price": 857.18, "amount": 0.06, "side": "sell", "timestamp": 1766187905488}, {"id": "789063167", "price": 857.18, "amount": 15.48, "side": "sell", "timestamp": 1766187906012}, {"id": "789063168", "price": 857.19, "amount": 2.63, "side": "buy", "timestamp": 1766187906660}, {"id": "789063169", "price": 857.19, "amount": 0.02, "side": "buy", "timestamp": 1766187907989}, {"id": "789063170", "price": 857.19, "amount": 0.12, "side": "buy", "timestamp": 1766187908517}, {"id": "789063171", "price": 857.19, "amount": 0.2, "side": "buy", "timestamp": 1766187908961}, {"id": "789063245", "price": 857.21, "amount": 0.11, "side": "buy", "timestamp": 1766187935983}, {"id": "789063246", "price": 857.22, "amount": 0.01, "side": "buy", "timestamp": 1766187935983}, {"id": "789063247", "price": 857.24, "amount": 0.01, "side": "buy", "timestamp": 1766187937049}, {"id": "789063248", "price": 857.24, "amount": 0.14, "side": "buy", "timestamp": 1766187937591}, {"id": "789063249", "price": 857.24, "amount": 0.01, "side": "buy", "timestamp": 1766187938045}, {"id": "789063250", "price": 857.24, "amount": 0.02, "side": "buy", "timestamp": 1766187939274}, {"id": "789063251", "price": 857.23, "amount": 0.82, "side": "sell", "timestamp": 1766187940323}, {"id": "789063252", "price": 857.23, "amount": 0.02, "side": "buy", "timestamp": 1766187940425}, {"id": "789063253", "price": 857.22, "amount": 0.15, "side": "sell", "timestamp": 1766187940427}, {"id": "789063254", "price": 857.21, "amount": 0.03, "side": "sell", "timestamp": 1766187940431}, {"id": "789063255", "price": 857.21, "amount": 0.02, "side": "buy", "timestamp": 1766187941471}, {"id": "789063256", "price": 857.21, "amount": 0.02, "side": "buy", "timestamp": 1766187942382}, {"id": "789063257", "price": 857.21, "amount": 0.01, "side": "buy", "timestamp": 1766187944510}, {"id": "789063258", "price": 857.21, "amount": 0.01, "side": "buy", "timestamp": 1766187944718}, {"id": "789063259", "price": 857.2, "amount": 0.23, "side": "sell", "timestamp": 1766187944848}, {"id": "789063260", "price": 857.21, "amount": 0.03, "side": "buy", "timestamp": 1766187946214}, {"id": "789063261", "price": 857.21, "amount": 0.81, "side": "buy", "timestamp": 1766187947871}, {"id": "789063262", "price": 857.21, "amount": 0.01, "side": "buy", "timestamp": 1766187948441}, {"id": "789063263", "price": 857.2, "amount": 0.34, "side": "sell", "timestamp": 1766187949516}, {"id": "789063264", "price": 857.2, "amount": 0.01, "side": "sell", "timestamp": 1766187949655}, {"id": "789063265", "price": 857.21, "amount": 92.47, "side": "buy", "timestamp": 1766187950464}, {"id": "789063266", "price": 857.22, "amount": 0.04, "side": "buy", "timestamp": 1766187950496}, {"id": "789063267", "price": 857.23, "amount": 0.41, "side": "buy", "timestamp": 1766187950500}, {"id": "789063268", "price": 857.24, "amount": 0.01, "side": "buy", "timestamp": 1766187950500}, {"id": "789063269", "price": 857.25, "amount": 1.13, "side": "buy", "timestamp": 1766187950500}, {"id": "789063270", "price": 857.27, "amount": 0.01, "side": "buy", "timestamp": 1766187950500}, {"id": "789063271", "price": 857.28, "amount": 0.02, "side": "buy", "timestamp": 1766187950500}, {"id": "789063272", "price": 857.29, "amount": 0.29, "side": "buy", "timestamp": 1766187950500}, {"id": "789063273", "price": 857.3, "amount": 6.63, "side": "buy", "timestamp": 1766187950500}, {"id": "789063274", "price": 857.31, "amount": 0.36, "side": "buy", "timestamp": 1766187950508}, {"id": "789063275", "price": 857.32, "amount": 0.01, "side": "buy", "timestamp": 1766187950511}, {"id": "789063276", "price": 857.33, "amount": 0.01, "side": "buy", "timestamp": 1766187951673}, {"id": "789063277", "price": 857.33, "amount": 0.1, "side": "buy", "timestamp": 1766187951883}, {"id": "789063278", "price": 857.32, "amount": 0.11, "side": "sell", "timestamp": 1766187952550}, {"id": "789063279", "price": 857.33, "amount": 0.01, "side": "buy", "timestamp": 1766187953573}, {"id": "789063280", "price": 857.32, "amount": 0.02, "side": "sell", "timestamp": 1766187954165}, {"id": "789063281", "price": 857.32, "amount": 0.01, "side": "sell", "timestamp": 1766187957398}, {"id": "789063282", "price": 857.33, "amount": 0.01, "side": "buy", "timestamp": 1766187957560}, {"id": "789063283", "price": 857.33, "amount": 0.93, "side": "buy", "timestamp": 1766187958800}, {"id": "789063284", "price": 857.32, "amount": 0.01, "side": "sell", "timestamp": 1766187959265}, {"id": "789063285", "price": 857.32, "amount": 0.24, "side": "sell", "timestamp": 1766187960599}, {"id": "789063286", "price": 857.32, "amount": 0.01, "side": "sell", "timestamp": 1766187961592}, {"id": "789063287", "price": 857.32, "amount": 0.01, "side": "sell", "timestamp": 1766187964103}, {"id": "789063288", "price": 857.32, "amount": 7.16, "side": "sell", "timestamp": 1766187964722}, {"id": "789063289", "price": 857.31, "amount": 0.22, "side": "sell", "timestamp": 1766187964724}, {"id": "789063290", "price": 857.28, "amount": 0.05, "side": "sell", "timestamp": 1766187964843}, {"id": "789063291", "price": 857.28, "amount": 0.02, "side": "sell", "timestamp": 1766187965016}, {"id": "789063292", "price": 857.29, "amount": 0.01, "side": "buy", "timestamp": 1766187965160}, {"id": "789063293", "price": 857.28, "amount": 0.09, "side": "sell", "timestamp": 1766187965252}, {"id": "789063294", "price": 857.28, "amount": 0.04, "side": "sell", "timestamp": 1766187966497}, {"id": "789063302", "price": 857.27, "amount": 0.21, "side": "sell", "timestamp": 1766187974734}, {"id": "789063303", "price": 857.28, "amount": 0.08, "side": "buy", "timestamp": 1766187975106}, {"id": "789063304", "price": 857.28, "amount": 0.01, "side": "buy", "timestamp": 1766187976711}, {"id": "789063305", "price": 857.28, "amount": 0.38, "side": "buy", "timestamp": 1766187977673}, {"id": "789063306", "price": 857.27, "amount": 0.02, "side": "sell", "timestamp": 1766187979083}, {"id": "789063307", "price": 857.27, "amount": 0.01, "side": "sell", "timestamp": 1766187979367}, {"id": "789063308", "price": 857.27, "amount": 0.26, "side": "sell", "timestamp": 1766187980259}, {"id": "789063309", "price": 857.27, "amount": 0.48, "side": "sell", "timestamp": 1766187980511}, {"id": "789063310", "price": 857.26, "amount": 0.02, "side": "sell", "timestamp": 1766187980523}, {"id": "789063311", "price": 857.24, "amount": 0.02, "side": "sell", "timestamp": 1766187980523}, {"id": "789063312", "price": 857.23, "amount": 0.07, "side": "sell", "timestamp": 1766187980524}, {"id": "789063313", "price": 857.22, "amount": 0.02, "side": "sell", "timestamp": 1766187980524}, {"id": "789063314", "price": 857.21, "amount": 0.01, "side": "sell", "timestamp": 1766187980524}, {"id": "789063315", "price": 857.2, "amount": 0.06, "side": "sell", "timestamp": 1766187980524}, {"id": "789063316", "price": 857.18, "amount": 0.58, "side": "sell", "timestamp": 1766187980524}, {"id": "789063317", "price": 857.17, "amount": 0.33, "side": "sell", "timestamp": 1766187980524}, {"id": "789063318", "price": 857.16, "amount": 1.54, "side": "sell", "timestamp": 1766187980524}, {"id": "789063319", "price": 857.15, "amount": 1.79, "side": "sell", "timestamp": 1766187980524}, {"id": "789063320", "price": 857.18, "amount": 0.34, "side": "sell", "timestamp": 1766187983175}, {"id": "789063321", "price": 857.18, "amount": 0.09, "side": "sell", "timestamp": 1766187983860}, {"id": "789063322", "price": 857.18, "amount": 0.23, "side": "sell", "timestamp": 1766187986786}, {"id": "789063323", "price": 857.18, "amount": 0.01, "side": "sell", "timestamp": 1766187989148}, {"id": "789063324", "price": 857.19, "amount": 2.13, "side": "buy", "timestamp": 1766187990828}, {"id": "789063325", "price": 857.19, "amount": 0.01, "side": "buy", "timestamp": 1766187991964}, {"id": "789063326", "price": 857.18, "amount": 0.02, "side": "sell", "timestamp": 1766187993603}, {"id": "789063327", "price": 857.18, "amount": 0.01, "side": "sell", "timestamp": 1766187994482}, {"id": "789063328", "price": 857.19, "amount": 0.01, "side": "buy", "timestamp": 1766187994561}, {"id": "789063329", "price": 857.19, "amount": 0.04, "side": "buy", "timestamp": 1766187998133}, {"id": "789063330", "price": 857.19, "amount": 10.0, "side": "buy", "timestamp": 1766187999812}, {"id": "789063331", "price": 857.19, "amount": 10.38, "side": "buy", "timestamp": 1766187999983}, {"id": "789063332", "price": 857.2, "amount": 0.17, "side": "buy", "timestamp": 1766187999986}, {"id": "789063333", "price": 857.21, "amount": 0.06, "side": "buy", "timestamp": 1766187999989}, {"id": "789063334", "price": 857.21, "amount": 0.02, "side": "sell", "timestamp": 1766188001724}, {"id": "789063335", "price": 857.22, "amount": 1.87, "side": "buy", "timestamp": 1766188001725}, {"id": "789063336", "price": 857.24, "amount": 0.01, "side": "buy", "timestamp": 1766188001728}, {"id": "789063337", "price": 857.25, "amount": 0.08, "side": "buy", "timestamp": 1766188001728}, {"id": "789063338", "price": 857.25, "amount": 0.01, "side": "sell", "timestamp": 1766188001731}, {"id": "789063339", "price": 857.26, "amount": 0.56, "side": "buy", "timestamp": 1766188001938}, {"id": "789063340", "price": 857.27, "amount": 0.01, "side": "buy", "timestamp": 1766188001938}, {"id": "789063341", "price": 857.27, "amount": 0.24, "side": "sell", "timestamp": 1766188004744}, {"id": "789063342", "price": 857.27, "amount": 0.01, "side": "sell", "timestamp": 1766188005779}, {"id": "789063343", "price": 857.27, "amount": 1.09, "side": "sell", "timestamp": 1766188005899}, {"id": "789063344", "price": 857.27, "amount": 0.81, "side": "sell", "timestamp": 1766188007322}, {"id": "789063345", "price": 857.27, "amount": 0.01, "side": "sell", "timestamp": 1766188007670}, {"id": "789063346", "price": 857.28, "amount": 0.01, "side": "buy", "timestamp": 1766188012154}, {"id": "789063347", "price": 857.27, "amount": 0.05, "side": "sell", "timestamp": 1766188014562}, {"id": "789063348", "price": 857.27, "amount": 0.01, "side": "sell", "timestamp": 1766188014953}, {"id": "789063349", "price": 857.28, "amount": 0.05, "side": "buy", "timestamp": 1766188016069}, {"id": "789063350", "price": 857.28, "amount": 0.01, "side": "buy", "timestamp": 1766188016224}, {"id": "789063351", "price": 857.27, "amount": 3.04, "side": "sell", "timestamp": 1766188018613}, {"id": "789063386", "price": 857.28, "amount": 2.54, "side": "buy", "timestamp": 1766188040522}, {"id": "789063387", "price": 857.28, "amount": 0.01, "side": "sell", "timestamp": 1766188043675}, {"id": "789063388", "price": 857.29, "amount": 0.01, "side": "buy", "timestamp": 1766188044378}, {"id": "789063389", "price": 857.29, "amount": 0.01, "side": "buy", "timestamp": 1766188044874}, {"id": "789063390", "price": 857.29, "amount": 0.02, "side": "buy", "timestamp": 1766188045298}, {"id": "789063391", "price": 857.29, "amount": 0.05, "side": "buy", "timestamp": 1766188045859}, {"id": "789063392", "price": 857.28, "amount": 0.02, "side": "sell", "timestamp": 1766188046578}, {"id": "789063393", "price": 857.28, "amount": 0.12, "side": "sell", "timestamp": 1766188048852}, {"id": "789063394", "price": 857.29, "amount": 0.02, "side": "buy", "timestamp": 1766188049656}, {"id": "789063395", "price": 857.28, "amount": 13.97, "side": "sell", "timestamp": 1766188050866}, {"id": "789063396", "price": 857.28, "amount": 0.01, "side": "sell", "timestamp": 1766188052277}, {"id": "789063397", "price": 857.29, "amount": 0.01, "side": "buy", "timestamp": 1766188052493}, {"id": "789063398", "price": 857.28, "amount": 0.49, "side": "sell", "timestamp": 1766188052786}, {"id": "789063399", "price": 857.29, "amount": 0.01, "side": "buy", "timestamp": 1766188055931}, {"id": "789063400", "price": 857.28, "amount": 0.01, "side": "sell", "timestamp": 1766188058672}, {"id": "789063401", "price": 857.28, "amount": 0.22, "side": "sell", "timestamp": 1766188062451}, {"id": "789063402", "price": 857.28, "amount": 0.1, "side": "sell", "timestamp": 1766188062934}, {"id": "789063403", "price": 857.29, "amount": 0.12, "side": "buy", "timestamp": 1766188063628}, {"id": "789063404", "price": 857.29, "amount": 11.06, "side": "buy", "timestamp": 1766188064868}, {"id": "789063405", "price": 857.31, "amount": 0.73, "side": "buy", "timestamp": 1766188064872}, {"id": "789063406", "price": 857.32, "amount": 0.04, "side": "buy", "timestamp": 1766188064872}, {"id": "789063407", "price": 857.33, "amount": 0.06, "side": "buy", "timestamp": 1766188064872}, {"id": "789063408", "price": 857.36, "amount": 0.08, "side": "buy", "timestamp": 1766188064874}, {"id": "789063409", "price": 857.37, "amount": 2.53, "side": "buy", "timestamp": 1766188064877}, {"id": "789063410", "price": 857.38, "amount": 0.01, "side": "buy", "timestamp": 1766188064879}, {"id": "789063411", "price": 857.39, "amount": 0.03, "side": "buy", "timestamp": 1766188064884}, {"id": "789063412", "price": 857.4, "amount": 5.04, "side": "buy", "timestamp": 1766188064887}, {"id": "789063413", "price": 857.41, "amount": 0.71, "side": "buy", "timestamp": 1766188064890}, {"id": "789063414", "price": 857.43, "amount": 0.38, "side": "buy", "timestamp": 1766188064894}, {"id": "789063415", "price": 857.44, "amount": 4.37, "side": "buy", "timestamp": 1766188064894}, {"id": "789063416", "price": 857.45, "amount": 3.62, "side": "buy", "timestamp": 1766188064894}, {"id": "789063417", "price": 857.46, "amount": 0.02, "side": "buy", "timestamp": 1766188064897}, {"id": "789063418", "price": 857.47, "amount": 0.03, "side": "buy", "timestamp": 1766188064899}, {"id": "789063419", "price": 857.48, "amount": 0.03, "side": "buy", "timestamp": 1766188064902}, {"id": "789063420", "price": 857.49, "amount": 1.17, "side": "buy", "timestamp": 1766188064905}, {"id": "789063421", "price": 857.5, "amount": 0.48, "side": "buy", "timestamp": 1766188064908}, {"id": "789063422", "price": 857.51, "amount": 0.02, "side": "buy", "timestamp": 1766188064913}, {"id": "789063423", "price": 857.51, "amount": 0.02, "side": "buy", "timestamp": 1766188065183}, {"id": "789063424", "price": 857.52, "amount": 0.02, "side": "buy", "timestamp": 1766188065183}, {"id": "789063425", "price": 857.53, "amount": 0.24, "side": "buy", "timestamp": 1766188065808}, {"id": "789063426", "price": 857.53, "amount": 0.01, "side": "sell", "timestamp": 1766188066604}, {"id": "789063427", "price": 857.53, "amount": 27.57, "side": "sell", "timestamp": 1766188067040}, {"id": "789063428", "price": 857.53, "amount": 0.01, "side": "sell", "timestamp": 1766188067154}, {"id": "789063429", "price": 857.54, "amount": 0.39, "side": "buy", "timestamp": 1766188067353}, {"id": "789063430", "price": 857.53, "amount": 0.1, "side": "sell", "timestamp": 1766188068031}, {"id": "789063431", "price": 857.54, "amount": 1.0, "side": "buy", "timestamp": 1766188069058}, {"id": "789063432", "price": 857.53, "amount": 1.0, "side": "sell", "timestamp": 1766188069073}, {"id": "789063433", "price": 857.53, "amount": 0.05, "side": "sell", "timestamp": 1766188069320}, {"id": "789063434", "price": 857.53, "amount": 0.02, "side": "sell", "timestamp": 1766188070085}, {"id": "789063435", "price": 857.53, "amount": 0.23, "side": "sell", "timestamp": 1766188070836}, {"id": "789063478", "price": 857.67, "amount": 0.01, "side": "sell", "timestamp": 1766188099579}, {"id": "789063479", "price": 857.68, "amount": 0.25, "side": "buy", "timestamp": 1766188101137}, {"id": "789063480", "price": 857.68, "amount": 0.01, "side": "buy", "timestamp": 1766188102182}, {"id": "789063481", "price": 857.68, "amount": 0.97, "side": "buy", "timestamp": 1766188104176}, {"id": "789063482", "price": 857.67, "amount": 0.04, "side": "sell", "timestamp": 1766188105897}, {"id": "789063483", "price": 857.68, "amount": 0.03, "side": "buy", "timestamp": 1766188108597}, {"id": "789063484", "price": 857.67, "amount": 19.11, "side": "sell", "timestamp": 1766188108921}, {"id": "789063485", "price": 857.66, "amount": 0.04, "side": "sell", "timestamp": 1766188108927}, {"id": "789063486", "price": 857.65, "amount": 0.02, "side": "sell", "timestamp": 1766188108928}, {"id": "789063487", "price": 857.64, "amount": 0.04, "side": "sell", "timestamp": 1766188108928}, {"id": "789063488", "price": 857.63, "amount": 0.02, "side": "sell", "timestamp": 1766188108932}, {"id": "789063489", "price": 857.6, "amount": 0.26, "side": "sell", "timestamp": 1766188108936}, {"id": "789063490", "price": 857.58, "amount": 0.01, "side": "sell", "timestamp": 1766188108967}, {"id": "789063491", "price": 857.57, "amount": 0.04, "side": "sell", "timestamp": 1766188108967}, {"id": "789063492", "price": 857.56, "amount": 0.01, "side": "sell", "timestamp": 1766188108967}, {"id": "789063493", "price": 857.55, "amount": 0.05, "side": "sell", "timestamp": 1766188108967}, {"id": "789063494", "price": 857.54, "amount": 3.97, "side": "sell", "timestamp": 1766188109070}, {"id": "789063495", "price": 857.52, "amount": 0.02, "side": "sell", "timestamp": 1766188109148}, {"id": "789063496", "price": 857.51, "amount": 8.67, "side": "sell", "timestamp": 1766188109329}, {"id": "789063497", "price": 857.5, "amount": 0.32, "side": "sell", "timestamp": 1766188109331}, {"id": "789063498", "price": 857.5, "amount": 0.24, "side": "sell", "timestamp": 1766188109981}, {"id": "789063499", "price": 857.5, "amount": 0.06, "side": "sell", "timestamp": 1766188111334}, {"id": "789063500", "price": 857.5, "amount": 0.01, "side": "sell", "timestamp": 1766188113058}, {"id": "789063501", "price": 857.51, "amount": 0.99, "side": "buy", "timestamp": 1766188114280}, {"id": "789063502", "price": 857.5, "amount": 0.01, "side": "sell", "timestamp": 1766188115681}, {"id": "789063503", "price": 857.51, "amount": 0.03, "side": "buy", "timestamp": 1766188116020}, {"id": "789063504", "price": 857.51, "amount": 0.01, "side": "buy", "timestamp": 1766188116652}, {"id": "789063505", "price": 857.51, "amount": 4.52, "side": "buy", "timestamp": 1766188117512}, {"id": "789063506", "price": 857.52, "amount": 1.16, "side": "buy", "timestamp": 1766188117525}, {"id": "789063507", "price": 857.52, "amount": 0.01, "side": "sell", "timestamp": 1766188118849}, {"id": "789063508", "price": 857.53, "amount": 0.01, "side": "buy", "timestamp": 1766188119141}, {"id": "789063509", "price": 857.53, "amount": 2.43, "side": "buy", "timestamp": 1766188120522}, {"id": "789063510", "price": 857.54, "amount": 0.46, "side": "buy", "timestamp": 1766188120522}, {"id": "789063511", "price": 857.55, "amount": 0.02, "side": "buy", "timestamp": 1766188120680}, {"id": "789063512", "price": 857.56, "amount": 0.01, "side": "buy", "timestamp": 1766188120680}, {"id": "789063513", "price": 857.56, "amount": 0.66, "side": "sell", "timestamp": 1766188122000}, {"id": "789063514", "price": 857.57, "amount": 8.74, "side": "buy", "timestamp": 1766188122293}, {"id": "789063515", "price": 857.59, "amount": 0.81, "side": "buy", "timestamp": 1766188122293}, {"id": "789063516", "price": 857.6, "amount": 4.13, "side": "buy", "timestamp": 1766188122293}, {"id": "789063517", "price": 857.61, "amount": 0.29, "side": "buy", "timestamp": 1766188122293}, {"id": "789063518", "price": 857.62, "amount": 0.15, "side": "buy", "timestamp": 1766188122293}, {"id": "789063519", "price": 857.63, "amount": 9.4, "side": "buy", "timestamp": 1766188122293}, {"id": "789063520", "price": 857.64, "amount": 5.17, "side": "buy", "timestamp": 1766188122293}, {"id": "789063521", "price": 857.65, "amount": 3.99, "side": "buy", "timestamp": 1766188122293}, {"id": "789063522", "price": 857.66, "amount": 0.21, "side": "buy", "timestamp": 1766188122293}, {"id": "789063523", "price": 857.67, "amount": 2.09, "side": "buy", "timestamp": 1766188122293}, {"id": "789063524", "price": 857.67, "amount": 16.67, "side": "sell", "timestamp": 1766188122299}, {"id": "789063525", "price": 857.64, "amount": 0.08, "side": "sell", "timestamp": 1766188122348}, {"id": "789063526", "price": 857.61, "amount": 0.01, "side": "buy", "timestamp": 1766188122399}, {"id": "789063527", "price": 857.6, "amount": 0.3, "side": "sell", "timestamp": 1766188122454}, {"id": "789063590", "price": 857.23, "amount": 0.02, "side": "sell", "timestamp": 1766188151096}, {"id": "789063591", "price": 857.22, "amount": 0.1, "side": "sell", "timestamp": 1766188151096}, {"id": "789063592", "price": 857.21, "amount": 0.2, "side": "sell", "timestamp": 1766188151383}, {"id": "789063593", "price": 857.2, "amount": 0.03, "side": "sell", "timestamp": 1766188151383}, {"id": "789063594", "price": 857.19, "amount": 1.44, "side": "sell", "timestamp": 1766188151383}, {"id": "789063595", "price": 857.18, "amount": 2.17, "side": "sell", "timestamp": 1766188151383}, {"id": "789063596", "price": 857.19, "amount": 0.06, "side": "buy", "timestamp": 1766188151471}, {"id": "789063597", "price": 857.18, "amount": 0.01, "side": "sell", "timestamp": 1766188151678}, {"id": "789063598", "price": 857.18, "amount": 13.2, "side": "sell", "timestamp": 1766188154477}, {"id": "789063599", "price": 857.19, "amount": 1.58, "side": "buy", "timestamp": 1766188156098}, {"id": "789063600", "price": 857.18, "amount": 11.66, "side": "sell", "timestamp": 1766188158455}, {"id": "789063601", "price": 857.19, "amount": 1.2, "side": "buy", "timestamp": 1766188159991}, {"id": "789063602", "price": 857.19, "amount": 0.01, "side": "buy", "timestamp": 1766188160588}, {"id": "789063603", "price": 857.19, "amount": 6.95, "side": "buy", "timestamp": 1766188160769}, {"id": "789063604", "price": 857.2, "amount": 1.75, "side": "buy", "timestamp": 1766188160799}, {"id": "789063605", "price": 857.2, "amount": 2.91, "side": "sell", "timestamp": 1766188162052}, {"id": "789063606", "price": 857.21, "amount": 0.06, "side": "buy", "timestamp": 1766188162509}, {"id": "789063607", "price": 857.2, "amount": 0.1, "side": "sell", "timestamp": 1766188163422}, {"id": "789063608", "price": 857.21, "amount": 3.52, "side": "buy", "timestamp": 1766188167626}, {"id": "789063609", "price": 857.22, "amount": 0.45, "side": "buy", "timestamp": 1766188167626}, {"id": "789063610", "price": 857.23, "amount": 0.85, "side": "buy", "timestamp": 1766188167626}, {"id": "789063611", "price": 857.24, "amount": 0.01, "side": "buy", "timestamp": 1766188167626}, {"id": "789063612", "price": 857.25, "amount": 5.32, "side": "buy", "timestamp": 1766188167626}, {"id": "789063613", "price": 857.26, "amount": 0.08, "side": "buy", "timestamp": 1766188167626}, {"id": "789063614", "price": 857.27, "amount": 0.01, "side": "buy", "timestamp": 1766188167626}, {"id": "789063615", "price": 857.28, "amount": 0.04, "side": "buy", "timestamp": 1766188167626}, {"id": "789063616", "price": 857.29, "amount": 0.56, "side": "buy", "timestamp": 1766188167626}, {"id": "789063617", "price": 857.3, "amount": 0.4, "side": "buy", "timestamp": 1766188167626}, {"id": "789063618", "price": 857.31, "amount": 2.17, "side": "buy", "timestamp": 1766188167626}, {"id": "789063619", "price": 857.32, "amount": 0.03, "side": "buy", "timestamp": 1766188167626}, {"id": "789063620", "price": 857.33, "amount": 0.02, "side": "buy", "timestamp": 1766188167626}, {"id": "789063621", "price": 857.34, "amount": 10.16, "side": "buy", "timestamp": 1766188167626}, {"id": "789063622", "price": 857.35, "amount": 0.22, "side": "buy", "timestamp": 1766188167626}, {"id": "789063623", "price": 857.36, "amount": 11.97, "side": "buy", "timestamp": 1766188167626}, {"id": "789063624", "price": 857.37, "amount": 0.56, "side": "buy", "timestamp": 1766188167626}, {"id": "789063625", "price": 857.38, "amount": 2.55, "side": "buy", "timestamp": 1766188167626}, {"id": "789063626", "price": 857.37, "amount": 0.32, "side": "sell", "timestamp": 1766188167686}, {"id": "789063627", "price": 857.35, "amount": 0.1, "side": "sell", "timestamp": 1766188167693}, {"id": "789063628", "price": 857.34, "amount": 2.9, "side": "sell", "timestamp": 1766188167791}, {"id": "789063629", "price": 857.34, "amount": 0.3, "side": "sell", "timestamp": 1766188167946}, {"id": "789063630", "price": 857.34, "amount": 0.32, "side": "sell", "timestamp": 1766188168053}, {"id": "789063631", "price": 857.33, "amount": 0.02, "side": "sell", "timestamp": 1766188168109}, {"id": "789063632", "price": 857.31, "amount": 0.04, "side": "sell", "timestamp": 1766188168112}, {"id": "789063633", "price": 857.28, "amount": 0.02, "side": "sell", "timestamp": 1766188168120}, {"id": "789063634", "price": 857.26, "amount": 0.22, "side": "sell", "timestamp": 1766188168120}, {"id": "789063635", "price": 857.24, "amount": 0.18, "side": "sell", "timestamp": 1766188168632}, {"id": "789063636", "price": 857.25, "amount": 0.04, "side": "buy", "timestamp": 1766188169199}, {"id": "789063637", "price": 857.25, "amount": 0.1, "side": "buy", "timestamp": 1766188170892}, {"id": "789063638", "price": 857.24, "amount": 0.04, "side": "sell", "timestamp": 1766188171787}, {"id": "789063639", "price": 857.24, "amount": 0.01, "side": "sell", "timestamp": 1766188173012}, {"id": "789063704", "price": 856.99, "amount": 0.32, "side": "sell", "timestamp": 1766188219513}, {"id": "789063705", "price": 856.98, "amount": 0.01, "side": "sell", "timestamp": 1766188219517}, {"id": "789063706", "price": 856.97, "amount": 0.06, "side": "sell", "timestamp": 1766188219517}, {"id": "789063707", "price": 856.96, "amount": 0.03, "side": "sell", "timestamp": 1766188219521}, {"id": "789063708", "price": 856.95, "amount": 0.03, "side": "sell", "timestamp": 1766188219523}, {"id": "789063709", "price": 856.94, "amount": 0.26, "side": "sell", "timestamp": 1766188219621}, {"id": "789063710", "price": 856.93, "amount": 0.12, "side": "sell", "timestamp": 1766188219624}, {"id": "789063711", "price": 856.92, "amount": 0.03, "side": "sell", "timestamp": 1766188219624}, {"id": "789063712", "price": 856.91, "amount": 0.44, "side": "sell", "timestamp": 1766188219725}, {"id": "789063713", "price": 856.91, "amount": 0.27, "side": "sell", "timestamp": 1766188220443}, {"id": "789063714", "price": 856.88, "amount": 0.04, "side": "sell", "timestamp": 1766188220448}, {"id": "789063715", "price": 856.87, "amount": 0.02, "side": "sell", "timestamp": 1766188220451}, {"id": "789063716", "price": 856.87, "amount": 0.36, "side": "buy", "timestamp": 1766188220576}, {"id": "789063717", "price": 856.86, "amount": 0.01, "side": "sell", "timestamp": 1766188220635}, {"id": "789063718", "price": 856.85, "amount": 0.17, "side": "sell", "timestamp": 1766188220665}, {"id": "789063719", "price": 856.84, "amount": 0.03, "side": "sell", "timestamp": 1766188220700}, {"id": "789063720", "price": 856.83, "amount": 0.17, "side": "sell", "timestamp": 1766188220721}, {"id": "789063721", "price": 856.82, "amount": 0.36, "side": "buy", "timestamp": 1766188220757}, {"id": "789063722", "price": 856.82, "amount": 0.72, "side": "buy", "timestamp": 1766188222147}, {"id": "789063723", "price": 856.81, "amount": 0.02, "side": "sell", "timestamp": 1766188222655}, {"id": "789063724", "price": 856.81, "amount": 1.24, "side": "sell", "timestamp": 1766188222938}, {"id": "789063725", "price": 856.8, "amount": 0.05, "side": "sell", "timestamp": 1766188222938}, {"id": "789063726", "price": 856.79, "amount": 0.01, "side": "sell", "timestamp": 1766188222938}, {"id": "789063727", "price": 856.78, "amount": 0.03, "side": "sell", "timestamp": 1766188222938}, {"id": "789063728", "price": 856.77, "amount": 0.29, "side": "sell", "timestamp": 1766188222938}, {"id": "789063729", "price": 856.76, "amount": 0.18, "side": "sell", "timestamp": 1766188223585}, {"id": "789063730", "price": 856.75, "amount": 0.04, "side": "sell", "timestamp": 1766188223592}, {"id": "789063731", "price": 856.74, "amount": 0.12, "side": "sell", "timestamp": 1766188223593}, {"id": "789063732", "price": 856.73, "amount": 0.72, "side": "sell", "timestamp": 1766188223674}, {"id": "789063733", "price": 856.72, "amount": 0.02, "side": "sell", "timestamp": 1766188223677}, {"id": "789063734", "price": 856.7, "amount": 0.02, "side": "sell", "timestamp": 1766188223686}, {"id": "789063735", "price": 856.69, "amount": 0.06, "side": "buy", "timestamp": 1766188223960}, {"id": "789063736", "price": 856.68, "amount": 0.01, "side": "sell", "timestamp": 1766188224009}, {"id": "789063737", "price": 856.66, "amount": 0.02, "side": "sell", "timestamp": 1766188224012}, {"id": "789063738", "price": 856.65, "amount": 0.01, "side": "sell", "timestamp": 1766188224012}, {"id": "789063739", "price": 856.64, "amount": 1.53, "side": "sell", "timestamp": 1766188224012}, {"id": "789063740", "price": 856.63, "amount": 0.01, "side": "sell", "timestamp": 1766188224049}, {"id": "789063741", "price": 856.62, "amount": 0.02, "side": "buy", "timestamp": 1766188226498}, {"id": "789063742", "price": 856.62, "amount": 0.18, "side": "buy", "timestamp": 1766188226895}, {"id": "789063743", "price": 856.62, "amount": 0.01, "side": "buy", "timestamp": 1766188228475}, {"id": "789063744", "price": 856.61, "amount": 0.1, "side": "sell", "timestamp": 1766188228487}, {"id": "789063745", "price": 856.62, "amount": 0.01, "side": "buy", "timestamp": 1766188228792}, {"id": "789063746", "price": 856.62, "amount": 10.84, "side": "buy", "timestamp": 1766188228923}, {"id": "789063747", "price": 856.63, "amount": 0.01, "side": "buy", "timestamp": 1766188229016}, {"id": "789063748", "price": 856.64, "amount": 0.01, "side": "buy", "timestamp": 1766188229017}, {"id": "789063749", "price": 856.65, "amount": 2.44, "side": "buy", "timestamp": 1766188229018}, {"id": "789063750", "price": 856.64, "amount": 0.94, "side": "sell", "timestamp": 1766188229054}, {"id": "789063751", "price": 856.65, "amount": 0.07, "side": "buy", "timestamp": 1766188229210}, {"id": "789063752", "price": 856.65, "amount": 0.01, "side": "buy", "timestamp": 1766188229325}, {"id": "789063753", "price": 856.64, "amount": 0.01, "side": "sell", "timestamp": 1766188230935}, {"id": "789063936", "price": 857.09, "amount": 0.47, "side": "buy", "timestamp": 1766188279193}, {"id": "789063937", "price": 857.09, "amount": 0.97, "side": "buy", "timestamp": 1766188279376}, {"id": "789063938", "price": 857.09, "amount": 0.3, "side": "buy", "timestamp": 1766188279497}, {"id": "789063939", "price": 857.09, "amount": 0.27, "side": "buy", "timestamp": 1766188279650}, {"id": "789063940", "price": 857.09, "amount": 1.53, "side": "buy", "timestamp": 1766188279773}, {"id": "789063941", "price": 857.09, "amount": 0.07, "side": "buy", "timestamp": 1766188279894}, {"id": "789063942", "price": 857.09, "amount": 0.77, "side": "buy", "timestamp": 1766188280063}, {"id": "789063943", "price": 857.08, "amount": 0.01, "side": "sell", "timestamp": 1766188280170}, {"id": "789063944", "price": 857.09, "amount": 0.07, "side": "buy", "timestamp": 1766188280269}, {"id": "789063945", "price": 857.09, "amount": 0.31, "side": "buy", "timestamp": 1766188280394}, {"id": "789063946", "price": 857.09, "amount": 1.53, "side": "buy", "timestamp": 1766188280507}, {"id": "789063947", "price": 857.09, "amount": 0.32, "side": "buy", "timestamp": 1766188280640}, {"id": "789063948", "price": 857.09, "amount": 0.1, "side": "buy", "timestamp": 1766188280750}, {"id": "789063949", "price": 857.09, "amount": 1.65, "side": "buy", "timestamp": 1766188280859}, {"id": "789063950", "price": 857.09, "amount": 0.58, "side": "buy", "timestamp": 1766188280985}, {"id": "789063951", "price": 857.09, "amount": 0.15, "side": "buy", "timestamp": 1766188281093}, {"id": "789063952", "price": 857.09, "amount": 0.34, "side": "buy", "timestamp": 1766188281284}, {"id": "789063953", "price": 857.09, "amount": 0.2, "side": "buy", "timestamp": 1766188281388}, {"id": "789063954", "price": 857.09, "amount": 0.27, "side": "buy", "timestamp": 1766188281521}, {"id": "789063955", "price": 857.09, "amount": 0.19, "side": "buy", "timestamp": 1766188281729}, {"id": "789063956", "price": 857.08, "amount": 0.24, "side": "sell", "timestamp": 1766188281847}, {"id": "789063957", "price": 857.09, "amount": 0.15, "side": "buy", "timestamp": 1766188281868}, {"id": "789063958", "price": 857.09, "amount": 0.27, "side": "buy", "timestamp": 1766188282067}, {"id": "789063959", "price": 857.09, "amount": 0.13, "side": "buy", "timestamp": 1766188282202}, {"id": "789063960", "price": 857.09, "amount": 0.32, "side": "buy", "timestamp": 1766188282403}, {"id": "789063961", "price": 857.09, "amount": 0.17, "side": "buy", "timestamp": 1766188282522}, {"id": "789063962", "price": 857.09, "amount": 0.13, "side": "buy", "timestamp": 1766188282646}, {"id": "789063963", "price": 857.09, "amount": 0.11, "side": "buy", "timestamp": 1766188282762}, {"id": "789063964", "price": 857.08, "amount": 0.56, "side": "sell", "timestamp": 1766188282908}, {"id": "789063965", "price": 857.07, "amount": 0.02, "side": "sell", "timestamp": 1766188282908}, {"id": "789063966", "price": 857.09, "amount": 0.19, "side": "buy", "timestamp": 1766188282909}, {"id": "789063967", "price": 857.05, "amount": 0.41, "side": "buy", "timestamp": 1766188282927}, {"id": "789063968", "price": 857.05, "amount": 0.69, "side": "buy", "timestamp": 1766188283029}, {"id": "789063969", "price": 857.05, "amount": 0.21, "side": "buy", "timestamp": 1766188283139}, {"id": "789063970", "price": 857.05, "amount": 0.36, "side": "buy", "timestamp": 1766188283268}, {"id": "789063971", "price": 857.05, "amount": 0.41, "side": "buy", "timestamp": 1766188283395}, {"id": "789063972", "price": 857.04, "amount": 0.34, "side": "sell", "timestamp": 1766188283401}, {"id": "789063973", "price": 857.05, "amount": 15.42, "side": "buy", "timestamp": 1766188283428}, {"id": "789063974", "price": 857.06, "amount": 0.01, "side": "buy", "timestamp": 1766188283514}, {"id": "789063975", "price": 857.09, "amount": 0.17, "side": "buy", "timestamp": 1766188283537}, {"id": "789063976", "price": 857.09, "amount": 1.99, "side": "buy", "timestamp": 1766188283655}, {"id": "789063977", "price": 857.09, "amount": 7.86, "side": "buy", "timestamp": 1766188283806}, {"id": "789063978", "price": 857.12, "amount": 4.51, "side": "buy", "timestamp": 1766188283845}, {"id": "789063979", "price": 857.13, "amount": 4.39, "side": "buy", "timestamp": 1766188283845}, {"id": "789063980", "price": 857.13, "amount": 2.25, "side": "buy", "timestamp": 1766188283948}, {"id": "789063981", "price": 857.15, "amount": 0.02, "side": "buy", "timestamp": 1766188284023}, {"id": "789063982", "price": 857.16, "amount": 0.02, "side": "buy", "timestamp": 1766188284023}, {"id": "789063983", "price": 857.17, "amount": 0.03, "side": "buy", "timestamp": 1766188284023}, {"id": "789063984", "price": 857.18, "amount": 4.44, "side": "buy", "timestamp": 1766188284023}, {"id": "789063985", "price": 857.19, "amount": 5.16, "side": "buy", "timestamp": 1766188284083}, {"id": "789064197", "price": 856.88, "amount": 1.86, "side": "sell", "timestamp": 1766188307701}, {"id": "789064198", "price": 856.89, "amount": 0.41, "side": "buy", "timestamp": 1766188307859}, {"id": "789064199", "price": 856.9, "amount": 0.01, "side": "buy", "timestamp": 1766188307954}, {"id": "789064200", "price": 856.92, "amount": 0.01, "side": "buy", "timestamp": 1766188307954}, {"id": "789064201", "price": 856.92, "amount": 0.04, "side": "sell", "timestamp": 1766188308747}, {"id": "789064202", "price": 856.93, "amount": 0.12, "side": "buy", "timestamp": 1766188308933}, {"id": "789064203", "price": 856.93, "amount": 0.93, "side": "buy", "timestamp": 1766188309245}, {"id": "789064204", "price": 856.93, "amount": 0.12, "side": "buy", "timestamp": 1766188309348}, {"id": "789064205", "price": 856.95, "amount": 0.02, "side": "buy", "timestamp": 1766188309355}, {"id": "789064206", "price": 856.96, "amount": 0.03, "side": "buy", "timestamp": 1766188309355}, {"id": "789064207", "price": 856.97, "amount": 0.03, "side": "buy", "timestamp": 1766188309355}, {"id": "789064208", "price": 856.98, "amount": 0.04, "side": "buy", "timestamp": 1766188310509}, {"id": "789064209", "price": 856.97, "amount": 24.02, "side": "sell", "timestamp": 1766188311541}, {"id": "789064210", "price": 856.96, "amount": 0.05, "side": "sell", "timestamp": 1766188311560}, {"id": "789064211", "price": 856.95, "amount": 0.02, "side": "sell", "timestamp": 1766188311560}, {"id": "789064212", "price": 856.95, "amount": 0.01, "side": "buy", "timestamp": 1766188312145}, {"id": "789064213", "price": 856.94, "amount": 0.04, "side": "sell", "timestamp": 1766188312622}, {"id": "789064214", "price": 856.95, "amount": 0.01, "side": "buy", "timestamp": 1766188313025}, {"id": "789064215", "price": 856.95, "amount": 0.04, "side": "buy", "timestamp": 1766188314405}, {"id": "789064216", "price": 856.94, "amount": 3.85, "side": "sell", "timestamp": 1766188315706}, {"id": "789064217", "price": 856.94, "amount": 0.01, "side": "sell", "timestamp": 1766188316377}, {"id": "789064218", "price": 856.94, "amount": 0.23, "side": "sell", "timestamp": 1766188317304}, {"id": "789064219", "price": 856.94, "amount": 0.01, "side": "sell", "timestamp": 1766188317545}, {"id": "789064220", "price": 856.94, "amount": 0.01, "side": "sell", "timestamp": 1766188318407}, {"id": "789064221", "price": 856.94, "amount": 0.39, "side": "sell", "timestamp": 1766188319462}, {"id": "789064222", "price": 856.93, "amount": 0.23, "side": "sell", "timestamp": 1766188319462}, {"id": "789064223", "price": 856.92, "amount": 1.18, "side": "sell", "timestamp": 1766188319462}, {"id": "789064224", "price": 856.91, "amount": 2.56, "side": "sell", "timestamp": 1766188319462}, {"id": "789064225", "price": 856.9, "amount": 0.01, "side": "sell", "timestamp": 1766188319462}, {"id": "789064226", "price": 856.89, "amount": 0.02, "side": "sell", "timestamp": 1766188319463}, {"id": "789064227", "price": 856.88, "amount": 1.26, "side": "sell", "timestamp": 1766188319463}, {"id": "789064228", "price": 856.87, "amount": 1.2, "side": "sell", "timestamp": 1766188319463}, {"id": "789064229", "price": 856.84, "amount": 0.02, "side": "sell", "timestamp": 1766188321187}, {"id": "789064230", "price": 856.84, "amount": 0.04, "side": "sell", "timestamp": 1766188321369}, {"id": "789064231", "price": 856.85, "amount": 0.11, "side": "buy", "timestamp": 1766188322114}, {"id": "789064232", "price": 856.85, "amount": 0.14, "side": "buy", "timestamp": 1766188322847}, {"id": "789064233", "price": 856.85, "amount": 0.01, "side": "buy", "timestamp": 1766188323674}, {"id": "789064234", "price": 856.85, "amount": 3.0, "side": "buy", "timestamp": 1766188325917}, {"id": "789064235", "price": 856.84, "amount": 0.01, "side": "sell", "timestamp": 1766188325966}, {"id": "789064236", "price": 856.85, "amount": 0.03, "side": "buy", "timestamp": 1766188327467}, {"id": "789064237", "price": 856.84, "amount": 0.12, "side": "sell", "timestamp": 1766188328120}, {"id": "789064238", "price": 856.84, "amount": 0.23, "side": "sell", "timestamp": 1766188329963}, {"id": "789064239", "price": 856.85, "amount": 0.11, "side": "buy", "timestamp": 1766188330908}, {"id": "789064240", "price": 856.84, "amount": 0.01, "side": "sell", "timestamp": 1766188331676}, {"id": "789064241", "price": 856.85, "amount": 0.02, "side": "buy", "timestamp": 1766188331866}, {"id": "789064242", "price": 856.85, "amount": 0.01, "side": "buy", "timestamp": 1766188334180}, {"id": "789064243", "price": 856.85, "amount": 0.11, "side": "buy", "timestamp": 1766188334907}, {"id": "789064244", "price": 856.85, "amount": 0.15, "side": "buy", "timestamp": 1766188335561}, {"id": "789064245", "price": 856.84, "amount": 0.23, "side": "sell", "timestamp": 1766188335703}, {"id": "789064246", "price": 856.85, "amount": 0.59, "side": "buy", "timestamp": 1766188335724}, {"id": "789064292", "price": 856.94, "amount": 0.18, "side": "buy", "timestamp": 1766188360214}, {"id": "789064293", "price": 856.93, "amount": 0.01, "side": "sell", "timestamp": 1766188360547}, {"id": "789064294", "price": 856.93, "amount": 0.01, "side": "sell", "timestamp": 1766188361698}, {"id": "789064295", "price": 856.93, "amount": 0.58, "side": "sell", "timestamp": 1766188361824}, {"id": "789064296", "price": 856.94, "amount": 0.48, "side": "buy", "timestamp": 1766188362700}, {"id": "789064297", "price": 856.93, "amount": 0.01, "side": "sell", "timestamp": 1766188362742}, {"id": "789064298", "price": 856.94, "amount": 0.01, "side": "buy", "timestamp": 1766188363623}, {"id": "789064299", "price": 856.93, "amount": 0.02, "side": "sell", "timestamp": 1766188363807}, {"id": "789064300", "price": 856.93, "amount": 0.02, "side": "sell", "timestamp": 1766188364872}, {"id": "789064301", "price": 856.94, "amount": 0.05, "side": "buy", "timestamp": 1766188364972}, {"id": "789064302", "price": 856.93, "amount": 0.01, "side": "sell", "timestamp": 1766188366000}, {"id": "789064303", "price": 856.94, "amount": 0.02, "side": "buy", "timestamp": 1766188367021}, {"id": "789064304", "price": 856.93, "amount": 0.24, "side": "sell", "timestamp": 1766188367671}, {"id": "789064305", "price": 856.93, "amount": 0.01, "side": "sell", "timestamp": 1766188367773}, {"id": "789064306", "price": 856.94, "amount": 0.11, "side": "buy", "timestamp": 1766188367934}, {"id": "789064307", "price": 856.94, "amount": 0.27, "side": "buy", "timestamp": 1766188368050}, {"id": "789064308", "price": 856.94, "amount": 0.12, "side": "buy", "timestamp": 1766188368278}, {"id": "789064309", "price": 856.94, "amount": 0.28, "side": "buy", "timestamp": 1766188368423}, {"id": "789064310", "price": 856.94, "amount": 0.03, "side": "buy", "timestamp": 1766188368554}, {"id": "789064311", "price": 856.94, "amount": 0.01, "side": "buy", "timestamp": 1766188369478}, {"id": "789064312", "price": 856.93, "amount": 0.23, "side": "sell", "timestamp": 1766188369787}, {"id": "789064313", "price": 856.94, "amount": 0.1, "side": "buy", "timestamp": 1766188370040}, {"id": "789064314", "price": 856.93, "amount": 0.12, "side": "sell", "timestamp": 1766188370791}, {"id": "789064315", "price": 856.94, "amount": 0.01, "side": "buy", "timestamp": 1766188371742}, {"id": "789064316", "price": 856.94, "amount": 0.02, "side": "buy", "timestamp": 1766188374647}, {"id": "789064317", "price": 856.94, "amount": 5.83, "side": "buy", "timestamp": 1766188376080}, {"id": "789064318", "price": 856.93, "amount": 0.24, "side": "sell", "timestamp": 1766188376109}, {"id": "789064319", "price": 856.94, "amount": 0.02, "side": "buy", "timestamp": 1766188377073}, {"id": "789064320", "price": 856.93, "amount": 0.04, "side": "sell", "timestamp": 1766188378243}, {"id": "789064321", "price": 856.93, "amount": 0.43, "side": "sell", "timestamp": 1766188378732}, {"id": "789064322", "price": 856.94, "amount": 0.01, "side": "buy", "timestamp": 1766188379118}, {"id": "789064323", "price": 856.94, "amount": 0.01, "side": "buy", "timestamp": 1766188379616}, {"id": "789064324", "price": 856.93, "amount": 0.23, "side": "sell", "timestamp": 1766188380315}, {"id": "789064325", "price": 856.94, "amount": 0.02, "side": "buy", "timestamp": 1766188380493}, {"id": "789064326", "price": 856.94, "amount": 0.02, "side": "buy", "timestamp": 1766188380960}, {"id": "789064327", "price": 856.93, "amount": 0.02, "side": "sell", "timestamp": 1766188381053}, {"id": "789064328", "price": 856.94, "amount": 0.07, "side": "buy", "timestamp": 1766188381437}, {"id": "789064329", "price": 856.94, "amount": 0.01, "side": "buy", "timestamp": 1766188381830}, {"id": "789064330", "price": 856.94, "amount": 0.02, "side": "buy", "timestamp": 1766188382272}, {"id": "789064331", "price": 856.94, "amount": 0.01, "side": "buy", "timestamp": 1766188384223}, {"id": "789064332", "price": 856.94, "amount": 0.01, "side": "buy", "timestamp": 1766188384370}, {"id": "789064333", "price": 856.93, "amount": 0.01, "side": "sell", "timestamp": 1766188384422}, {"id": "789064334", "price": 856.93, "amount": 0.03, "side": "sell", "timestamp": 1766188384803}, {"id": "789064335", "price": 856.93, "amount": 0.05, "side": "sell", "timestamp": 1766188384966}, {"id": "789064336", "price": 856.93, "amount": 0.01, "side": "sell", "timestamp": 1766188385110}, {"id": "789064337", "price": 856.93, "amount": 0.02, "side": "sell", "timestamp": 1766188385240}, {"id": "789064338", "price": 856.93, "amount": 0.01, "side": "sell", "timestamp": 1766188385364}, {"id": "789064339", "price": 856.94, "amount": 0.06, "side": "buy", "timestamp": 1766188385848}, {"id": "789064340", "price": 856.94, "amount": 0.03, "side": "buy", "timestamp": 1766188388046}, {"id": "789064341", "price": 856.94, "amount": 0.02, "side": "buy", "timestamp": 1766188388523}, {"id": "789064388", "price": 857.09, "amount": 0.01, "side": "buy", "timestamp": 1766188419585}, {"id": "789064389", "price": 857.1, "amount": 0.02, "side": "buy", "timestamp": 1766188419586}, {"id": "789064390", "price": 857.11, "amount": 0.03, "side": "buy", "timestamp": 1766188420039}, {"id": "789064391", "price": 857.11, "amount": 0.02, "side": "buy", "timestamp": 1766188421889}, {"id": "789064392", "price": 857.11, "amount": 0.21, "side": "buy", "timestamp": 1766188422382}, {"id": "789064393", "price": 857.11, "amount": 0.03, "side": "buy", "timestamp": 1766188422900}, {"id": "789064394", "price": 857.11, "amount": 0.01, "side": "buy", "timestamp": 1766188424803}, {"id": "789064395", "price": 857.11, "amount": 0.01, "side": "buy", "timestamp": 1766188427120}, {"id": "789064396", "price": 857.1, "amount": 0.01, "side": "sell", "timestamp": 1766188427978}, {"id": "789064397", "price": 857.11, "amount": 1.21, "side": "buy", "timestamp": 1766188428310}, {"id": "789064398", "price": 857.12, "amount": 0.22, "side": "buy", "timestamp": 1766188428312}, {"id": "789064399", "price": 857.13, "amount": 0.04, "side": "buy", "timestamp": 1766188428313}, {"id": "789064400", "price": 857.14, "amount": 0.27, "side": "buy", "timestamp": 1766188428313}, {"id": "789064401", "price": 857.15, "amount": 0.55, "side": "buy", "timestamp": 1766188428396}, {"id": "789064402", "price": 857.16, "amount": 0.04, "side": "buy", "timestamp": 1766188428396}, {"id": "789064403", "price": 857.17, "amount": 0.03, "side": "buy", "timestamp": 1766188428396}, {"id": "789064404", "price": 857.19, "amount": 0.72, "side": "buy", "timestamp": 1766188428396}, {"id": "789064405", "price": 857.2, "amount": 0.03, "side": "buy", "timestamp": 1766188428396}, {"id": "789064406", "price": 857.21, "amount": 0.02, "side": "buy", "timestamp": 1766188428396}, {"id": "789064407", "price": 857.22, "amount": 0.04, "side": "buy", "timestamp": 1766188428400}, {"id": "789064408", "price": 857.24, "amount": 0.04, "side": "buy", "timestamp": 1766188428402}, {"id": "789064409", "price": 857.26, "amount": 0.05, "side": "buy", "timestamp": 1766188428406}, {"id": "789064410", "price": 857.28, "amount": 0.03, "side": "buy", "timestamp": 1766188428418}, {"id": "789064411", "price": 857.29, "amount": 0.03, "side": "buy", "timestamp": 1766188428418}, {"id": "789064412", "price": 857.3, "amount": 0.02, "side": "buy", "timestamp": 1766188428418}, {"id": "789064413", "price": 857.31, "amount": 0.01, "side": "sell", "timestamp": 1766188428779}, {"id": "789064414", "price": 857.32, "amount": 0.02, "side": "buy", "timestamp": 1766188430143}, {"id": "789064415", "price": 857.32, "amount": 0.01, "side": "buy", "timestamp": 1766188430380}, {"id": "789064416", "price": 857.31, "amount": 0.01, "side": "sell", "timestamp": 1766188431126}, {"id": "789064417", "price": 857.31, "amount": 11.66, "side": "sell", "timestamp": 1766188432159}, {"id": "789064418", "price": 857.32, "amount": 0.01, "side": "buy", "timestamp": 1766188432844}, {"id": "789064419", "price": 857.31, "amount": 0.03, "side": "sell", "timestamp": 1766188433032}, {"id": "789064420", "price": 857.32, "amount": 0.02, "side": "buy", "timestamp": 1766188434378}, {"id": "789064421", "price": 857.32, "amount": 0.01, "side": "buy", "timestamp": 1766188436376}, {"id": "789064422", "price": 857.31, "amount": 0.05, "side": "sell", "timestamp": 1766188436682}, {"id": "789064423", "price": 857.32, "amount": 1.0, "side": "buy", "timestamp": 1766188437922}, {"id": "789064424", "price": 857.31, "amount": 0.01, "side": "sell", "timestamp": 1766188438039}, {"id": "789064425", "price": 857.31, "amount": 1.81, "side": "sell", "timestamp": 1766188438685}, {"id": "789064426", "price": 857.31, "amount": 0.01, "side": "sell", "timestamp": 1766188439671}, {"id": "789064427", "price": 857.31, "amount": 2.85, "side": "sell", "timestamp": 1766188440194}, {"id": "789064428", "price": 857.29, "amount": 0.02, "side": "sell", "timestamp": 1766188440196}, {"id": "789064429", "price": 857.28, "amount": 0.01, "side": "sell", "timestamp": 1766188440196}, {"id": "789064430", "price": 857.27, "amount": 0.02, "side": "sell", "timestamp": 1766188440992}, {"id": "789064431", "price": 857.28, "amount": 0.32, "side": "buy", "timestamp": 1766188441223}, {"id": "789064432", "price": 857.28, "amount": 0.11, "side": "buy", "timestamp": 1766188441332}, {"id": "789064433", "price": 857.27, "amount": 0.06, "side": "sell", "timestamp": 1766188441360}, {"id": "789064434", "price": 857.28, "amount": 0.16, "side": "buy", "timestamp": 1766188441508}, {"id": "789064435", "price": 857.28, "amount": 0.02, "side": "buy", "timestamp": 1766188441886}, {"id": "789064436", "price": 857.27, "amount": 0.27, "side": "sell", "timestamp": 1766188442226}, {"id": "789064437", "price": 857.28, "amount": 0.19, "side": "buy", "timestamp": 1766188442334}, {"id": "789064462", "price": 857.15, "amount": 0.14, "side": "sell", "timestamp": 1766188454711}, {"id": "789064463", "price": 857.14, "amount": 0.14, "side": "sell", "timestamp": 1766188454712}, {"id": "789064464", "price": 857.13, "amount": 0.05, "side": "sell", "timestamp": 1766188454712}, {"id": "789064465", "price": 857.12, "amount": 0.07, "side": "sell", "timestamp": 1766188454712}, {"id": "789064466", "price": 857.11, "amount": 0.04, "side": "sell", "timestamp": 1766188454712}, {"id": "789064467", "price": 857.1, "amount": 2.49, "side": "sell", "timestamp": 1766188454712}, {"id": "789064468", "price": 857.08, "amount": 4.31, "side": "sell", "timestamp": 1766188454723}, {"id": "789064469", "price": 857.07, "amount": 0.03, "side": "sell", "timestamp": 1766188454827}, {"id": "789064470", "price": 857.04, "amount": 0.08, "side": "sell", "timestamp": 1766188454885}, {"id": "789064471", "price": 857.05, "amount": 3.97, "side": "buy", "timestamp": 1766188454989}, {"id": "789064472", "price": 857.04, "amount": 0.23, "side": "sell", "timestamp": 1766188455060}, {"id": "789064473", "price": 857.05, "amount": 0.01, "side": "buy", "timestamp": 1766188455106}, {"id": "789064474", "price": 857.04, "amount": 0.01, "side": "sell", "timestamp": 1766188455940}, {"id": "789064475", "price": 857.05, "amount": 0.16, "side": "buy", "timestamp": 1766188456043}, {"id": "789064476", "price": 857.05, "amount": 16.36, "side": "buy", "timestamp": 1766188457270}, {"id": "789064477", "price": 857.06, "amount": 0.02, "side": "buy", "timestamp": 1766188457270}, {"id": "789064478", "price": 857.08, "amount": 3.64, "side": "buy", "timestamp": 1766188457270}, {"id": "789064479", "price": 857.08, "amount": 0.23, "side": "sell", "timestamp": 1766188457541}, {"id": "789064480", "price": 857.09, "amount": 0.01, "side": "buy", "timestamp": 1766188457572}, {"id": "789064481", "price": 857.08, "amount": 0.82, "side": "sell", "timestamp": 1766188459125}, {"id": "789064482", "price": 857.08, "amount": 0.08, "side": "sell", "timestamp": 1766188459443}, {"id": "789064483", "price": 857.08, "amount": 0.46, "side": "sell", "timestamp": 1766188459716}, {"id": "789064484", "price": 857.09, "amount": 0.23, "side": "buy", "timestamp": 1766188459945}, {"id": "789064485", "price": 857.09, "amount": 0.02, "side": "buy", "timestamp": 1766188461134}, {"id": "789064486", "price": 857.08, "amount": 0.1, "side": "sell", "timestamp": 1766188461141}, {"id": "789064487", "price": 857.08, "amount": 1.54, "side": "sell", "timestamp": 1766188464139}, {"id": "789064488", "price": 857.07, "amount": 0.01, "side": "buy", "timestamp": 1766188464729}, {"id": "789064489", "price": 857.06, "amount": 0.81, "side": "sell", "timestamp": 1766188466821}, {"id": "789064490", "price": 857.04, "amount": 0.03, "side": "sell", "timestamp": 1766188466829}, {"id": "789064491", "price": 857.03, "amount": 0.02, "side": "sell", "timestamp": 1766188466829}, {"id": "789064492", "price": 857.01, "amount": 0.56, "side": "buy", "timestamp": 1766188467502}, {"id": "789064493", "price": 857.01, "amount": 0.01, "side": "buy", "timestamp": 1766188469070}, {"id": "789064494", "price": 857.01, "amount": 0.01, "side": "buy", "timestamp": 1766188469579}, {"id": "789064495", "price": 857.0, "amount": 11.01, "side": "sell", "timestamp": 1766188471042}, {"id": "789064496", "price": 856.98, "amount": 0.01, "side": "sell", "timestamp": 1766188473925}, {"id": "789064497", "price": 856.98, "amount": 0.24, "side": "sell", "timestamp": 1766188475687}, {"id": "789064498", "price": 856.99, "amount": 0.01, "side": "buy", "timestamp": 1766188478454}, {"id": "789064499", "price": 856.99, "amount": 0.01, "side": "buy", "timestamp": 1766188478988}, {"id": "789064500", "price": 856.99, "amount": 0.03, "side": "buy", "timestamp": 1766188480217}, {"id": "789064501", "price": 856.99, "amount": 0.02, "side": "buy", "timestamp": 1766188480486}, {"id": "789064502", "price": 856.99, "amount": 0.02, "side": "buy", "timestamp": 1766188480739}, {"id": "789064503", "price": 856.99, "amount": 0.01, "side": "buy", "timestamp": 1766188482358}, {"id": "789064504", "price": 856.99, "amount": 0.03, "side": "buy", "timestamp": 1766188483118}, {"id": "789064505", "price": 856.98, "amount": 0.97, "side": "sell", "timestamp": 1766188484591}, {"id": "789064506", "price": 856.99, "amount": 0.01, "side": "buy", "timestamp": 1766188487388}, {"id": "789064507", "price": 856.99, "amount": 0.01, "side": "buy", "timestamp": 1766188487813}, {"id": "789064508", "price": 856.98, "amount": 0.15, "side": "sell", "timestamp": 1766188488522}, {"id": "789064509", "price": 856.99, "amount": 0.01, "side": "buy", "timestamp": 1766188491560}, {"id": "789064510", "price": 856.99, "amount": 0.01, "side": "buy", "timestamp": 1766188491844}, {"id": "789064511", "price": 856.99, "amount": 0.01, "side": "buy", "timestamp": 1766188494894}, {"id": "789064550", "price": 856.98, "amount": 0.19, "side": "sell", "timestamp": 1766188507911}, {"id": "789064551", "price": 856.99, "amount": 0.1, "side": "buy", "timestamp": 1766188507964}, {"id": "789064552", "price": 856.99, "amount": 0.01, "side": "buy", "timestamp": 1766188510503}, {"id": "789064553", "price": 856.98, "amount": 0.69, "side": "sell", "timestamp": 1766188510713}, {"id": "789064554", "price": 856.97, "amount": 0.02, "side": "sell", "timestamp": 1766188510713}, {"id": "789064555", "price": 856.96, "amount": 0.02, "side": "sell", "timestamp": 1766188510713}, {"id": "789064556", "price": 856.95, "amount": 0.46, "side": "sell", "timestamp": 1766188510713}, {"id": "789064557", "price": 856.93, "amount": 1.39, "side": "sell", "timestamp": 1766188510713}, {"id": "789064558", "price": 856.94, "amount": 0.01, "side": "buy", "timestamp": 1766188511270}, {"id": "789064559", "price": 856.93, "amount": 0.01, "side": "sell", "timestamp": 1766188511676}, {"id": "789064560", "price": 856.93, "amount": 0.01, "side": "sell", "timestamp": 1766188511875}, {"id": "789064561", "price": 856.93, "amount": 0.13, "side": "sell", "timestamp": 1766188512341}, {"id": "789064562", "price": 856.92, "amount": 0.01, "side": "sell", "timestamp": 1766188512848}, {"id": "789064563", "price": 856.91, "amount": 0.3, "side": "sell", "timestamp": 1766188512848}, {"id": "789064564", "price": 856.9, "amount": 0.01, "side": "sell", "timestamp": 1766188512851}, {"id": "789064565", "price": 856.89, "amount": 0.01, "side": "sell", "timestamp": 1766188512888}, {"id": "789064566", "price": 856.9, "amount": 0.93, "side": "buy", "timestamp": 1766188513083}, {"id": "789064567", "price": 856.9, "amount": 0.1, "side": "buy", "timestamp": 1766188513193}, {"id": "789064568", "price": 856.9, "amount": 0.04, "side": "buy", "timestamp": 1766188514424}, {"id": "789064569", "price": 856.89, "amount": 0.06, "side": "sell", "timestamp": 1766188514830}, {"id": "789064570", "price": 856.88, "amount": 0.05, "side": "sell", "timestamp": 1766188514830}, {"id": "789064571", "price": 856.87, "amount": 0.19, "side": "sell", "timestamp": 1766188514830}, {"id": "789064572", "price": 856.84, "amount": 0.01, "side": "sell", "timestamp": 1766188514830}, {"id": "789064573", "price": 856.83, "amount": 0.03, "side": "sell", "timestamp": 1766188514830}, {"id": "789064574", "price": 856.82, "amount": 0.02, "side": "sell", "timestamp": 1766188514830}, {"id": "789064575", "price": 856.81, "amount": 0.2, "side": "sell", "timestamp": 1766188514830}, {"id": "789064576", "price": 856.82, "amount": 0.01, "side": "buy", "timestamp": 1766188514850}, {"id": "789064577", "price": 856.81, "amount": 1.45, "side": "sell", "timestamp": 1766188516047}, {"id": "789064578", "price": 856.81, "amount": 0.02, "side": "sell", "timestamp": 1766188517597}, {"id": "789064579", "price": 856.82, "amount": 0.01, "side": "buy", "timestamp": 1766188519068}, {"id": "789064580", "price": 856.82, "amount": 0.01, "side": "buy", "timestamp": 1766188520131}, {"id": "789064581", "price": 856.81, "amount": 0.27, "side": "sell", "timestamp": 1766188523050}, {"id": "789064582", "price": 856.82, "amount": 0.03, "side": "buy", "timestamp": 1766188524583}, {"id": "789064583", "price": 856.82, "amount": 0.02, "side": "buy", "timestamp": 1766188526308}, {"id": "789064584", "price": 856.82, "amount": 0.01, "side": "buy", "timestamp": 1766188526534}, {"id": "789064585", "price": 856.82, "amount": 0.02, "side": "buy", "timestamp": 1766188530399}, {"id": "789064586", "price": 856.81, "amount": 0.09, "side": "sell", "timestamp": 1766188534385}, {"id": "789064587", "price": 856.82, "amount": 0.01, "side": "buy", "timestamp": 1766188534613}, {"id": "789064588", "price": 856.81, "amount": 0.04, "side": "sell", "timestamp": 1766188535182}, {"id": "789064589", "price": 856.82, "amount": 0.02, "side": "buy", "timestamp": 1766188535392}, {"id": "789064590", "price": 856.82, "amount": 0.11, "side": "buy", "timestamp": 1766188537114}, {"id": "789064591", "price": 856.82, "amount": 0.01, "side": "buy", "timestamp": 1766188538694}, {"id": "789064592", "price": 856.82, "amount": 0.01, "side": "buy", "timestamp": 1766188539039}, {"id": "789064593", "price": 856.81, "amount": 1.04, "side": "sell", "timestamp": 1766188541820}, {"id": "789064594", "price": 856.82, "amount": 0.05, "side": "buy", "timestamp": 1766188542009}, {"id": "789064595", "price": 856.82, "amount": 0.01, "side": "buy", "timestamp": 1766188544398}, {"id": "789064596", "price": 856.81, "amount": 4.31, "side": "sell", "timestamp": 1766188545617}, {"id": "789064597", "price": 856.82, "amount": 0.94, "side": "buy", "timestamp": 1766188546680}, {"id": "789064598", "price": 856.81, "amount": 0.23, "side": "sell", "timestamp": 1766188546829}, {"id": "789064599", "price": 856.81, "amount": 0.01, "side": "sell", "timestamp": 1766188547672}, {"id": "789064624", "price": 856.82, "amount": 0.01, "side": "buy", "timestamp": 1766188572256}, {"id": "789064625", "price": 856.82, "amount": 0.01, "side": "buy", "timestamp": 1766188572467}, {"id": "789064626", "price": 856.82, "amount": 0.34, "side": "buy", "timestamp": 1766188572612}, {"id": "789064627", "price": 856.82, "amount": 0.27, "side": "buy", "timestamp": 1766188572778}, {"id": "789064628", "price": 856.81, "amount": 0.14, "side": "sell", "timestamp": 1766188573379}, {"id": "789064629", "price": 856.81, "amount": 0.56, "side": "sell", "timestamp": 1766188574799}, {"id": "789064630", "price": 856.81, "amount": 0.06, "side": "sell", "timestamp": 1766188574916}, {"id": "789064631", "price": 856.82, "amount": 0.93, "side": "buy", "timestamp": 1766188576775}, {"id": "789064632", "price": 856.82, "amount": 1.0, "side": "buy", "timestamp": 1766188579380}, {"id": "789064633", "price": 856.82, "amount": 1.0, "side": "buy", "timestamp": 1766188580110}, {"id": "789064634", "price": 856.81, "amount": 0.23, "side": "sell", "timestamp": 1766188580805}, {"id": "789064635", "price": 856.82, "amount": 0.08, "side": "buy", "timestamp": 1766188582100}, {"id": "789064636", "price": 856.81, "amount": 0.01, "side": "sell", "timestamp": 1766188583677}, {"id": "789064637", "price": 856.81, "amount": 0.02, "side": "sell", "timestamp": 1766188585405}, {"id": "789064638", "price": 856.81, "amount": 0.02, "side": "sell", "timestamp": 1766188585526}, {"id": "789064639", "price": 856.82, "amount": 1.05, "side": "buy", "timestamp": 1766188587027}, {"id": "789064640", "price": 856.82, "amount": 0.02, "side": "buy", "timestamp": 1766188588370}, {"id": "789064641", "price": 856.82, "amount": 58.6, "side": "buy", "timestamp": 1766188589092}, {"id": "789064642", "price": 856.83, "amount": 0.14, "side": "buy", "timestamp": 1766188589101}, {"id": "789064643", "price": 856.84, "amount": 7.83, "side": "buy", "timestamp": 1766188589101}, {"id": "789064644", "price": 856.85, "amount": 0.11, "side": "buy", "timestamp": 1766188589125}, {"id": "789064645", "price": 856.86, "amount": 1.14, "side": "buy", "timestamp": 1766188589151}, {"id": "789064646", "price": 856.87, "amount": 0.14, "side": "buy", "timestamp": 1766188589151}, {"id": "789064647", "price": 856.88, "amount": 0.01, "side": "buy", "timestamp": 1766188589177}, {"id": "789064648", "price": 856.9, "amount": 0.02, "side": "buy", "timestamp": 1766188589198}, {"id": "789064649", "price": 856.9, "amount": 0.46, "side": "sell", "timestamp": 1766188589439}, {"id": "789064650", "price": 856.9, "amount": 0.23, "side": "sell", "timestamp": 1766188589847}, {"id": "789064651", "price": 856.9, "amount": 0.46, "side": "sell", "timestamp": 1766188590254}, {"id": "789064652", "price": 856.91, "amount": 0.01, "side": "buy", "timestamp": 1766188590390}, {"id": "789064653", "price": 856.9, "amount": 16.99, "side": "sell", "timestamp": 1766188590879}, {"id": "789064654", "price": 856.9, "amount": 1.01, "side": "sell", "timestamp": 1766188591189}, {"id": "789064655", "price": 856.88, "amount": 0.15, "side": "sell", "timestamp": 1766188591191}, {"id": "789064656", "price": 856.88, "amount": 0.01, "side": "buy", "timestamp": 1766188591357}, {"id": "789064657", "price": 856.87, "amount": 0.25, "side": "sell", "timestamp": 1766188591474}, {"id": "789064658", "price": 856.86, "amount": 0.02, "side": "sell", "timestamp": 1766188591474}, {"id": "789064659", "price": 856.85, "amount": 0.03, "side": "sell", "timestamp": 1766188591474}, {"id": "789064660", "price": 856.84, "amount": 0.16, "side": "sell", "timestamp": 1766188591474}, {"id": "789064661", "price": 856.84, "amount": 1.88, "side": "sell", "timestamp": 1766188591728}, {"id": "789064662", "price": 856.83, "amount": 0.02, "side": "sell", "timestamp": 1766188591730}, {"id": "789064663", "price": 856.82, "amount": 0.33, "side": "sell", "timestamp": 1766188591780}, {"id": "789064664", "price": 856.81, "amount": 0.05, "side": "sell", "timestamp": 1766188592732}, {"id": "789064665", "price": 856.82, "amount": 0.01, "side": "buy", "timestamp": 1766188594618}, {"id": "789064666", "price": 856.81, "amount": 0.28, "side": "sell", "timestamp": 1766188595083}, {"id": "789064667", "price": 856.82, "amount": 0.3, "side": "buy", "timestamp": 1766188595122}, {"id": "789064668", "price": 856.81, "amount": 0.04, "side": "sell", "timestamp": 1766188595834}, {"id": "789064669", "price": 856.81, "amount": 0.1, "side": "sell", "timestamp": 1766188596748}, {"id": "789064670", "price": 856.81, "amount": 2.52, "side": "sell", "timestamp": 1766188597337}, {"id": "789064671", "price": 856.82, "amount": 0.93, "side": "buy", "timestamp": 1766188597347}, {"id": "789064672", "price": 856.82, "amount": 0.01, "side": "buy", "timestamp": 1766188600686}, {"id": "789064673", "price": 856.82, "amount": 0.3, "side": "buy", "timestamp": 1766188601000}, {"id": "789064663", "price": 856.82, "amount": 0.33, "side": "sell", "timestamp": 1766188591780}, {"id": "789064664", "price": 856.81, "amount": 0.05, "side": "sell", "timestamp": 1766188592732}, {"id": "789064665", "price": 856.82, "amount": 0.01, "side": "buy", "timestamp": 1766188594618}, {"id": "789064666", "price": 856.81, "amount": 0.28, "side": "sell", "timestamp": 1766188595083}, {"id": "789064667", "price": 856.82, "amount": 0.3, "side": "buy", "timestamp": 1766188595122}, {"id": "789064668", "price": 856.81, "amount": 0.04, "side": "sell", "timestamp": 1766188595834}, {"id": "789064669", "price": 856.81, "amount": 0.1, "side": "sell", "timestamp": 1766188596748}, {"id": "789064670", "price": 856.81, "amount": 2.52, "side": "sell", "timestamp": 1766188597337}, {"id": "789064671", "price": 856.82, "amount": 0.93, "side": "buy", "timestamp": 1766188597347}, {"id": "789064672", "price": 856.82, "amount": 0.01, "side": "buy", "timestamp": 1766188600686}, {"id": "789064673", "price": 856.82, "amount": 0.3, "side": "buy", "timestamp": 1766188601000}, {"id": "789064674", "price": 856.82, "amount": 0.81, "side": "buy", "timestamp": 1766188603405}, {"id": "789064675", "price": 856.82, "amount": 0.31, "side": "buy", "timestamp": 1766188606256}, {"id": "789064676", "price": 856.82, "amount": 0.08, "side": "buy", "timestamp": 1766188606978}, {"id": "789064677", "price": 856.81, "amount": 0.03, "side": "sell", "timestamp": 1766188607044}, {"id": "789064678", "price": 856.81, "amount": 0.23, "side": "sell", "timestamp": 1766188607166}, {"id": "789064679", "price": 856.81, "amount": 0.24, "side": "sell", "timestamp": 1766188610046}, {"id": "789064680", "price": 856.82, "amount": 0.49, "side": "buy", "timestamp": 1766188611520}, {"id": "789064681", "price": 856.82, "amount": 0.3, "side": "buy", "timestamp": 1766188615364}, {"id": "789064682", "price": 856.81, "amount": 0.01, "side": "sell", "timestamp": 1766188617141}, {"id": "789064683", "price": 856.82, "amount": 0.6, "side": "buy", "timestamp": 1766188618271}, {"id": "789064684", "price": 856.81, "amount": 0.01, "side": "sell", "timestamp": 1766188619678}, {"id": "789064685", "price": 856.82, "amount": 0.02, "side": "buy", "timestamp": 1766188621283}, {"id": "789064686", "price": 856.81, "amount": 1.23, "side": "sell", "timestamp": 1766188621752}, {"id": "789064687", "price": 856.82, "amount": 0.09, "side": "buy", "timestamp": 1766188622134}, {"id": "789064688", "price": 856.82, "amount": 0.02, "side": "buy", "timestamp": 1766188623451}, {"id": "789064689", "price": 856.82, "amount": 0.01, "side": "buy", "timestamp": 1766188625123}, {"id": "789064690", "price": 856.82, "amount": 0.02, "side": "buy", "timestamp": 1766188626552}, {"id": "789064691", "price": 856.82, "amount": 0.01, "side": "buy", "timestamp": 1766188627548}, {"id": "789064692", "price": 856.81, "amount": 0.02, "side": "sell", "timestamp": 1766188627979}, {"id": "789064693", "price": 856.81, "amount": 0.01, "side": "sell", "timestamp": 1766188628499}, {"id": "789064694", "price": 856.81, "amount": 0.01, "side": "sell", "timestamp": 1766188628629}, {"id": "789064695", "price": 856.81, "amount": 0.03, "side": "sell", "timestamp": 1766188628827}, {"id": "789064696", "price": 856.82, "amount": 0.1, "side": "buy", "timestamp": 1766188629999}, {"id": "789064697", "price": 856.82, "amount": 0.01, "side": "buy", "timestamp": 1766188637982}, {"id": "789064698", "price": 856.81, "amount": 0.01, "side": "sell", "timestamp": 1766188638346}, {"id": "789064699", "price": 856.82, "amount": 0.01, "side": "buy", "timestamp": 1766188638810}, {"id": "789064700", "price": 856.82, "amount": 0.01, "side": "buy", "timestamp": 1766188640481}, {"id": "789064701", "price": 856.82, "amount": 0.01, "side": "buy", "timestamp": 1766188641377}, {"id": "789064702", "price": 856.81, "amount": 0.01, "side": "sell", "timestamp": 1766188642646}, {"id": "789064703", "price": 856.81, "amount": 0.23, "side": "sell", "timestamp": 1766188646251}, {"id": "789064704", "price": 856.81, "amount": 0.09, "side": "sell", "timestamp": 1766188646623}, {"id": "789064705", "price": 856.82, "amount": 0.01, "side": "buy", "timestamp": 1766188650166}, {"id": "789064706", "price": 856.81, "amount": 0.14, "side": "sell", "timestamp": 1766188650215}, {"id": "789064707", "price": 856.82, "amount": 0.01, "side": "buy", "timestamp": 1766188650316}, {"id": "789064708", "price": 856.82, "amount": 0.01, "side": "buy", "timestamp": 1766188651381}, {"id": "789064709", "price": 856.82, "amount": 0.06, "side": "buy", "timestamp": 1766188653168}, {"id": "789064710", "price": 856.81, "amount": 0.01, "side": "sell", "timestamp": 1766188655677}, {"id": "789064711", "price": 856.82, "amount": 0.01, "side": "buy", "timestamp": 1766188656093}, {"id": "789064712", "price": 856.82, "amount": 0.93, "side": "buy", "timestamp": 1766188656210}, {"id": "789064750", "price": 856.82, "amount": 0.69, "side": "sell", "timestamp": 1766188692307}, {"id": "789064751", "price": 856.83, "amount": 0.01, "side": "buy", "timestamp": 1766188692475}, {"id": "789064752", "price": 856.82, "amount": 0.04, "side": "sell", "timestamp": 1766188694150}, {"id": "789064753", "price": 856.83, "amount": 0.01, "side": "buy", "timestamp": 1766188695357}, {"id": "789064754", "price": 856.83, "amount": 0.04, "side": "buy", "timestamp": 1766188696014}, {"id": "789064755", "price": 856.83, "amount": 16.24, "side": "buy", "timestamp": 1766188696471}, {"id": "789064756", "price": 856.84, "amount": 0.01, "side": "buy", "timestamp": 1766188696501}, {"id": "789064757", "price": 856.84, "amount": 13.66, "side": "buy", "timestamp": 1766188697302}, {"id": "789064758", "price": 856.85, "amount": 0.03, "side": "buy", "timestamp": 1766188697303}, {"id": "789064759", "price": 856.88, "amount": 0.62, "side": "buy", "timestamp": 1766188697303}, {"id": "789064760", "price": 856.89, "amount": 0.18, "side": "buy", "timestamp": 1766188697303}, {"id": "789064761", "price": 856.9, "amount": 0.02, "side": "buy", "timestamp": 1766188697317}, {"id": "789064762", "price": 856.91, "amount": 2.54, "side": "buy", "timestamp": 1766188697317}, {"id": "789064763", "price": 856.92, "amount": 8.23, "side": "buy", "timestamp": 1766188697324}, {"id": "789064764", "price": 856.93, "amount": 0.01, "side": "sell", "timestamp": 1766188697720}, {"id": "789064765", "price": 856.94, "amount": 1.0, "side": "buy", "timestamp": 1766188698041}, {"id": "789064766", "price": 856.95, "amount": 0.02, "side": "buy", "timestamp": 1766188698041}, {"id": "789064767", "price": 856.96, "amount": 0.02, "side": "buy", "timestamp": 1766188698041}, {"id": "789064768", "price": 856.97, "amount": 0.1, "side": "buy", "timestamp": 1766188698041}, {"id": "789064769", "price": 856.98, "amount": 0.04, "side": "buy", "timestamp": 1766188698041}, {"id": "789064770", "price": 857.0, "amount": 0.03, "side": "buy", "timestamp": 1766188698041}, {"id": "789064771", "price": 857.01, "amount": 0.02, "side": "buy", "timestamp": 1766188698041}, {"id": "789064772", "price": 857.02, "amount": 0.51, "side": "buy", "timestamp": 1766188698041}, {"id": "789064773", "price": 857.01, "amount": 6.43, "side": "sell", "timestamp": 1766188698425}, {"id": "789064774", "price": 857.0, "amount": 0.03, "side": "sell", "timestamp": 1766188698617}, {"id": "789064775", "price": 857.0, "amount": 0.16, "side": "sell", "timestamp": 1766188698762}, {"id": "789064776", "price": 857.01, "amount": 0.04, "side": "buy", "timestamp": 1766188700391}, {"id": "789064777", "price": 857.01, "amount": 0.01, "side": "buy", "timestamp": 1766188700598}, {"id": "789064778", "price": 857.01, "amount": 0.41, "side": "buy", "timestamp": 1766188702279}, {"id": "789064779", "price": 857.0, "amount": 0.04, "side": "sell", "timestamp": 1766188702387}, {"id": "789064780", "price": 857.0, "amount": 1.12, "side": "sell", "timestamp": 1766188702895}, {"id": "789064781", "price": 856.99, "amount": 0.02, "side": "sell", "timestamp": 1766188702897}, {"id": "789064782", "price": 856.94, "amount": 0.02, "side": "sell", "timestamp": 1766188702910}, {"id": "789064783", "price": 856.94, "amount": 0.34, "side": "buy", "timestamp": 1766188703965}, {"id": "789064784", "price": 856.93, "amount": 0.02, "side": "sell", "timestamp": 1766188704200}, {"id": "789064785", "price": 856.92, "amount": 0.03, "side": "sell", "timestamp": 1766188704200}, {"id": "789064786", "price": 856.91, "amount": 0.02, "side": "sell", "timestamp": 1766188704200}, {"id": "789064787", "price": 856.9, "amount": 0.44, "side": "sell", "timestamp": 1766188704200}, {"id": "789064788", "price": 856.89, "amount": 0.02, "side": "sell", "timestamp": 1766188704200}, {"id": "789064789", "price": 856.88, "amount": 0.01, "side": "sell", "timestamp": 1766188704200}, {"id": "789064790", "price": 856.89, "amount": 0.01, "side": "buy", "timestamp": 1766188704899}, {"id": "789064791", "price": 856.88, "amount": 0.2, "side": "sell", "timestamp": 1766188704910}, {"id": "789064792", "price": 856.89, "amount": 0.06, "side": "buy", "timestamp": 1766188705341}, {"id": "789064793", "price": 856.88, "amount": 0.04, "side": "sell", "timestamp": 1766188705933}, {"id": "789064794", "price": 856.88, "amount": 0.02, "side": "sell", "timestamp": 1766188707459}, {"id": "789064795", "price": 856.87, "amount": 0.01, "side": "sell", "timestamp": 1766188707459}, {"id": "789064796", "price": 856.85, "amount": 0.01, "side": "buy", "timestamp": 1766188707763}, {"id": "789064797", "price": 856.85, "amount": 0.04, "side": "buy", "timestamp": 1766188708179}, {"id": "789064798", "price": 856.85, "amount": 0.07, "side": "buy", "timestamp": 1766188708742}, {"id": "789064799", "price": 856.85, "amount": 0.02, "side": "buy", "timestamp": 1766188709372}, {"id": "789064815", "price": 856.83, "amount": 0.03, "side": "sell", "timestamp": 1766188726892}, {"id": "789064816", "price": 856.83, "amount": 0.03, "side": "buy", "timestamp": 1766188727334}, {"id": "789064817", "price": 856.82, "amount": 0.01, "side": "sell", "timestamp": 1766188727679}, {"id": "789064818", "price": 856.83, "amount": 0.01, "side": "buy", "timestamp": 1766188728731}, {"id": "789064819", "price": 856.82, "amount": 3.03, "side": "sell", "timestamp": 1766188729350}, {"id": "789064820", "price": 856.82, "amount": 0.36, "side": "sell", "timestamp": 1766188731424}, {"id": "789064821", "price": 856.82, "amount": 0.08, "side": "sell", "timestamp": 1766188731851}, {"id": "789064822", "price": 856.82, "amount": 5.23, "side": "sell", "timestamp": 1766188734259}, {"id": "789064823", "price": 856.81, "amount": 15.05, "side": "sell", "timestamp": 1766188734260}, {"id": "789064824", "price": 856.8, "amount": 0.23, "side": "sell", "timestamp": 1766188734266}, {"id": "789064825", "price": 856.77, "amount": 0.04, "side": "sell", "timestamp": 1766188734275}, {"id": "789064826", "price": 856.76, "amount": 0.03, "side": "sell", "timestamp": 1766188734275}, {"id": "789064827", "price": 856.75, "amount": 0.23, "side": "sell", "timestamp": 1766188734554}, {"id": "789064828", "price": 856.76, "amount": 0.3, "side": "buy", "timestamp": 1766188734962}, {"id": "789064829", "price": 856.76, "amount": 0.01, "side": "buy", "timestamp": 1766188735221}, {"id": "789064830", "price": 856.76, "amount": 0.03, "side": "buy", "timestamp": 1766188735945}, {"id": "789064831", "price": 856.75, "amount": 0.46, "side": "sell", "timestamp": 1766188736221}, {"id": "789064832", "price": 856.75, "amount": 0.01, "side": "sell", "timestamp": 1766188737435}, {"id": "789064833", "price": 856.75, "amount": 0.01, "side": "sell", "timestamp": 1766188738355}, {"id": "789064834", "price": 856.76, "amount": 0.04, "side": "buy", "timestamp": 1766188739098}, {"id": "789064835", "price": 856.76, "amount": 0.01, "side": "buy", "timestamp": 1766188740267}, {"id": "789064836", "price": 856.75, "amount": 0.01, "side": "sell", "timestamp": 1766188741776}, {"id": "789064837", "price": 856.75, "amount": 0.01, "side": "sell", "timestamp": 1766188741979}, {"id": "789064838", "price": 856.75, "amount": 0.49, "side": "sell", "timestamp": 1766188742498}, {"id": "789064839", "price": 856.76, "amount": 0.01, "side": "buy", "timestamp": 1766188743309}, {"id": "789064840", "price": 856.76, "amount": 0.01, "side": "buy", "timestamp": 1766188744489}, {"id": "789064841", "price": 856.76, "amount": 0.01, "side": "buy", "timestamp": 1766188744866}, {"id": "789064842", "price": 856.76, "amount": 0.01, "side": "buy", "timestamp": 1766188745043}, {"id": "789064843", "price": 856.76, "amount": 0.01, "side": "buy", "timestamp": 1766188745161}, {"id": "789064844", "price": 856.75, "amount": 0.41, "side": "sell", "timestamp": 1766188745891}, {"id": "789064845", "price": 856.76, "amount": 0.01, "side": "buy", "timestamp": 1766188747448}, {"id": "789064846", "price": 856.75, "amount": 0.56, "side": "sell", "timestamp": 1766188748673}, {"id": "789064847", "price": 856.75, "amount": 0.4, "side": "sell", "timestamp": 1766188748838}, {"id": "789064848", "price": 856.76, "amount": 0.04, "side": "buy", "timestamp": 1766188751752}, {"id": "789064849", "price": 856.75, "amount": 5.8, "side": "sell", "timestamp": 1766188752377}, {"id": "789064850", "price": 856.76, "amount": 0.32, "side": "buy", "timestamp": 1766188752581}, {"id": "789064851", "price": 856.76, "amount": 1.91, "side": "buy", "timestamp": 1766188752943}, {"id": "789064852", "price": 856.75, "amount": 1.17, "side": "sell", "timestamp": 1766188752950}, {"id": "789064853", "price": 856.75, "amount": 0.19, "side": "sell", "timestamp": 1766188753554}, {"id": "789064854", "price": 856.75, "amount": 10.15, "side": "sell", "timestamp": 1766188755676}, {"id": "789064855", "price": 856.76, "amount": 0.21, "side": "buy", "timestamp": 1766188755920}, {"id": "789064856", "price": 856.75, "amount": 0.23, "side": "sell", "timestamp": 1766188755930}, {"id": "789064857", "price": 856.76, "amount": 0.74, "side": "buy", "timestamp": 1766188756092}, {"id": "789064858", "price": 856.76, "amount": 0.28, "side": "buy", "timestamp": 1766188756343}, {"id": "789064859", "price": 856.75, "amount": 0.08, "side": "sell", "timestamp": 1766188756425}, {"id": "789064860", "price": 856.75, "amount": 0.02, "side": "sell", "timestamp": 1766188757094}, {"id": "789064861", "price": 856.75, "amount": 0.14, "side": "sell", "timestamp": 1766188758574}, {"id": "789064862", "price": 856.74, "amount": 0.22, "side": "buy", "timestamp": 1766188760106}, {"id": "789064863", "price": 856.74, "amount": 0.01, "side": "buy", "timestamp": 1766188763288}, {"id": "789064864", "price": 856.73, "amount": 0.01, "side": "sell", "timestamp": 1766188763671}]